3278 5542
643 333 801 399 0000000
819 333 972 385 conessum.
1421 335 1486 404 121

125 491 206 556 tiore
231 509 290 554 uon
313 489 514 567 sufficientes,
538 498 571 555 et
593 492 807 572 utplurimum
830 492 1041 574 imaginarias,
1065 512 1162 558 vanas
1185 503 1218 559 et
1240 497 1354 572 ialsas,
1378 497 1488 579 partim

126 581 257 663 denique
280 580 400 644 omniuo
423 582 538 654 nullas,
561 582 767 644 enthusiasmo
791 583 939 644 calamum
962 582 1188 663 permittentem
1217 605 1275 666 quo
1304 585 1437 666 abrepti,
1461 586 1488 648 si

126 688 233 732 verum
257 671 408 732 interdum
430 671 551 746 dicant,
577 671 715 732 fortunae
739 670 929 733 tribuendum
952 679 1016 747 est,
1049 673 1095 734 sin
1119 674 1241 754 saepius
1278 683 1309 736 et
1335 682 1370 735 ut
1390 675 1488 755 pluri-

126 778 219 834 mum,
244 759 284 821 ab
308 759 409 821 altiori
433 769 465 822 et
489 759 606 821 occulto
631 760 730 840 aliquo
753 760 898 822 instinctu
922 761 952 823 id
975 762 1121 840 proficisci
1144 763 1310 842 putandum
1333 770 1391 826 est.

368 907 371 914 ,
701 847 833 910 Thesis
855 849 912 910 1v;

217 934 368 1016 Physicae
399 955 509 998 causae
542 937 660 1016 aliquae
688 937 727 998 ab
751 937 895 999 omuibus.
910 945 1126 1017 agnoscuntur,
1152 938 1270 1018 aliquae
1294 959 1313 1001 a
1335 940 1487 1020 paucissi-

124 1024 200 1088 mis:
226 1026 323 1087 multa
345 1044 462 1106 quoque
488 1025 622 1087 existunt
645 1027 824 1088 naturaliter
847 1026 985 1106 quidem,
1020 1028 1075 1089 sed
1102 1048 1140 1089 er
1170 1028 1270 1090 causis
1293 1030 1365 1090 nulli
1389 1031 1486 1092 adhuc

124 1114 279 1177 homiuum
303 1113 442 1193 coguitis.
488 1114 531 1176 Et
554 1133 712 1176 causarum
736 1134 810 1195 quas
834 1123 923 1177 uotas
947 1116 1110 1191 habemus,
1136 1117 1214 1178 aliae
1241 1125 1330 1192 sunt,
1362 1138 1486 1200 quarum
1554 1155 1561 1179 ι

124 1204 249 1266 modum
274 1211 305 1264 et
326 1204 475 1265 rationem
499 1203 696 1265 communiter
719 1222 821 1266 omues
850 1204 1062 1284 intelligimus;
1091 1206 1185 1278 aliae,
1214 1225 1340 1287 quarum
1367 1208 1487 1271 modum

126 1311 183 1355 seu
209 1311 320 1355 causas
342 1293 510 1355 mediantes
534 1292 582 1353 vel
605 1292 778 1373 paucissimi
800 1293 981 1373 intelligunt,
1006 1295 1055 1356 vel
1078 1313 1175 1357 nemo.

267 1433 270 1437 .
704 1381 840 1443 Thesis
864 1382 903 1444 V.

218 1467 466 1544 Generalissima,
492 1469 658 1532 fortissima
680 1477 712 1532 et
734 1470 904 1532 certissima
926 1490 1029 1545 causa,
1053 1478 1128 1533 nota
1151 1473 1287 1535 omnibus
1307 1470 1485 1548 homiuibus,

122 1566 175 1622 est
199 1557 301 1620 Solis
325 1577 467 1620 accessus
491 1566 523 1620 et
545 1578 692 1621 recessus.
739 1560 772 1621 Is
804 1559 906 1640 itaque
939 1559 1019 1622 circa
1046 1561 1187 1624 natalitia
1211 1560 1327 1625 Christi
1349 1560 1487 1623 brumam

121 1647 256 1722 conticit,
281 1647 328 1708 die
352 1647 495 1709 videlicet
517 1644 570 1710 21.
585 1648 772 1723 Decembris,
797 1649 887 1727 paulo
911 1655 982 1710 ante
1005 1657 1123 1711 sextam
1144 1651 1396 1730 pomeridianam:
1421 1650 1485 1711 001-

120 1737 242 1800 stitium
264 1755 336 1798 vero
359 1737 407 1798 die
430 1733 484 1799 21.
508 1736 591 1798 Jnuii
614 1735 739 1797 dimidia
762 1737 919 1799 undecima
942 1738 1049 1801 noctis.
1083 1739 1151 1802 Illic
1175 1740 1277 1821 itaque
1300 1737 1485 1823 frigushye-

120 1827 214 1896 male,
238 1823 287 1888 hic
310 1826 410 1887 servor
433 1825 567 1888 aestivus
590 1825 658 1888 erit.

543 1962 546 1970 .
702 1912 835 1975 Thesis
858 1913 916 1975 VI.
1479 1980 1486 1989 ,

215 2003 324 2065 Modus
347 2020 457 2064 causae
479 2009 568 2080 patet
590 2021 628 2064 ex
651 2001 855 2082 sequentibus.
901 2002 1020 2082 Pragae
1052 2001 1252 2065 Bohemorum
1280 2010 1329 2065 est
1356 2003 1485 2066 altitudo

121 2093 187 2174 poli
214 2089 257 2154 50
281 2089 320 2152 G.
346 2088 378 2153 5‘
401 2086 477 2153 45⁰.
523 2090 696 2153 Declinatio
728 2110 800 2152 vero
831 2090 988 2170 eclipticae
1013 2092 1069 2153 hoc
1092 2093 1194 2154 seculo
1218 2082 1265 2155 23χ
1283 2090 1322 2154 G.
1348 2088 1402 2154 31⁴
1421 2089 1487 2156 30“

121 2189 160 2245 ut
187 2200 254 2243 earn
283 2178 481 2260 deprehendit
507 2179 639 2258 phoenix
670 2180 722 2242 ille
747 2188 984 2242 astronomorum
1008 2181 1110 2262 Tycho
1133 2181 1251 2255 Brahe;
1282 2200 1368 2261 quern
1391 2199 1486 2262 nuper

120 2270 288 2341 amisimus.
322 2271 430 2348 Itaque
452 2265 515 2340 Sol,
532 2270 581 2350 qui
605 2269 692 2331 uobis
717 2276 822 2331 auctor
845 2269 954 2330 caloris
979 2277 1036 2344 est,
1061 2270 1167 2351 hyeme
1191 2288 1249 2332 nou
1273 2270 1374 2350 plures
1397 2289 1486 2351 quam

120 2359 261 2421 ihoras
289 2368 321 2420 et
354 2354 398 2420 49
432 2359 583 2437 scrupulax
613 2378 705 2438 supra
736 2358 922 2419 horizontem
958 2357 1057 2433 lucet,
1091 2366 1124 2420 et
1156 2359 1200 2420 sic
1232 2359 1316 2421 brevi
1350 2365 1484 2439 tempore

119 2456 261 2511 nostrum
285 2454 384 2509 adrem
408 2446 541 2521 calfacit,
567 2448 656 2527 duplo
681 2466 752 2508 vero
767 2446 878 2508 diutius
899 2454 931 2507 et
945 2447 1073 2526 amplius
1087 2447 1168 2509 infra
1181 2447 1367 2510 horizontem
1386 2448 1485 2510 lateus

120 2559 143 2600 a
167 2537 347 2600 calfactione
371 2543 482 2597 cessat.
531 2535 647 2599 Contra
677 2554 749 2597 vero
779 2542 898 2597 aestate
925 2531 965 2598 16
989 2536 1124 2616 integras
1148 2537 1237 2597 horas
1266 2545 1298 2598 et
1331 2534 1374 2598 22
1398 2556 1485 2599 scru-

118 2627 197 2710 pula
219 2644 312 2705 supra
333 2624 519 2687 horizontem
542 2625 572 2686 iu
596 2624 776 2687 calfactioue
800 2624 947 2704 persistit,
972 2624 1127 2706 minusque
1151 2625 1273 2691 dimidio
1294 2634 1428 2707 tempore
1447 2627 1485 2687 ab

120 2715 301 2797 operatione
325 2721 437 2776 cessat.

686 2799 820 2862 Thesis
844 2800 916 2863 VII.

215 2891 281 2954 Adr
304 2899 405 2953 autem
428 2897 547 2965 noster,
580 2896 614 2950 ut
636 2897 668 2950 et
691 2908 770 2968 aqua
793 2896 825 2949 et
847 2896 930 2950 terra
954 2891 1116 2968 (quatenus
1141 2888 1319 2951 elementum
1342 2893 1404 2965 est)
1428 2890 1486 2952 uisi

119 2980 267 3045 contiuuo
291 2982 430 3053 calfiant,
454 2979 559 3042 statim
583 2979 622 3039 ad
645 2986 784 3039 naturam
808 2997 895 3039 suam
917 2978 1060 3052 redeunt,
1085 2985 1117 3038 ct
1141 2976 1317 3057 frigescunt.
1362 2979 1487 3041 Falsum

120 3071 205 3133 euim
227 3077 276 3132 est
298 3069 371 3132 illud
395 3068 590 3131 Aristotelis:
617 3067 706 3129 Aeris
731 3074 871 3128 naturam
893 3085 948 3146 per
971 3086 1004 3128 se
1028 3085 1096 3128 esse
1119 3066 1261 3129 calidam.

679 3156 819 3217 Thesis
843 3156 932 3219 VIII.

214 3245 364 3327 Quicquid
387 3246 465 3308 enim
488 3241 617 3306 materiai
639 3245 818 3325 participat,
853 3253 1001 3325 quatenus
1025 3263 1062 3304 ea
1083 3244 1262 3325 participat,
1297 3263 1354 3306 sua
1376 3250 1486 3305 natura

122 3336 267 3416 frigidum
290 3343 348 3396 est.
374 3334 523 3414 Quicquid
547 3352 617 3394 vero
641 3341 793 3413 potestate
818 3334 947 3395 calidum
972 3340 1029 3406 est,
1052 3332 1084 3393 id
1107 3332 1201 3396 habet
1223 3352 1291 3395 eam
1310 3340 1449 3395 naturam
1468 3353 1488 3393 a

121 3426 155 3487 vi
180 3424 302 3487 animali
326 3432 379 3486 aut
402 3424 505 3496 insita,
529 3430 583 3484 aut
606 3441 652 3497 ea,
678 3442 753 3502 quae
777 3442 809 3483 se
834 3422 1000 3501 progenuit

696 3510 831 3572 Thesis
854 3510 910 3572 IX.

214 3602 326 3663 Altera
349 3608 381 3662 et
403 3599 503 3681 potior
527 3619 629 3669 causa,
653 3618 707 3661 cur
724 3598 778 3661 801
802 3600 883 3660 altus
906 3599 974 3678 plus
998 3596 1151 3670 calfaciat,
1175 3615 1265 3676 quam
1287 3595 1416 3670 humilis,
1437 3605 1487 3659 est

123 3691 211 3762 hacc,
237 3692 314 3771 quod
339 3689 391 3752 801
416 3689 538 3751 1001110
562 3688 680 3768 oblique
704 3696 736 3748 et
759 3686 899 3749 debiliter
922 3686 1107 3748 horizontem
1129 3695 1265 3747 nostrum
1288 3683 1375 3759 ferit,
1405 3684 1486 3746 altus

123 3799 197 3842 vero
221 3781 331 3859 angulo
354 3779 452 3858 magis
476 3787 558 3840 recto
583 3786 614 3839 et
638 3777 755 3838 fortius.
803 3775 943 3851 Causam,
969 3794 1020 3836 cur
1035 3773 1116 3836 Solis
1139 3774 1243 3836 radius
1267 3771 1486 3835 irnmateriatus

124 3870 174 3932 hic
198 3869 278 3930 idem
300 3876 446 3950 praestet,
472 3867 550 3948 quod
575 3867 675 3927 solent
699 3883 825 3944 corpora
848 3865 943 3925 densa
965 3863 1197 3944 materiataque,
1222 3862 1291 3924 dum
1310 3862 1367 3924 sibi
1381 3869 1484 3923 mutuo

125 3958 348 4039 impinguntur,
364 3976 451 4018 nemo
474 3956 620 4017 hactenus
644 3953 796 4035 explicare
819 3953 928 4032 potuit.

464 4039 467 4051 '
705 4043 840 4105 Thesis
863 4043 926 4104 X„

215 4136 322 4214 Itaque
346 4152 414 4195 cunr
437 4131 492 4194 Sol
515 4140 635 4194 aestate
660 4132 825 4212 quadruplo
850 4133 912 4193 iere
935 4130 1027 4192 altius
1050 4129 1168 4208 Pragae
1198 4127 1363 4209 pervadat,
1398 4145 1486 4208 quarn

125 4223 252 4307 hyeme:
288 4232 320 4285 et
352 4222 438 4302 hujus
472 4230 504 4283 et
531 4220 695 4301 superioris
718 4239 828 4282 causae
853 4220 1061 4300 conjunctione
1085 4218 1236 4297 sequitur,
1270 4218 1335 4299 ejus
1364 4217 1484 4291 caloris,

126 4314 175 4394 qui
206 4333 226 4374 a
258 4311 330 4374 Sole
362 4313 402 4373 ad
434 4313 585 4373 elementa
608 4311 656 4372 die
680 4311 796 4371 aestivo
821 4310 996 4389 longissimo
1021 4308 1191 4381 descendit,
1225 4305 1273 4368 die
1306 4305 1485 4369 brevissimo

125 4411 244 4482 partem
268 4409 409 4463 octavam
432 4419 491 4462 non
510 4400 577 4479 plus
596 4418 765 4480 superesse.

700 4487 835 4549 Thesis
857 4486 913 4549 XI.

215 4576 278 4641 Sed
302 4598 397 4659 neque
419 4578 495 4639 haec
520 4584 631 4639 octava
652 4595 724 4658 pars
748 4575 858 4637 caloris
881 4592 957 4656 quae
981 4573 1088 4653 hyeme
1110 4579 1266 4652 superest,
1298 4569 1384 4631 nobis
1411 4587 1485 4651 pro-

127 4671 196 4733 dest
230 4669 338 4730 omnis.
384 4669 464 4731 Nam
491 4665 546 4728 801
577 4667 683 4748 hyeme
710 4684 816 4746 parum
848 4683 940 4744 supra
968 4662 1153 4723 horizontem
1185 4667 1320 4722 nostrum
1349 4659 1485 4722 elevatus

127 4776 264 4823 crassum
296 4764 431 4819 nostrum
464 4763 564 4818 aerem
592 4755 690 4835 magis
718 4774 756 4816 ex
781 4753 900 4833 obliquo
924 4751 1017 4814 habet
1044 4749 1222 4831 oppositum.
1267 4747 1374 4811 Posito
1397 4748 1484 4823 euim,

127 4849 206 4929 quod
229 4847 403 4926 superficies
425 4845 528 4927 vapidi
552 4845 641 4920 aeris,
667 4845 717 4926 qui
736 4843 877 4923 refringit
895 4841 1034 4904 Solarem
1056 4838 1182 4913 radium,
1208 4837 1291 4899 absit
1312 4857 1333 4898 a
1349 4836 1437 4900 uobis
1455 4837 1486 4899 in
