3278 5542
574 351 603 405 ru
621 351 705 419 opes
722 345 981 420 ercongettae
998 354 1170 407 neam..
1336 334 1337 338 '
1435 352 1500 422 653

137 510 250 562 omnibus
271 512 321 562 iere
339 524 400 575 quos
420 509 498 561 edidit
515 512 582 563 libris
601 514 703 564 recurrit
731 514 838 564 innitens
857 513 968 565 theoriae
982 515 1085 565 Giiberti
1097 528 1216 579 suumque
1229 515 1254 564 in
1273 528 1344 565 usum
1363 515 1429 566 illam
1448 531 1501 567 ver-

136 590 201 631 tens.
239 583 367 647 Cepernici
386 581 532 646 hypothesin
552 598 568 635 a
586 584 694 634 (iiiberto
715 586 868 642 „admirabili
887 585 988 637 solertis
1006 587 1198 650 experiendique
1223 586 1344 637 industria
1362 588 1501 651 suppletam

137 654 210 701 esse¹⁴
231 661 318 705 censet
347 649 382 713 (v.
402 668 466 717 s.‚p.
488 651 551 716 2⁴³)
579 669 697 720 suamque
715 658 791 719 ipsius
817 659 905 716 „nimis
924 657 1091 707 confidenter“
1120 658 1152 706 ad
1177 659 1322 722 magnetica
1340 659 1444 708 Gilberti
1463 674 1501 709 re·

137 724 201 782 tert,
221 740 286 790 quae
304 725 455 774 sententiam
473 739 544 775 snarn
563 727 594 775 de
613 728 635 774 vi
655 729 788 777 attractiva
807 726 879 784 Solis,
905 728 936 778 de
955 729 1060 778 motibus
1079 728 1234 792 planetarum
1254 744 1386 795 eorumque
1405 730 1502 779 orbibus

137 793 254 860 eliipticis
274 795 420 846 confirmare
439 796 593 846 videbantur.

227 868 267 917 De
287 866 420 916 Gilbcrti
439 868 492 917 sita
509 866 571 918 baec
590 881 672 931 pauca
689 875 820 918 notamus:
840 876 914 918 natus
933 876 971 919 est
990 883 1011 918 c.
1031 869 1138 919 medinm
1150 869 1261 919 secninm
1273 869 1342 927 xvi,
1362 870 1502 921 medicinae

137 945 164 988 et
183 938 296 1002 chymiae
315 951 415 1000 operam
434 937 519 995 dabat,
538 940 612 1002 inque
630 939 667 988 his
687 940 780 988 artibus
798 939 865 989 baud
883 953 970 1003 pamm
988 941 1122 1003 proiecisse
1142 940 1245 997 ridetur.
1264 942 1300 989 ita
1317 947 1345 989 ut
1358 940 1502 992 Elisabeths

137 1011 244 1073 Angliae
267 1011 355 1073 regina
377 1009 423 1071 ipsi
441 1007 509 1057 band
526 1024 612 1072 parurn
631 1011 750 1059 tribueret
767 1010 906 1074 suiarioque
926 1025 1010 1059 annno
1030 1026 1085 1059 eum
1104 1011 1250 1064 sublavaret
1288 1012 1391 1060 Praeter
1415 1012 1502 1061 librum

138 1080 195 1138 „De
210 1079 344 1146 Magnete“
361 1081 520 1129 concinnavit
539 1080 595 1139 „De
608 1081 698 1129 mundo
712 1088 795 1129 nostro
808 1083 932 1131 sublunari
946 1082 1123 1145 philosophiam
1136 1082 1252 1135 novam“.
1262 1096 1336 1147 quam
1350 1083 1437 1133 Frater
1449 1083 1501 1133 Gii-

136 1152 208 1210 berti,
223 1159 323 1202 auctore
337 1164 402 1199 anno
419 1147 494 1200 160³.
508 1159 614 1209 mortno,
628 1152 660 1202 ad
673 1159 759 1216 typum
771 1152 903 1216 disposuitc
919 1152 1009 1216 prodiit
1022 1166 1088 1203 anuo
1102 1153 1199 1219 demum
1215 1149 1289 1201 titt.
1311 1154 1497 1204 amstelodami.

228 1238 256 1301 ii)
275 1254 300 1303 p.
320 1235 380 1287 352.
418 1239 553 1303 Keplernm
566 1240 665 1290 viduam
679 1240 775 1290 duxisse
790 1241 896 1290 Grastiis
915 1240 1044 1290 oriundam
1062 1242 1144 1305 ibique
1157 1242 1222 1290 bona
1243 1241 1409 1303 possidentem
1428 1255 1503 1305 supra

137 1313 174 1378 (p.
195 1309 242 1366 att
261 1311 373 1360 diximus.
411 1309 496 1360 Rebus
522 1313 546 1360 in
566 1310 650 1373 Styria
675 1319 762 1362 contra
788 1314 852 1362 cives
882 1311 982 1362 Lutheri
1002 1312 1060 1361 fidei
1079 1312 1191 1361 addictor
1210 1313 1288 1376 gestis
1306 1314 1387 1362 uxoris
1406 1327 1502 1377 qnoque

136 1383 239 1446 Kepleri
259 1385 360 1444 ejusque
379 1381 445 1430 filiae
464 1397 493 1430 ex
513 1384 591 1445 priore
609 1383 764 1431 matrimonio
783 1389 914 1446 susceptae
933 1379 1074 1447 (Reginae)
1100 1384 1167 1432 bona
1186 1382 1386 1440 infestabantur,
1407 1385 1502 1448 etipse
1578 1403 1580 1406 ·

136 1456 267 1520 plurimum
286 1452 430 1501 vexabatur.
458 1452 581 1502 Herwarti
600 1454 632 1503 ab
645 1453 796 1518 Hohenburg
820 1456 995 1503 intercessione
1016 1453 1139 1508 Cassiius.
1160 1454 1291 1504 Archiduci
1311 1454 1467 1503 Ferdinando
1487 1469 1503 1505 s

138 1525 264 1580 consiliis.
284 1523 390 1573 Grastiis
417 1538 455 1573 res
478 1523 580 1588 Kepleri
608 1523 757 1574 „benevole”
787 1525 912 1574 adfinem
931 1525 1060 1587 perduxit.
1091 1525 1148 1573 durn
1167 1526 1290 1590 Keplerns
1307 1540 1352 1588 per
1370 1523 1385 1574 ³
1404 1540 1502 1575 meuses

140 1598 193 1646 illic
211 1595 355 1645 versabatur
374 1592 443 1654 (inde
463 1594 494 1645 ab
512 1595 578 1646 lulio
597 1596 622 1644 in
642 1593 812 1658 Septembrem
831 1596 890 1644 anni
911 1593 999 1656 1605).
1100 1650 1103 1655 ,

232 1666 271 1716 De
289 1665 327 1715 his
347 1670 374 1715 et
390 1665 480 1715 salario
499 1681 542 1716 suo
562 1666 685 1730 Keplerus
704 1681 759 1715 cum
777 1666 907 1716 Hervarto
925 1666 988 1717 baec
1007 1681 1050 1731 per
1068 1666 1151 1715 literas
1171 1668 1238 1733 egit:

229 1756 278 1806 Die
298 1749 341 1803 ii.
362 1753 424 1803 Nov.
447 1751 522 1805 teos.
546 1755 733 1805 Hervartns
751 1754 860 1820 Keplero
879 1754 986 1818 scripsit:

228 1827 272 1876 Ais
291 1826 325 1877 D.
345 1825 463 1875 Pistorius
482 1825 535 1875 hier
553 1824 731 1891 durcbgereist,
749 1826 800 1876 hab
818 1826 859 1876 ich
877 1827 915 1875 nit
932 1824 1105 1882 unterlassen.
1124 1826 1266 1890 gabiirende
1286 1827 1369 1877 cilicia
1387 1827 1437 1878 und
1457 1828 1500 1878 Er·

135 1897 274 1963 liderengen
294 1912 324 1946 sn
345 1895 413 1952 tisun,
435 1912 461 1945 so
480 1898 561 1945 seiner
580 1897 636 1946 Zeis
654 1899 692 1945 nit
711 1898 774 1947 ohne
794 1896 886 1946 Frucbt
904 1897 1017 1961 abgehen
1036 1897 1142 1946 werden.

139 1978 141 1981 ·
218 1970 311 2033 Wegen
342 1967 386 2017 des
405 1968 485 2017 Herrn
504 1968 656 2017 bestimmter
673 1968 817 2034 Beseldung
835 1969 877 2016 bin
896 1967 953 2024 ich,
984 1968 1108 2017 vieiieicht
1130 1968 1194 2018 ohne
1220 1983 1375 2033 genugsame
1393 1969 1500 2028 Ursacb.

135 2042 182 2092 der
200 2039 368 2103 Entrlcbtnng
387 2035 539 2099 (solutionis)
557 2037 645 2088 halber
662 2038 791 2104 sorgieitig
809 2054 931 2104 gervesen.
969 2039 1003 2089 Es
1026 2040 1059 2088 ist
1081 2042 1128 2088 mir
1145 2040 1205 2090 aber
1224 2040 1323 2090 diesials
1342 2041 1501 2091 nochmuiies

135 2115 176 2162 nit
193 2113 282 2177 garing
300 2110 416 2165 Zvveiiei.
444 2110 495 2159 und
522 2110 581 2159 vvoit
599 2110 639 2159 ich
659 2110 713 2159 dem
731 2110 812 2159 Herrn
830 2110 982 2170 vriinschen,
1011 2110 1069 2159 dass
1097 2125 1123 2159 es
1142 2111 1194 2160 uiso
1213 2111 1327 2162 dennocb
1345 2112 1499 2162 simblicber-

135 2198 240 2233 massan
257 2181 354 2246 siriam,
372 2182 419 2230 vie
437 2194 496 2230 man
512 2195 542 2231 es
560 2181 667 2230 machet.
704 2180 749 2229 lcb
768 2188 825 2246 trag
844 2183 903 2231 aber
921 2183 1045 2245 Beysorg.
1072 2181 1165 2230 aniicos
1191 2190 1217 2231 et
1245 2198 1284 2232 res
1303 2183 1398 2232 aulicas
1417 2198 1499 2233 verns·

136 2254 233 2304 eschen
252 2254 293 2303 viii
315 2255 355 2302 ein
381 2251 495 2308 auderem
519 2251 625 2301 bevorab
648 2251 739 2301 mittier
758 2253 815 2305 Zeit
838 2253 888 2301 und
908 2267 981 2302 vanu
1000 2266 1058 2301 man
1078 2267 1105 2302 es
1122 2255 1229 2318 venigst
1246 2254 1353 2317 besorgt.
1391 2253 1441 2303 Sed
1459 2261 1498 2304 ta·

136 2327 216 2385 cebo,
243 2339 276 2373 ne
300 2324 400 2374 audiam
421 2334 506 2390 μαντι
533 2335 639 2380 sexus,
666 2313 701 2370 ori
725 2335 840 2372 πωποτε
864 2338 917 2391 μοι
942 2337 974 2371 ro
995 2335 1114 2391 κρηγιον
1138 2320 1228 2379 eluar.
1277 2323 1360 2375 Meide
1379 2339 1405 2373 es
1424 2325 1499 2375 allelu

137 2397 242 2453 darum,
270 2397 385 2460 qnoniam
405 2396 521 2458 praecisa
540 2394 593 2444 teia
611 2395 691 2442 minus
708 2402 818 2452 nocent,
838 2394 883 2444 das
902 2393 1087 2445 verhoii'entlich
1105 2395 1153 2444 deu
1173 2395 1272 2446 Sachen
1290 2397 1315 2443 in
1335 2395 1413 2446 ander
1431 2411 1501 2462 veeg

137 2467 244 2518 etlicber
260 2479 370 2523 massan,
392 2465 425 2515 da
443 2481 504 2515 man
521 2465 575 2515 sich
594 2464 751 2530 dergieichen
771 2481 802 2514 sn
820 2467 949 2531 besorgen,
968 2465 1025 2521 ratis
1042 2466 1092 2515 und
1111 2466 1190 2516 mittel
1209 2481 1240 2518 zu
1258 2465 1360 2517 cuchen.

137 2618 141 2622 ⁸
229 2554 269 2605 Ad
287 2555 350 2605 baec
369 2553 527 2619 Keplerus
545 2554 684 2618 respondit:

229 2628 257 2685 S.
278 2629 309 2683 P.
341 2633 371 2681 et
396 2627 490 2681 felicia
521 2627 640 2680 ineuntis
670 2625 735 2680 anni
757 2627 891 2698 auspicia.
933 2627 1019 2682 Binas
1041 2629 1092 2681 abs
1114 2634 1143 2681 te
1164 2627 1313 2700 Magnifice
1333 2627 1383 2682 Vir
1404 2629 1501 2700 accepi

139 2706 394 2779 literas'proximis
416 2707 489 2761 inter
509 2725 539 2760 se
561 2707 656 2761 diebus
678 2706 805 2777 scriptas,
828 2715 859 2761 at
880 2724 934 2761 non
955 2707 997 2761 ita
1015 2708 1108 2761 ordine
1123 2708 1254 2764 reddit-as.
1282 2709 1397 2762 Alteras
1410 2709 1500 2779 Main-

137 2789 243 2844 hardus
253 2789 332 2859 justo
347 2794 470 2858 tempore
486 2787 614 2850 tradidit;
637 2788 742 2841 alteras
757 2788 791 2841 D.
807 2787 953 2842 Annibalis
968 2787 1083 2841 ministri
1099 2794 1222 2854 tenuere,
1244 2789 1334 2859 quoad
1355 2788 1415 2858 ipse
1436 2788 1500 2842 iliae

138 2871 176 2925 ab
199 2869 261 2923 aliis
283 2869 418 2922 indicatas
449 2869 485 2922 ab
514 2867 569 2921 illis
598 2866 707 2936 repetii.
750 2866 865 2921 Factum
892 2875 936 2921 εει
965 2868 1069 2940 igitur,
1098 2875 1130 2921 ut
1157 2869 1262 2922 tardius
1295 2870 1499 2938 responderem.

137 2951 212 3006 Nam
232 2968 270 3005 ex
288 2949 427 3019 prioribus
448 2948 658 3011 intellexeram,
681 2945 805 3000 ultimum
827 2965 915 3001 meum
936 2965 1098 3018 responsum
1120 2950 1236 3002 nondum
1258 2948 1344 3002 inisse
1364 2948 1402 3002 Μ.
1424 2949 1501 3002 Tuae

136 3029 287 3086 traditum:
310 3029 379 3084 nibil
400 3028 487 3098 igitur
507 3027 687 3082 dubitandum
708 3033 778 3092 erat,
801 3028 866 3098 quin
887 3027 973 3093 brevi,
997 3029 1067 3099 quod
1088 3035 1118 3081 et
1139 3027 1250 3093 factum¹
1276 3030 1384 3082 alterae
1406 3034 1502 3082 essent
1560 3077 1563 3081 .

138 3126 312 3165 accessuras.
353 3109 457 3163 Passus
480 3113 573 3162 tamen
594 3125 653 3162 sum
674 3107 757 3162 ferias
778 3108 942 3178 praeterire,
965 3111 1000 3163 ob
1021 3108 1079 3163 alia
1099 3108 1259 3163 necessaria
1279 3107 1406 3180 negotiu
1429 3125 1501 3181 quae

138 3190 197 3246 scio
219 3192 292 3260 apud
314 3188 353 3242 Τε
374 3188 581 3243 excusationem
602 3204 716 3243 merere.

229 3268 373 3324 Beneficiis
395 3286 437 3322 sne
459 3270 600 3333 cumulas,
631 3276 662 3322 ut
683 3287 720 3323 ex
742 3266 866 3338 utrisque
888 3267 1035 3333 intellexi,
1067 3284 1141 3322 more
1163 3274 1218 3322 tuo.
1262 3269 1301 3323 Et
1320 3268 1371 3323 tibi
1393 3268 1501 3340 quidem

139 3349 223 3421 copia
244 3357 289 3405 est
311 3349 491 3403 inveniendae
513 3348 628 3402 subinde
649 3365 738 3403 novae
759 3349 875 3402 rat-ionis
897 3367 939 3402 me
958 3349 1143 3419 promovendi,
1165 3348 1232 3402 mihi
1251 3366 1316 3403 vero
1333 3365 1422 3403 novae
1437 3351 1501 3405 sub·

138 3433 203 3485 inde
224 3431 381 3502 gratiarum
402 3428 518 3483 actionis
540 3428 782 3482 comminiscendae
804 3445 857 3481 non
879 3428 996 3497 perinde.
1014 3429 1095 3498 copia
1116 3428 1249 3498 suppetit.
1284 3431 1428 3483 Accedant
1448 3429 1501 3484 ita·

138 3529 194 3582 quc
215 3508 276 3564 ista'
291 3526 398 3581 quoque
420 3510 455 3562 ad
476 3509 620 3578 pristinum
635 3509 785 3569 cumulum;
808 3524 858 3579 pro
878 3508 976 3577 quibus
999 3508 1067 3561 nibil
1081 3508 1156 3561 aliud
1171 3508 1260 3562 dicere
1274 3525 1394 3578 possum,
1420 3525 1501 3579 quam

140 3609 185 3644 me
207 3591 357 3662 diligenter
377 3590 448 3643 haec
470 3605 576 3659 quoque
598 3588 626 3642 in
648 3589 807 3658 catalogum
828 3587 941 3641 referre.

231 3671 308 3732 Quae
329 3670 356 3723 in
376 3669 514 3740 prioribus
536 3670 586 3722 abs
601 3670 639 3722 Μ.
655 3670 715 3723 Tua
736 3671 769 3721 de
788 3684 848 3720 meo
870 3675 947 3722 statu
969 3674 1108 3738 suggesta
1126 3666 1192 3722 mihi
1206 3672 1279 3731 sunt,
1302 3673 1411 3721 attente
1426 3668 1500 3739 legi:

139 3757 272 3816 caetera,
295 3766 365 3823 quae
386 3767 441 3803 non
461 3750 563 3802 debent
585 3764 604 3802 a
622 3767 666 3802 nse
687 3747 846 3818 expectari,
868 3755 901 3801 ut
921 3764 940 3802 a
960 3755 988 3802 te
1009 3748 1135 3801 dicantur
1156 3745 1296 3817 apertius,
1319 3765 1355 3801 ex
1377 3764 1419 3800 me
1440 3748 1501 3818 ipso

138 3830 276 3900 conjicere
296 3828 383 3901 potui.
426 3829 502 3882 Vera
521 3845 632 3893 mones,
664 3835 693 3883 et
714 3846 785 3899 quae
806 3845 849 3881 me
871 3845 931 3881 cum
953 3827 1041 3892 alias,
1073 3835 1130 3881 tum
1160 3844 1225 3880 vero
1255 3827 1392 3891 maxime,
1423 3834 1500 3897 post·

138 3926 222 3982 quam
244 3927 261 3964 a
282 3917 310 3964 te
331 3909 472 3963 inculcata
493 3915 575 3972 sunt,
598 3908 717 3963 maxime
748 3909 895 3963 sollicitum
925 3913 1039 3969 tenent;
1068 3911 1116 3961 sed
1138 3908 1251 3962 frustra.
1295 3906 1365 3968 Quid
1385 3909 1501 3977 prodest

139 3991 214 4045 enim
234 3990 390 4045 sollicitudo
412 3989 471 4042 sine
493 3988 624 4044 consilio?
653 3990 726 4043 Sane
747 4009 781 4042 eo
803 3991 862 4059 ipso
884 3994 1015 4059 ternpore,
1039 4005 1091 4058 quo
1113 3989 1209 4042 literas
1231 3988 1334 4056 accepi,
1358 3987 1385 4041 in
1406 3987 1501 4041 diiiici·

138 4072 213 4126 libus
235 4071 371 4125 versabar
392 4067 626 4140 cogitationibus,
656 4078 813 4140 suspectam
834 4070 940 4122 habens
962 4086 1067 4122 onmem
1089 4069 1161 4122 hanc
1180 4065 1405 4138 promissionem,
1428 4069 1500 4140 quod

140 4169 196 4206 non
217 4156 410 4205 numeraretur
430 4168 446 4202 e
467 4148 595 4219 vestigio.

229 4232 384 4285 Numerata
413 4236 506 4283 tamen
536 4237 581 4282 est
601 4247 638 4283 ex
659 4227 767 4282 dimidio
789 4245 824 4283 ee
845 4245 967 4294 summa,
998 4232 1031 4284 de
1062 4228 1168 4298 reliquo
1195 4236 1273 4283 certa
1300 4227 1365 4282 mihi
1387 4246 1450 4299 spes
1472 4227 1501 4285 in

137 4311 280 4382 proximos
302 4312 359 4364 dies
381 4310 466 4364 iacta.
508 4309 604 4380 Neque
635 4317 726 4363 tamen
752 4309 846 4363 desino
868 4310 909 4363 ita
928 4309 1046 4375 leviter,
1078 4309 1143 4381 quin
1164 4327 1257 4363 omnes
1279 4309 1499 4365 circumstantias

138 4391 223 4460 hujus
245 4392 328 4446 aulae
348 4395 378 4444 et
398 4389 584 4460 praesentium
607 4389 780 4460 negotiorum
795 4389 944 4461 diligenter
962 4392 1126 4460 expendam.
1156 4389 1266 4444 Utinam
1284 4389 1326 4443 ita
1344 4389 1372 4443 in
1390 4394 1500 4459 promtu

138 4471 206 4525 rnihi
228 4471 265 4527 sit
285 4471 380 4541 aliqua
400 4473 430 4523 et
449 4468 633 4539 providentia.
673 4473 715 4522 Ac
745 4486 799 4540 ego
827 4476 877 4523 tua
901 4470 988 4523 verba
1013 4486 1080 4524 sane
1102 4487 1155 4524 non
1176 4477 1284 4524 tantum
1305 4476 1337 4523 ut
1364 4469 1499 4523 monentis

139 4552 257 4623 accipio,
278 4552 325 4605 sed
347 4550 432 4604 etiam
453 4557 483 4603 ut
505 4549 647 4603 consilium
668 4549 825 4612 deferentis,
848 4567 902 4602 non
923 4550 1049 4614 obscura,
1072 4551 1095 4603 si
1116 4551 1221 4621 quidem
1241 4549 1268 4603 id
1287 4566 1341 4620 ego
1360 4550 1411 4603 sim
1431 4567 1496 4604 con-

139 4638 280 4702 cepturae.
324 4630 416 4693 Quare
438 4629 488 4684 tibi
509 4628 717 4699 significandum
739 4637 838 4700 aperte
859 4635 918 4683 est:
949 4647 991 4684 me
1019 4637 1149 4700 paratum
1169 4648 1230 4684 esse
1252 4637 1282 4683 et
1302 4636 1441 4685 attentum
1463 4631 1498 4686 ad

139 4711 345 4785 percipiendum
366 4712 417 4764 abs
439 4716 485 4774 te,
516 4726 634 4781 quonam
664 4711 743 4765 modo
772 4710 855 4763 rebus
885 4708 952 4763 meis
980 4710 1008 4764 in
1029 4710 1135 4765 inituros
1158 4727 1238 4764 casus
1260 4709 1411 4765 rectissime
1434 4727 1497 4780 pro·

139 4800 265 4863 spectum
278 4791 312 4847 iri
326 4806 449 4856 censeas.
472 4806 560 4859 neque
580 4797 687 4844 tantum
706 4795 822 4860 paratus
842 4806 901 4845 sum
921 4791 956 4844 ad
971 4789 1143 4855 audiendum,
1165 4793 1214 4846 sed
1228 4797 1257 4845 ει
1271 4793 1306 4845 ad
1321 4794 1497 4862 sequendum,

139 4889 196 4946 qua
216 4873 282 4927 mibi
302 4871 385 4936 licet,
416 4871 440 4927 si
461 4871 532 4940 quod
553 4869 604 4926 tibi
625 4887 680 4926 nou
700 4869 842 4926 consilium
863 4875 989 4934 tanturn,
1020 4873 1068 4925 aed
1094 4870 1222 4939 junctum
1252 4872 1386 4929 auxilium
1413 4871 1498 4929 sitin
