3278 5542
838 94 864 137 tc

143 299 164 363 2
738 300 901 365 prooemium.
945 296 953 311 ⁰

143 462 191 533 iis,
214 480 289 542 quae
313 460 342 522 in
366 480 421 522 usu
445 468 523 536 sunt,
548 462 676 536 auxiliis,
701 480 779 523 nova
801 470 889 541 paret
903 479 995 535 arma,
1021 459 1126 539 quibus
1149 478 1183 520 se
1207 457 1342 520 omnibus
1365 453 1493 536 impedi-

143 568 255 629 mentis
276 568 457 646 superiorem
481 568 544 628 fore
563 579 676 646 sperat.
714 562 805 639 Quod
819 568 899 630 idem
913 567 1044 647 Keplero
1057 566 1192 628 videmus
1207 566 1353 627 evenisse.
1392 561 1495 633 Videt,

143 682 326 755 quantopere
348 683 485 754 praestet
509 671 717 754 Copernicsua
739 673 816 736 ratio
839 673 1052 747 Ptolemaicae,
1077 693 1134 734 non
1159 673 1292 752 ignorat,
1316 688 1404 751 quam
1428 669 1495 730 soe-

142 781 239 842 cunda
262 798 393 842 errorum
416 788 513 842 mater
536 779 577 842 sit
601 779 776 861 astrologia.
813 780 859 843 At
879 780 960 843 illinc
976 777 1213 859 Copernicanam
1232 778 1377 840 rationem
1396 775 1493 837 desti-

143 896 238 948 tutam
262 886 345 948 videt
367 888 459 948 certis
483 889 675 966 argumentis,
700 886 770 951 hino
792 869 989 965 astrologiam
1008 887 1136 948 omnium
1156 891 1291 946 aetatum
1311 882 1494 945 auctoritate

141 992 272 1055 defendi.
310 988 392 1062 Quid
415 992 527 1072 igitur?
551 993 649 1068 cedet,
674 995 774 1068 credo,
799 993 844 1055 vir
866 1012 996 1055 summus
1015 1002 1181 1073 tempomm
1203 1009 1359 1070 rerumque
1382 988 1493 1069 iniqui-

141 1098 221 1163 tati?
267 1099 330 1161 lmo
352 1116 424 1160 vero
449 1099 592 1161 fortitudo
617 1099 707 1162 animi
730 1078 788 1161 non
817 1098 934 1178 defugit
957 1104 1129 1172 conamen,
1160 1098 1313 1177 sagacitas
1342 1095 1494 1157 ministrat

141 1225 239 1282 arma,
268 1205 421 1267 indelessa
444 1204 591 1267 industria
614 1207 747 1286 miraque
772 1203 944 1268 constantia
966 1204 1005 1267 ad
1028 1223 1109 1279 eum,
1134 1223 1221 1286 quern
1245 1202 1376 1284 quaerit,
1406 1202 1494 1263 finem

140 1312 316 1390 perducunt.
341 1343 383 1354 -
407 1311 452 1373 At
475 1313 622 1393 Keplerus
645 1332 715 1375 num
738 1332 770 1374 re
793 1331 866 1374 vera
894 1313 996 1386 linem,
1027 1328 1113 1391 quem
1141 1311 1302 1389 quaesivit,
1334 1315 1493 1370 assecutus

141 1419 210 1480 est?
255 1417 434 1481 Mundomm
457 1417 613 1481 harmonia
634 1419 841 1500 praesagienti
864 1419 944 1480 illins
969 1418 1065 1479 animo
1088 1417 1304 1479 obversabatur
1312 1435 1321 1489 ;
1347 1415 1386 1477 ad
1409 1414 1493 1476 illam

140 1524 379 1604 cognoscendam
405 1525 504 1586 divino
529 1526 656 1605 quodam
679 1525 792 1606 impetn
816 1524 973 1603 abreptus,
1005 1541 1172 1603 quanquam
1196 1521 1331 1583 omnibus
1355 1521 1492 1582 fortunae

140 1631 209 1693 telis
232 1630 356 1712 petitus,
381 1632 469 1693 stetit
492 1631 670 1712 impavidus,
695 1650 893 1712 aerumnaque
917 1639 949 1692 et
972 1628 1157 1709 aegritudine
1183 1629 1238 1690 fuit
1261 1627 1405 1707 superior.
1451 1626 1494 1689 Et

139 1737 177 1799 ah
200 1737 252 1798 illo
277 1737 408 1819 quidem,
437 1737 516 1817 quod
539 1738 721 1819 quaerebat,
750 1736 871 1818 penitus
899 1735 1108 1817 cognoscendo
1137 1754 1225 1815 quarn
1248 1753 1341 1816 prope
1364 1734 1493 1803 affuerit,

139 1851 291 1905 testantur·
314 1853 377 1906 tres
401 1843 471 1906 illae
496 1845 533 1906 ab
557 1863 592 1905 eo
617 1843 756 1906 inventae
779 1844 861 1925 leges
879 1842 1075 1918 immortales,
1101 1840 1216 1921 quibus,
1241 1841 1492 1915 utfundamento‚

138 1968 214 2030 quae
238 1957 360 2012 nostrae
384 1951 495 2012 aetatis
524 1961 585 2025 est,
615 1951 741 2032 physica
764 1959 796 2013 et
818 1950 1003 2013 astronomia
1026 1955 1233 2029 superstmcta
1255 1956 1312 2010 est.
1339 1949 1492 2010 -Pro-

138 2055 282 2118 dromus
302 2055 430 2136 quidem,
456 2057 527 2119 licet
545 2056 612 2119 illas
628 2057 714 2137 leges
731 2076 789 2119 non
805 2059 928 2132 referat,
953 2063 1064 2129 tamen,
1086 2054 1156 2136 quid
1169 2053 1247 2117 hunc
1264 2055 1493 2134 „prodromum“

137 2170 308 2224 secuturum
332 2171 424 2237 esset,
448 2163 611 2244 Keplerum
634 2164 733 2226 animo
752 2165 818 2244 jam
842 2172 904 2225 tum
927 2170 1120 2243 praeceptum
1139 2161 1290 2237 habuisse,
1315 2161 1404 2226 titulo
1428 2161 1492 2244 ipso

138 2268 261 2331 indicat.
303 2271 377 2350 ,Ipse
402 2278 503 2332 antem
527 2270 583 2331 hac
607 2270 644 2331 de
668 2291 699 2333 re
725 2271 798 2333 dicit
820 2271 850 2332 in
874 2279 946 2333 nota
970 2269 1008 2331 ad
1033 2270 1153 2331 titulum
1179 2268 1265 2339 libri,
1294 2268 1419 2331 editioni
1440 2287 1489 2330 se·

137 2375 252 2438 cundae
267 2377 420 2455 praefixa:
447 2376 632 2457 „Postquam
647 2376 686 2436 ad
701 2374 908 2458 philosophiae
923 2374 1053 2436 studium
1068 2374 1193 2450 accessi,
1209 2394 1287 2436 anno
1302 2373 1415 2436 aetatis
1433 2369 1490 2449 ¹8„

137 2502 167 2542 a.
183 2479 239 2543 Ch.
258 2477 353 2556 1589,
378 2481 578 2544 versabantur
601 2481 629 2543 in
650 2481 786 2543 manibus
800 2481 969 2562 juventutis
989 2479 1222 2543 exercitationes
1241 2480 1412 2543 exotericas
1430 2479 1493 2542 Jul.

138 2585 228 2650 Caes.
245 2586 410 2668 Scaligeri:
435 2589 520 2668 cujus
545 2607 600 2668 ego
624 2587 692 2649 libri
716 2585 873 2648 occasione
898 2586 982 2667 coepi
1006 2585 1176 2648 successive
1199 2585 1286 2647 varia
1308 2584 1493 2648 comminisci

137 2694 174 2757 de
197 2694 291 2758 variis
315 2695 550 2775 quaestionibus,
575 2702 609 2756 nt
632 2694 669 2754 de
693 2693 788 2766 coelo,
813 2693 849 2754 de
874 2693 991 2768 animis,
1016 2692 1053 2754 de
1077 2691 1182 2773 geniis,
1208 2693 1244 2755 de
1265 2693 1430 2766 elementis,
1455 2693 1495 2753 de

138 2800 216 2882 ignis
235 2809 352 2877 natura,
379 2802 415 2863 de
440 2801 566 2863 fontium
591 2800 715 2880 origine,
740 2801 776 2862 de
796 2802 876 2862 fluxu
900 2808 931 2861 et
953 2801 1067 2862 refluxu
1090 2799 1191 2875 maris,
1216 2800 1253 2861 de
1276 2801 1370 2881 figura
1393 2800 1495 2861 conti-

136 2906 270 2971 nentium
298 2916 445 2970 terrarum
476 2908 745 2988 interiusorumque
769 2907 894 2969 marium
918 2917 950 2969 et
972 2906 1092 2969 similis.
1133 2906 1248 2969 Verum
1271 2925 1335 2970 cum
1360 2905 1494 2968 inventio

136 3015 198 3077 ista
219 3014 422 3097 proportionis
447 3013 562 3076 orbium
586 3013 760 3076 coelestium
784 3013 856 3076 mihi
879 3013 1031 3075 videretur
1052 3011 1173 3084 eximia,
1197 3032 1256 3076 non
1275 3013 1495 3095 expectandum

136 3119 208 3181 mihi
231 3139 297 3181 sum
320 3128 418 3195 ratos,
444 3120 537 3182 donec
562 3138 665 3183 omnes
688 3127 814 3181 naturae
836 3127 940 3201 partes
963 3137 1162 3200 pervagarer,
1185 3139 1239 3182 nec
1262 3121 1318 3183 hoc
1341 3120 1495 3184 inventurn

135 3225 232 3289 obiter
255 3227 471 3307 evulgandum,
497 3227 665 3306 conjectum
689 3227 719 3288 in
743 3227 890 3288 cumulum
909 3227 1117 3307 quaestionum
1141 3234 1317 3304 ceterarum,
1340 3228 1400 3290 levi
1416 3246 1493 3308 qua-

137 3335 207 3396 dam
230 3333 446 3414 probabilitate
470 3334 628 3396 utentium.
675 3331 755 3405 Quin
778 3333 878 3413 potins
902 3333 940 3395 ab
963 3333 1052 3413 hujus
1079 3333 1195 3396 inventi
1223 3334 1354 3398 editione
1376 3335 1494 3398 initium

137 3440 384 3502 dissertationum
414 3459 547 3502 mearum
578 3442 678 3502 lacere
696 3439 842 3520 placuit:
877 3458 1026 3520 aususque
1056 3456 1122 3502 sum
1148 3440 1179 3503 in
1207 3441 1342 3503 omnibus
1370 3442 1493 3524 reliquia

137 3546 365 3628 quaestionibus
389 3546 516 3609 similem
539 3565 661 3627 sperare
684 3564 875 3608 successum:
901 3545 955 3608 sed
979 3547 1101 3623 frustra,
1126 3548 1241 3610 coelum
1265 3548 1353 3624 onim,
1378 3549 1491 3632 princi·

135 3654 217 3735 pium
236 3672 360 3734 operum
377 3654 445 3724 Dei,
470 3655 557 3735 longe
577 3653 829 3734 praestantiorem
854 3659 991 3714 omatum
1013 3651 1114 3730 habet,
1138 3672 1227 3734 quam
1242 3653 1357 3734 reliqua
1377 3656 1494 3718 minuta

136 3772 167 3821 et
183 3761 264 3822 vilia.
298 3761 404 3842 ltaque
424 3763 636 3842 prodromus
655 3759 775 3841 quidem
790 3760 928 3840 egregius
944 3759 1020 3822 fuit:
1045 3759 1250 3842 epidromos
1269 3781 1350 3836 vero,
1374 3762 1492 3843 qualem

138 3887 193 3945 ego
217 3876 288 3927 tunc
311 3886 533 3948 proposueram,
557 3867 656 3929 nullus
681 3874 728 3927 est
746 3875 884 3928 secutus:
910 3866 978 3948 qnia
1002 3864 1031 3926 ih
1051 3866 1173 3947 reliquis
1193 3866 1417 3945 quaestiouibus
1438 3887 1489 3930 ne·

137 3990 285 4051 quaquam
314 3973 385 4032 mihi
414 3991 507 4052 aeque
536 3971 771 4035 satisfaciebam.
818 3973 929 4032 Lector
957 3978 1057 4032 tamen
1086 3988 1178 4050 opera
1199 3991 1267 4034 mea
1290 3976 1493 4037 astronomica

136 4088 167 4138 et
197 4076 329 4157 inprimis
360 4077 451 4138 libros
475 4078 737 4151 Harmonicorum,
768 4096 822 4157 pro
846 4077 972 4156 genuino
1001 4085 1033 4138 et
1060 4077 1179 4158 proprio
1203 4080 1356 4159 epidromo
1379 4081 1491 4145 habere

136 4185 248 4263 poterit
274 4185 360 4263 hujus
386 4184 495 4257 libelli;
520 4184 589 4264 quia
612 4185 718 4246 eadem
742 4184 877 4265 utrinqne
900 4183 951 4244 via
974 4183 1115 4246 curritur:
1140 4203 1274 4267 quaeque
1298 4194 1369 4250 tunc
1391 4189 1491 4271 impe-

136 4295 201 4356 dita
220 4295 297 4356 satis
321 4304 395 4367 erat,
421 4294 504 4353 facta
527 4311 603 4353 nunc
627 4300 676 4352 est
697 4291 865 4365 tritissima,
887 4299 919 4351 et
934 4310 1010 4370 quae
1029 4300 1100 4354 tunc
1114 4291 1214 4355 brevis
1234 4314 1288 4356 nec
1308 4295 1347 4355 ad
1366 4314 1491 4376 scopum

138 4402 323 4481 pertingens,
347 4401 401 4463 illa
424 4409 455 4461 et
478 4397 669 4459 continuatur
693 4397 721 4458 in
736 4398 935 4473 Harmonicis,
960 4409 992 4460 et
1014 4417 1115 4460 curma
1139 4397 1220 4461 circa
1241 4408 1354 4462 metam
1377 4402 1490 4481 agitur.

136 4508 220 4570 Talis
235 4508 292 4570 fuit
307 4507 492 4589 prodromus,
517 4503 671 4584 navigatio
691 4505 788 4586 prima
802 4504 935 4566 Americi
951 4505 1104 4587 Vespucii,
1128 4506 1206 4568 tales
1231 4506 1374 4587 epidromi
1397 4510 1490 4572 navi-

136 4615 274 4694 gationes
298 4613 461 4675 hodiernae
486 4630 601 4672 annuae
626 4609 654 4670 in
678 4611 880 4672 Amerinam.“

223 4720 269 4781 De
285 4720 372 4782 titulo
392 4717 591 4801 „Mysterium
606 4715 910 4799 Cosmographi0u1n“
932 4720 1005 4781 haec
1020 4719 1123 4781 eodem
1138 4720 1203 4782 loco
1219 4720 1324 4783 addit:
1350 4720 1492 4796 „Extant

136 4829 216 4909 apud
241 4826 409 4891 Germanos
432 4825 693 4906 cosmographiae,
725 4825 873 4886 Mussteri
901 4826 1099 4907 aliorumque,
1130 4827 1179 4889 uhi
1207 4827 1244 4891 de
1271 4834 1339 4891 toto
1365 4829 1490 4935 guidem
