<?xml version="1.0" encoding="UTF-8"?>
<!DOCTYPE html PUBLIC "-//W3C//DTD XHTML 1.0 Transitional//EN"
    "http://www.w3.org/TR/xhtml1/DTD/xhtml1-transitional.dtd">
<html xmlns="http://www.w3.org/1999/xhtml" xml:lang="en" lang="en">
 <head>
  <title>
</title>
<meta http-equiv="Content-Type" content="text/html;charset=utf-8" />
  <meta name='ocr-system' content='tesseract 3.04.00' />
  <meta name='ocr-capabilities' content='ocr_page ocr_carea ocr_par ocr_line ocrx_word'/>
</head>
<body>
  <div class='ocr_page' id='page_1' title='image "./joanniskepleria17frisgoog_0153.png"; bbox 0 0 3278 5542; ppageno 0'>
   <div class='ocr_carea' id='block_1_1' title="bbox 744 341 1075 409">
    <p class='ocr_par' dir='ltr' id='par_1_1' title="bbox 744 341 1075 409">
     <span class='ocr_line' id='line_1_1' title="bbox 744 341 1075 409; baseline 0 -16"><span class='ocrx_word' id='word_1_1' title='bbox 744 342 856 406; x_wconf 65' lang='lat' dir='ltr'><strong>umen</strong></span> <span class='ocrx_word' id='word_1_2' title='bbox 874 341 1075 409; x_wconf 56' lang='lat' dir='ltr'><strong>omenque</strong></span> 
     </span>
    </p>
   </div>
   <div class='ocr_carea' id='block_1_2' title="bbox 314 535 1588 842">
    <p class='ocr_par' dir='ltr' id='par_1_2' title="bbox 314 535 1588 842">
     <span class='ocr_line' id='line_1_2' title="bbox 700 535 1127 609; baseline -0.007 -6"><span class='ocrx_word' id='word_1_3' title='bbox 700 538 745 603; x_wconf 81' lang='lat' dir='ltr'><strong>IN</strong></span> <span class='ocrx_word' id='word_1_4' title='bbox 769 536 909 602; x_wconf 78' lang='lat' dir='ltr'>CAPUT</span> <span class='ocrx_word' id='word_1_5' title='bbox 932 535 1127 609; x_wconf 82' lang='lat' dir='ltr'>QUINTUM</span> 
     </span>
     <span class='ocr_line' id='line_1_3' title="bbox 769 659 1059 713; baseline -0.007 -2"><span class='ocrx_word' id='word_1_6' title='bbox 769 660 863 713; x_wconf 78' lang='lat' dir='ltr'><strong>NOTA</strong></span> <span class='ocrx_word' id='word_1_7' title='bbox 881 659 1059 713; x_wconf 74' lang='lat' dir='ltr'><strong>aucroms.</strong></span> 
     </span>
     <span class='ocr_line' id='line_1_4' title="bbox 314 763 1588 842; baseline -0.009 -14"><span class='ocrx_word' id='word_1_8' title='bbox 314 769 344 839; x_wconf 86' lang='lat' dir='ltr'><strong>a)</strong></span> <span class='ocrx_word' id='word_1_9' title='bbox 371 772 417 827; x_wconf 77' lang='lat' dir='ltr'><strong>Ex</strong></span> <span class='ocrx_word' id='word_1_10' title='bbox 440 770 538 842; x_wconf 80' lang='lat' dir='ltr'><strong>anguli</strong></span> <span class='ocrx_word' id='word_1_11' title='bbox 561 785 598 823; x_wconf 80' lang='lat' dir='ltr'><strong>ac.</strong></span> <span class='ocrx_word' id='word_1_12' title='bbox 622 768 692 822; x_wconf 88' lang='lat' dir='ltr'><strong>recti</strong></span> <span class='ocrx_word' id='word_1_13' title='bbox 721 767 895 838; x_wconf 72' lang='lat' dir='ltr'><strong>aptitudine,</strong></span> <span class='ocrx_word' id='word_1_14' title='bbox 926 774 956 821; x_wconf 92' lang='lat' dir='ltr'><strong>et</strong></span> <span class='ocrx_word' id='word_1_15' title='bbox 979 769 1050 838; x_wconf 88' lang='lat' dir='ltr'><strong>quod</strong></span> <span class='ocrx_word' id='word_1_16' title='bbox 1073 767 1160 821; x_wconf 87' lang='lat' dir='ltr'><strong>omnis</strong></span> <span class='ocrx_word' id='word_1_17' title='bbox 1189 766 1218 820; x_wconf 89' lang='lat' dir='ltr'><strong>in</strong></span> <span class='ocrx_word' id='word_1_18' title='bbox 1244 763 1418 819; x_wconf 70' lang='lat' dir='ltr'>semicirculo</span> <span class='ocrx_word' id='word_1_19' title='bbox 1440 770 1534 819; x_wconf 71' lang='lat' dir='ltr'><strong>notua</strong></span> <span class='ocrx_word' id='word_1_20' title='bbox 1552 772 1588 816; x_wconf 80' lang='lat' dir='ltr'><strong>ert</strong></span> 
     </span>
    </p>
   </div>
   <div class='ocr_carea' id='block_1_3' title="bbox 234 853 365 925">
    <p class='ocr_par' dir='ltr' id='par_1_3' title="bbox 234 853 365 925">
     <span class='ocr_line' id='line_1_5' title="bbox 234 853 365 925; baseline -0.008 -15"><span class='ocrx_word' id='word_1_21' title='bbox 234 853 365 925; x_wconf 77' lang='lat' dir='ltr'><strong>angulus.</strong></span> 
     </span>
    </p>
   </div>
   <div class='ocr_carea' id='block_1_4' title="bbox 826 970 1011 983">
    <p class='ocr_par' dir='ltr' id='par_1_4' title="bbox 826 970 1011 983">
     <span class='ocr_line' id='line_1_6' title="bbox 826 970 1011 983; baseline -0.027 0"><span class='ocrx_word' id='word_1_22' title='bbox 826 970 1011 983; x_wconf 40' lang='grc' dir='ltr'><strong>ψ</strong></span> 
     </span>
    </p>
   </div>
   <div class='ocr_carea' id='block_1_5' title="bbox 554 1109 1275 1350">
    <p class='ocr_par' dir='ltr' id='par_1_5' title="bbox 554 1109 1267 1350">
     <span class='ocr_line' id='line_1_7' title="bbox 813 1109 1023 1210; baseline -0.014 -25"><span class='ocrx_word' id='word_1_23' title='bbox 813 1110 933 1210; x_wconf 90' lang='lat' dir='ltr'><strong>Caput</strong></span> <span class='ocrx_word' id='word_1_24' title='bbox 960 1109 1023 1183; x_wconf 90' lang='lat' dir='ltr'><strong>VI.</strong></span> 
     </span>
     <span class='ocr_line' id='line_1_8' title="bbox 554 1265 1275 1350; baseline -0.004 -19"><span class='ocrx_word' id='word_1_25' title='bbox 554 1268 649 1347; x_wconf 75' lang='lat' dir='ltr'><strong>Quod</strong></span> <span class='ocrx_word' id='word_1_26' title='bbox 671 1270 754 1332; x_wconf 80' lang='lat' dir='ltr'><strong>iuter</strong></span> <span class='ocrx_word' id='word_1_27' title='bbox 777 1267 887 1332; x_wconf 83' lang='lat' dir='ltr'><strong>Jovem</strong></span> <span class='ocrx_word' id='word_1_28' title='bbox 909 1275 939 1331; x_wconf 83' lang='lat' dir='ltr'><strong>ct</strong></span> <span class='ocrx_word' id='word_1_29' title='bbox 960 1267 1101 1330; x_wconf 70' lang='lat' dir='ltr'><strong>Marem</strong></span> <span class='ocrx_word' id='word_1_30' title='bbox 1117 1265 1275 1350; x_wconf 79' lang='lat' dir='ltr'><strong>pyroruia</strong></span> 
     </span>
    </p>
   </div>
   <div class='ocr_carea' id='block_1_6' title="bbox 223 1403 1601 4595">
    <p class='ocr_par' dir='ltr' id='par_1_6' title="bbox 223 1403 1597 4151">
     <span class='ocr_line' id='line_1_9' title="bbox 323 1403 1588 1491; baseline -0.005 -19"><span class='ocrx_word' id='word_1_31' title='bbox 323 1407 394 1473; x_wconf 87' lang='lat' dir='ltr'><strong>Jam</strong></span> <span class='ocrx_word' id='word_1_32' title='bbox 418 1427 471 1471; x_wconf 89' lang='lat' dir='ltr'><strong>cur</strong></span> <span class='ocrx_word' id='word_1_33' title='bbox 493 1409 600 1471; x_wconf 89' lang='lat' dir='ltr'><strong>cubum</strong></span> <span class='ocrx_word' id='word_1_34' title='bbox 621 1410 754 1490; x_wconf 84' lang='lat' dir='ltr'><strong>excipiat</strong></span> <span class='ocrx_word' id='word_1_35' title='bbox 775 1408 918 1491; x_wconf 80' lang='lat' dir='ltr'><strong>pyramis,</strong></span> <span class='ocrx_word' id='word_1_36' title='bbox 943 1426 1030 1469; x_wconf 90' lang='lat' dir='ltr'><strong>nemo</strong></span> <span class='ocrx_word' id='word_1_37' title='bbox 1045 1407 1205 1469; x_wconf 79' lang='lat' dir='ltr'><strong>admodum</strong></span> <span class='ocrx_word' id='word_1_38' title='bbox 1219 1404 1387 1480; x_wconf 90' lang='lat' dir='ltr'><strong>mirabitur,</strong></span> <span class='ocrx_word' id='word_1_39' title='bbox 1413 1423 1482 1468; x_wconf 91' lang='lat' dir='ltr'><strong>cum</strong></span> <span class='ocrx_word' id='word_1_40' title='bbox 1500 1403 1588 1480; x_wconf 86' lang='lat' dir='ltr'><strong>l)illa</strong></span> 
     </span>
     <span class='ocr_line' id='line_1_10' title="bbox 236 1490 1588 1579; baseline -0.002 -19"><span class='ocrx_word' id='word_1_41' title='bbox 236 1499 299 1560; x_wconf 82' lang='lat' dir='ltr'><strong>iere</strong></span> <span class='ocrx_word' id='word_1_42' title='bbox 324 1498 361 1558; x_wconf 92' lang='lat' dir='ltr'><strong>de</strong></span> <span class='ocrx_word' id='word_1_43' title='bbox 384 1497 554 1579; x_wconf 90' lang='lat' dir='ltr'><strong>principatu</strong></span> <span class='ocrx_word' id='word_1_44' title='bbox 578 1499 659 1560; x_wconf 88' lang='lat' dir='ltr'><strong>ausit</strong></span> <span class='ocrx_word' id='word_1_45' title='bbox 681 1518 748 1560; x_wconf 91' lang='lat' dir='ltr'><strong>cum</strong></span> <span class='ocrx_word' id='word_1_46' title='bbox 772 1497 847 1560; x_wconf 93' lang='lat' dir='ltr'><strong>cubo</strong></span> <span class='ocrx_word' id='word_1_47' title='bbox 869 1497 1065 1565; x_wconf 81' lang='lat' dir='ltr'><strong>contendere,</strong></span> <span class='ocrx_word' id='word_1_48' title='bbox 1090 1493 1158 1569; x_wconf 77' lang='lat'><strong>2)</strong></span> <span class='ocrx_word' id='word_1_49' title='bbox 1150 1514 1272 1575; x_wconf 76' lang='lat' dir='ltr'><strong>insuper</strong></span> <span class='ocrx_word' id='word_1_50' title='bbox 1294 1493 1374 1556; x_wconf 90' lang='lat' dir='ltr'><strong>vel</strong></span> <span class='ocrx_word' id='word_1_51' title='bbox 1366 1490 1436 1575; x_wconf 84' lang='lat' dir='ltr'><strong>rpea</strong></span> <span class='ocrx_word' id='word_1_52' title='bbox 1458 1494 1509 1556; x_wconf 88' lang='lat' dir='ltr'><strong>vel</strong></span> <span class='ocrx_word' id='word_1_53' title='bbox 1530 1490 1588 1571; x_wconf 74' lang='lat' dir='ltr'><strong>duo</strong></span> 
     </span>
     <span class='ocr_line' id='line_1_11' title="bbox 236 1581 1588 1666; baseline -0.002 -18"><span class='ocrx_word' id='word_1_54' title='bbox 236 1589 308 1666; x_wconf 75' lang='lat' dir='ltr'><strong>iope</strong></span> <span class='ocrx_word' id='word_1_55' title='bbox 330 1586 506 1665; x_wconf 80' lang='lat' dir='ltr'>irregularia</span> <span class='ocrx_word' id='word_1_56' title='bbox 531 1587 644 1648; x_wconf 83' lang='lat' dir='ltr'><strong>iaciunt</strong></span> <span class='ocrx_word' id='word_1_57' title='bbox 666 1588 704 1649; x_wconf 91' lang='lat' dir='ltr'><strong>ad</strong></span> <span class='ocrx_word' id='word_1_58' title='bbox 729 1596 896 1649; x_wconf 91' lang='lat' dir='ltr'><strong>ceterorum</strong></span> <span class='ocrx_word' id='word_1_59' title='bbox 916 1585 1170 1665; x_wconf 80' lang='lat' dir='ltr'><strong>compositionem.</strong></span> <span class='ocrx_word' id='word_1_60' title='bbox 1207 1584 1288 1646; x_wconf 84' lang='lat' dir='ltr'><strong>Nam</strong></span> <span class='ocrx_word' id='word_1_61' title='bbox 1309 1581 1493 1645; x_wconf 80' lang='lat' dir='ltr'><strong>icosaeuron</strong></span> <span class='ocrx_word' id='word_1_62' title='bbox 1516 1602 1588 1645; x_wconf 91' lang='lat' dir='ltr'><strong>com·</strong></span> 
     </span>
     <span class='ocr_line' id='line_1_12' title="bbox 236 1670 1589 1757; baseline -0.002 -21"><span class='ocrx_word' id='word_1_63' title='bbox 236 1682 352 1756; x_wconf 90' lang='lat' dir='ltr'><strong>ponunt</strong></span> <span class='ocrx_word' id='word_1_64' title='bbox 375 1670 418 1738; x_wconf 80' lang='lat'><strong>20</strong></span> <span class='ocrx_word' id='word_1_65' title='bbox 441 1675 631 1757; x_wconf 78' lang='lat' dir='ltr'><strong>pyramides,</strong></span> <span class='ocrx_word' id='word_1_66' title='bbox 660 1676 751 1756; x_wconf 90' lang='lat' dir='ltr'><strong>paulo</strong></span> <span class='ocrx_word' id='word_1_67' title='bbox 773 1675 929 1738; x_wconf 85' lang='lat' dir='ltr'><strong>breviores</strong></span> <span class='ocrx_word' id='word_1_68' title='bbox 958 1673 1168 1736; x_wconf 76' lang='lat' dir='ltr'><strong>tetraedricis:</strong></span> <span class='ocrx_word' id='word_1_69' title='bbox 1202 1672 1376 1734; x_wconf 72' lang='lat' dir='ltr'><strong>octaedrum</strong></span> <span class='ocrx_word' id='word_1_70' title='bbox 1407 1678 1480 1735; x_wconf 88' lang='lat' dir='ltr'><strong>octo</strong></span> <span class='ocrx_word' id='word_1_71' title='bbox 1503 1671 1589 1734; x_wconf 79' lang='lat' dir='ltr'><strong>adbuc</strong></span> 
     </span>
     <span class='ocr_line' id='line_1_13' title="bbox 237 1758 1588 1845; baseline -0.002 -20"><span class='ocrx_word' id='word_1_72' title='bbox 237 1763 402 1825; x_wconf 85' lang='lat' dir='ltr'><strong>breviores.</strong></span> <span class='ocrx_word' id='word_1_73' title='bbox 449 1763 666 1827; x_wconf 74' lang='lat' dir='ltr'><strong>Dode&#39;caedron</strong></span> <span class='ocrx_word' id='word_1_74' title='bbox 692 1762 750 1826; x_wconf 86' lang='lat' dir='ltr'><strong>etsi</strong></span> <span class='ocrx_word' id='word_1_75' title='bbox 775 1765 922 1845; x_wconf 90' lang='lat' dir='ltr'><strong>quadrato</strong></span> <span class='ocrx_word' id='word_1_76' title='bbox 946 1762 1063 1824; x_wconf 89' lang='lat' dir='ltr'><strong>occulto</strong></span> <span class='ocrx_word' id='word_1_77' title='bbox 1088 1769 1223 1833; x_wconf 85' lang='lat' dir='ltr'><strong>cunstat,</strong></span> <span class='ocrx_word' id='word_1_78' title='bbox 1247 1768 1347 1822; x_wconf 90' lang='lat' dir='ltr'><strong>tamen</strong></span> <span class='ocrx_word' id='word_1_79' title='bbox 1371 1759 1401 1822; x_wconf 88' lang='lat' dir='ltr'><strong>iu</strong></span> <span class='ocrx_word' id='word_1_80' title='bbox 1425 1758 1588 1845; x_wconf 81' lang='lat' dir='ltr'><strong>pyramidas</strong></span> 
     </span>
     <span class='ocr_line' id='line_1_14' title="bbox 235 1848 1588 1933; baseline -0.002 -19"><span class='ocrx_word' id='word_1_81' title='bbox 235 1851 348 1914; x_wconf 88' lang='lat' dir='ltr'><strong>resolvi</strong></span> <span class='ocrx_word' id='word_1_82' title='bbox 372 1870 498 1913; x_wconf 86' lang='lat' dir='ltr'><strong>necesse</strong></span> <span class='ocrx_word' id='word_1_83' title='bbox 522 1861 580 1914; x_wconf 84' lang='lat' dir='ltr'><strong>est.</strong></span> <span class='ocrx_word' id='word_1_84' title='bbox 623 1849 659 1927; x_wconf 87' lang='lat'><strong>3)</strong></span> <span class='ocrx_word' id='word_1_85' title='bbox 680 1853 786 1933; x_wconf 85' lang='lat' dir='ltr'><strong>Neque</strong></span> <span class='ocrx_word' id='word_1_86' title='bbox 802 1852 1050 1914; x_wconf 87' lang='lat' dir='ltr'><strong>contemnendum</strong></span> <span class='ocrx_word' id='word_1_87' title='bbox 1065 1850 1130 1924; x_wconf 93' lang='lat' dir='ltr'><strong>hoc,</strong></span> <span class='ocrx_word' id='word_1_88' title='bbox 1155 1849 1233 1930; x_wconf 92' lang='lat' dir='ltr'><strong>quod</strong></span> <span class='ocrx_word' id='word_1_89' title='bbox 1256 1848 1445 1911; x_wconf 75' lang='lat' dir='ltr'><strong>tetraedrum</strong></span> <span class='ocrx_word' id='word_1_90' title='bbox 1470 1848 1500 1911; x_wconf 88' lang='lat' dir='ltr'><strong>iu</strong></span> <span class='ocrx_word' id='word_1_91' title='bbox 1523 1868 1588 1931; x_wconf 81' lang='lat' dir='ltr'><strong>qur·</strong></span> 
     </span>
     <span class='ocr_line' id='line_1_15' title="bbox 236 1936 1588 2022; baseline -0.003 -19"><span class='ocrx_word' id='word_1_92' title='bbox 236 1947 305 2003; x_wconf 88' lang='lat' dir='ltr'><strong>tuor</strong></span> <span class='ocrx_word' id='word_1_93' title='bbox 328 1941 482 2020; x_wconf 83' lang='lat' dir='ltr'><strong>periectas</strong></span> <span class='ocrx_word' id='word_1_94' title='bbox 509 1942 684 2022; x_wconf 75' lang='lat' dir='ltr'><strong>pyramidas</strong></span> <span class='ocrx_word' id='word_1_95' title='bbox 713 1950 745 2003; x_wconf 94' lang='lat' dir='ltr'><strong>et</strong></span> <span class='ocrx_word' id='word_1_96' title='bbox 766 1961 856 2003; x_wconf 90' lang='lat' dir='ltr'><strong>unum</strong></span> <span class='ocrx_word' id='word_1_97' title='bbox 886 1940 1051 2003; x_wconf 77' lang='lat' dir='ltr'><strong>octaedrou</strong></span> <span class='ocrx_word' id='word_1_98' title='bbox 1083 1939 1210 2002; x_wconf 91' lang='lat' dir='ltr'><strong>latemm</strong></span> <span class='ocrx_word' id='word_1_99' title='bbox 1234 1936 1355 2000; x_wconf 90' lang='lat' dir='ltr'><strong>dimidio</strong></span> <span class='ocrx_word' id='word_1_100' title='bbox 1379 1936 1527 2000; x_wconf 89' lang='lat' dir='ltr'><strong>minomm</strong></span> <span class='ocrx_word' id='word_1_101' title='bbox 1546 1956 1588 1999; x_wconf 91' lang='lat' dir='ltr'><strong>re-</strong></span> 
     </span>
     <span class='ocr_line' id='line_1_16' title="bbox 236 2025 1589 2111; baseline -0.002 -20"><span class='ocrx_word' id='word_1_102' title='bbox 236 2029 314 2091; x_wconf 83' lang='lat' dir='ltr'><strong>solvi</strong></span> <span class='ocrx_word' id='word_1_103' title='bbox 336 2036 448 2109; x_wconf 87' lang='lat' dir='ltr'><strong>potest.</strong></span> <span class='ocrx_word' id='word_1_104' title='bbox 487 2025 524 2102; x_wconf 81' lang='lat' dir='ltr'><strong>l)</strong></span> <span class='ocrx_word' id='word_1_105' title='bbox 547 2028 635 2093; x_wconf 87' lang='lat' dir='ltr'><strong>Sicut</strong></span> <span class='ocrx_word' id='word_1_106' title='bbox 658 2032 687 2092; x_wconf 92' lang='lat' dir='ltr'><strong>iu</strong></span> <span class='ocrx_word' id='word_1_107' title='bbox 711 2029 811 2111; x_wconf 90' lang='lat' dir='ltr'><strong>planis</strong></span> <span class='ocrx_word' id='word_1_108' title='bbox 836 2028 936 2091; x_wconf 90' lang='lat' dir='ltr'><strong>omnia</strong></span> <span class='ocrx_word' id='word_1_109' title='bbox 959 2029 1148 2108; x_wconf 84' lang='lat' dir='ltr'><strong>multangula</strong></span> <span class='ocrx_word' id='word_1_110' title='bbox 1171 2027 1199 2088; x_wconf 91' lang='lat' dir='ltr'><strong>in</strong></span> <span class='ocrx_word' id='word_1_111' title='bbox 1224 2025 1376 2107; x_wconf 83' lang='lat' dir='ltr'><strong>triangula</strong></span> <span class='ocrx_word' id='word_1_112' title='bbox 1399 2026 1589 2102; x_wconf 84' lang='lat' dir='ltr'><strong>resolvuntur,</strong></span> 
     </span>
     <span class='ocr_line' id='line_1_17' title="bbox 235 2113 1590 2200; baseline -0.001 -22"><span class='ocrx_word' id='word_1_113' title='bbox 235 2117 280 2180; x_wconf 89' lang='lat' dir='ltr'><strong>ita</strong></span> <span class='ocrx_word' id='word_1_114' title='bbox 304 2118 420 2198; x_wconf 89' lang='lat' dir='ltr'><strong>reliqua</strong></span> <span class='ocrx_word' id='word_1_115' title='bbox 444 2119 544 2180; x_wconf 86' lang='lat' dir='ltr'><strong>solida</strong></span> <span class='ocrx_word' id='word_1_116' title='bbox 566 2119 757 2181; x_wconf 88' lang='lat' dir='ltr'><strong>mensurandi</strong></span> <span class='ocrx_word' id='word_1_117' title='bbox 781 2138 875 2181; x_wconf 88' lang='lat' dir='ltr'><strong>causa</strong></span> <span class='ocrx_word' id='word_1_118' title='bbox 902 2118 931 2179; x_wconf 89' lang='lat' dir='ltr'><strong>iu</strong></span> <span class='ocrx_word' id='word_1_119' title='bbox 962 2118 1154 2200; x_wconf 88' lang='lat' dir='ltr'><strong>pyramidas,</strong></span> <span class='ocrx_word' id='word_1_120' title='bbox 1190 2134 1264 2195; x_wconf 87' lang='lat' dir='ltr'><strong>quas</strong></span> <span class='ocrx_word' id='word_1_121' title='bbox 1293 2116 1402 2177; x_wconf 90' lang='lat' dir='ltr'><strong>deinde</strong></span> <span class='ocrx_word' id='word_1_122' title='bbox 1431 2113 1536 2188; x_wconf 84' lang='lat' dir='ltr'><strong>cubis,</strong></span> <span class='ocrx_word' id='word_1_123' title='bbox 1563 2123 1590 2176; x_wconf 93' lang='lat' dir='ltr'><strong>ut</strong></span> 
     </span>
     <span class='ocr_line' id='line_1_18' title="bbox 235 2204 1590 2287; baseline -0.001 -19"><span class='ocrx_word' id='word_1_124' title='bbox 235 2205 389 2286; x_wconf 88' lang='lat' dir='ltr'><strong>triangula</strong></span> <span class='ocrx_word' id='word_1_125' title='bbox 420 2207 593 2287; x_wconf 86' lang='lat' dir='ltr'><strong>quadratis,</strong></span> <span class='ocrx_word' id='word_1_126' title='bbox 629 2208 777 2269; x_wconf 85' lang='lat' dir='ltr'><strong>metimur.</strong></span> <span class='ocrx_word' id='word_1_127' title='bbox 824 2206 883 2268; x_wconf 82' lang='lat' dir='ltr'><strong>Est</strong></span> <span class='ocrx_word' id='word_1_128' title='bbox 910 2206 1002 2286; x_wconf 89' lang='lat' dir='ltr'><strong>igitur</strong></span> <span class='ocrx_word' id='word_1_129' title='bbox 1031 2206 1210 2286; x_wconf 88' lang='lat' dir='ltr'><strong>reliquorum</strong></span> <span class='ocrx_word' id='word_1_130' title='bbox 1239 2223 1380 2266; x_wconf 88' lang='lat' dir='ltr'><strong>mensura</strong></span> <span class='ocrx_word' id='word_1_131' title='bbox 1411 2210 1444 2266; x_wconf 93' lang='lat' dir='ltr'><strong>et</strong></span> <span class='ocrx_word' id='word_1_132' title='bbox 1472 2204 1590 2267; x_wconf 88' lang='lat' dir='ltr'><strong>omnium</strong></span> 
     </span>
     <span class='ocr_line' id='line_1_19' title="bbox 235 2290 1591 2376; baseline 0.001 -21"><span class='ocrx_word' id='word_1_133' title='bbox 235 2292 377 2357; x_wconf 81' lang='lat' dir='ltr'><strong>facillime</strong></span> <span class='ocrx_word' id='word_1_134' title='bbox 398 2316 417 2356; x_wconf 94' lang='lat' dir='ltr'><strong>a</strong></span> <span class='ocrx_word' id='word_1_135' title='bbox 435 2295 510 2356; x_wconf 92' lang='lat' dir='ltr'><strong>cubo</strong></span> <span class='ocrx_word' id='word_1_136' title='bbox 529 2295 673 2358; x_wconf 77' lang='lat' dir='ltr'><strong>mansilis.</strong></span> <span class='ocrx_word' id='word_1_137' title='bbox 713 2295 748 2368; x_wconf 89' lang='lat'><strong>5)</strong></span> <span class='ocrx_word' id='word_1_138' title='bbox 772 2296 849 2357; x_wconf 89' lang='lat' dir='ltr'><strong>Hinc</strong></span> <span class='ocrx_word' id='word_1_139' title='bbox 872 2296 1032 2376; x_wconf 83' lang='lat' dir='ltr'><strong>pleraeque</strong></span> <span class='ocrx_word' id='word_1_140' title='bbox 1057 2295 1123 2374; x_wconf 87' lang='lat' dir='ltr'><strong>ejus</strong></span> <span class='ocrx_word' id='word_1_141' title='bbox 1147 2293 1253 2368; x_wconf 86' lang='lat' dir='ltr'><strong>lineae,</strong></span> <span class='ocrx_word' id='word_1_142' title='bbox 1277 2300 1312 2354; x_wconf 89' lang='lat' dir='ltr'><strong>ut</strong></span> <span class='ocrx_word' id='word_1_143' title='bbox 1335 2299 1369 2354; x_wconf 90' lang='lat' dir='ltr'><strong>et</strong></span> <span class='ocrx_word' id='word_1_144' title='bbox 1391 2290 1517 2356; x_wconf 85' lang='lat' dir='ltr'><strong>cubicae</strong></span> <span class='ocrx_word' id='word_1_145' title='bbox 1538 2300 1591 2356; x_wconf 79' lang='lat' dir='ltr'><strong>tan</strong></span> 
     </span>
     <span class='ocr_line' id='line_1_20' title="bbox 236 2381 1591 2463; baseline -0.001 -19"><span class='ocrx_word' id='word_1_146' title='bbox 236 2382 326 2444; x_wconf 86' lang='lat' dir='ltr'><strong>facile</strong></span> <span class='ocrx_word' id='word_1_147' title='bbox 350 2383 550 2462; x_wconf 86' lang='lat' dir='ltr'><strong>quantitatem</strong></span> <span class='ocrx_word' id='word_1_148' title='bbox 580 2403 618 2445; x_wconf 83' lang='lat' dir='ltr'><strong>ex</strong></span> <span class='ocrx_word' id='word_1_149' title='bbox 647 2384 764 2447; x_wconf 91' lang='lat' dir='ltr'><strong>ratione</strong></span> <span class='ocrx_word' id='word_1_150' title='bbox 793 2384 926 2463; x_wconf 90' lang='lat' dir='ltr'><strong>diagouii</strong></span> <span class='ocrx_word' id='word_1_151' title='bbox 960 2383 1128 2463; x_wconf 89' lang='lat' dir='ltr'><strong>accipiunt,</strong></span> <span class='ocrx_word' id='word_1_152' title='bbox 1163 2401 1221 2444; x_wconf 94' lang='lat' dir='ltr'><strong>non</strong></span> <span class='ocrx_word' id='word_1_153' title='bbox 1254 2390 1355 2443; x_wconf 88' lang='lat' dir='ltr'><strong>tamen</strong></span> <span class='ocrx_word' id='word_1_154' title='bbox 1389 2381 1483 2444; x_wconf 88' lang='lat' dir='ltr'><strong>aliter</strong></span> <span class='ocrx_word' id='word_1_155' title='bbox 1513 2398 1591 2463; x_wconf 87' lang='lat' dir='ltr'><strong>quam</strong></span> 
     </span>
     <span class='ocr_line' id='line_1_21' title="bbox 236 2468 1589 2556; baseline 0 -24"><span class='ocrx_word' id='word_1_156' title='bbox 236 2471 393 2552; x_wconf 88' lang='lat' dir='ltr'><strong>quadratis</strong></span> <span class='ocrx_word' id='word_1_157' title='bbox 408 2471 550 2533; x_wconf 86' lang='lat' dir='ltr'><strong>numeris.</strong></span> <span class='ocrx_word' id='word_1_158' title='bbox 584 2468 620 2546; x_wconf 90' lang='grc'><strong>6)</strong></span> <span class='ocrx_word' id='word_1_159' title='bbox 644 2472 814 2556; x_wconf 89' lang='lat' dir='ltr'><strong>Pyramidie</strong></span> <span class='ocrx_word' id='word_1_160' title='bbox 833 2473 925 2534; x_wconf 88' lang='lat' dir='ltr'><strong>etiam</strong></span> <span class='ocrx_word' id='word_1_161' title='bbox 943 2473 1124 2551; x_wconf 79' lang='lat' dir='ltr'><strong>regularitas</strong></span> <span class='ocrx_word' id='word_1_162' title='bbox 1149 2490 1185 2532; x_wconf 84' lang='lat' dir='ltr'><strong>ex</strong></span> <span class='ocrx_word' id='word_1_163' title='bbox 1210 2469 1283 2534; x_wconf 83' lang='lat' dir='ltr'><strong>solis</strong></span> <span class='ocrx_word' id='word_1_164' title='bbox 1307 2470 1455 2533; x_wconf 89' lang='lat' dir='ltr'><strong>lateribus</strong></span> <span class='ocrx_word' id='word_1_165' title='bbox 1479 2471 1589 2552; x_wconf 80' lang='lat' dir='ltr'><strong>pendet,</strong></span> 
     </span>
     <span class='ocr_line' id='line_1_22' title="bbox 237 2559 1592 2644; baseline -0.001 -22"><span class='ocrx_word' id='word_1_166' title='bbox 237 2559 304 2622; x_wconf 89' lang='lat' dir='ltr'><strong>cubi</strong></span> <span class='ocrx_word' id='word_1_167' title='bbox 328 2560 420 2621; x_wconf 86' lang='lat' dir='ltr'><strong>etiam</strong></span> <span class='ocrx_word' id='word_1_168' title='bbox 443 2579 481 2621; x_wconf 86' lang='lat' dir='ltr'><strong>ex</strong></span> <span class='ocrx_word' id='word_1_169' title='bbox 504 2561 633 2639; x_wconf 84' lang='lat' dir='ltr'><strong>augulis.</strong></span> <span class='ocrx_word' id='word_1_170' title='bbox 667 2564 769 2642; x_wconf 88' lang='lat' dir='ltr'><strong>Atque</strong></span> <span class='ocrx_word' id='word_1_171' title='bbox 793 2561 837 2623; x_wconf 88' lang='lat' dir='ltr'><strong>sic</strong></span> <span class='ocrx_word' id='word_1_172' title='bbox 860 2561 1047 2644; x_wconf 89' lang='lat' dir='ltr'><strong>pyramidum</strong></span> <span class='ocrx_word' id='word_1_173' title='bbox 1068 2562 1147 2622; x_wconf 91' lang='lat' dir='ltr'><strong>inter</strong></span> <span class='ocrx_word' id='word_1_174' title='bbox 1166 2559 1353 2640; x_wconf 87' lang='lat' dir='ltr'><strong>aequilatera</strong></span> <span class='ocrx_word' id='word_1_175' title='bbox 1370 2578 1430 2621; x_wconf 92' lang='lat' dir='ltr'><strong>nou</strong></span> <span class='ocrx_word' id='word_1_176' title='bbox 1449 2560 1520 2640; x_wconf 90' lang='lat' dir='ltr'><strong>plus</strong></span> <span class='ocrx_word' id='word_1_177' title='bbox 1541 2577 1592 2622; x_wconf 81' lang='lat' dir='ltr'><strong>una</strong></span> 
     </span>
     <span class='ocr_line' id='line_1_23' title="bbox 236 2644 1592 2731; baseline -0.001 -22"><span class='ocrx_word' id='word_1_178' title='bbox 236 2655 294 2723; x_wconf 83' lang='lat' dir='ltr'><strong>est,</strong></span> <span class='ocrx_word' id='word_1_179' title='bbox 319 2655 353 2710; x_wconf 87' lang='lat' dir='ltr'><strong>at</strong></span> <span class='ocrx_word' id='word_1_180' title='bbox 375 2648 403 2709; x_wconf 92' lang='lat' dir='ltr'><strong>in</strong></span> <span class='ocrx_word' id='word_1_181' title='bbox 427 2644 569 2729; x_wconf 75' lang='grc' dir='ltr'>ἕξαιδρῳ,</span> <span class='ocrx_word' id='word_1_182' title='bbox 593 2650 729 2729; x_wconf 88' lang='lat' dir='ltr'><strong>quamvis</strong></span> <span class='ocrx_word' id='word_1_183' title='bbox 755 2649 931 2731; x_wconf 87' lang='lat' dir='ltr'><strong>aequalibus</strong></span> <span class='ocrx_word' id='word_1_184' title='bbox 950 2649 1104 2723; x_wconf 89' lang='lat' dir='ltr'><strong>lateribus,</strong></span> <span class='ocrx_word' id='word_1_185' title='bbox 1129 2657 1230 2710; x_wconf 85' lang='lat' dir='ltr'><strong>tamen</strong></span> <span class='ocrx_word' id='word_1_186' title='bbox 1254 2648 1370 2710; x_wconf 85' lang='lat' dir='ltr'><strong>infinita</strong></span> <span class='ocrx_word' id='word_1_187' title='bbox 1392 2649 1529 2711; x_wconf 83' lang='lat' dir='ltr'><strong>varietas</strong></span> <span class='ocrx_word' id='word_1_188' title='bbox 1550 2654 1592 2709; x_wconf 89' lang='lat' dir='ltr'><strong>eat</strong></span> 
     </span>
     <span class='ocr_line' id='line_1_24' title="bbox 236 2734 1592 2817; baseline -0.001 -19"><span class='ocrx_word' id='word_1_189' title='bbox 236 2737 422 2817; x_wconf 90' lang='lat' dir='ltr'><strong>angulorum.</strong></span> <span class='ocrx_word' id='word_1_190' title='bbox 470 2734 537 2808; x_wconf 86' lang='lat' dir='ltr'><strong>Quo</strong></span> <span class='ocrx_word' id='word_1_191' title='bbox 560 2739 698 2815; x_wconf 89' lang='lat' dir='ltr'><strong>nomine,</strong></span> <span class='ocrx_word' id='word_1_192' title='bbox 729 2739 756 2801; x_wconf 85' lang='lat' dir='ltr'><strong>si</strong></span> <span class='ocrx_word' id='word_1_193' title='bbox 779 2741 879 2801; x_wconf 89' lang='lat' dir='ltr'><strong>nullae</strong></span> <span class='ocrx_word' id='word_1_194' title='bbox 903 2738 982 2801; x_wconf 90' lang='lat' dir='ltr'><strong>aliae</strong></span> <span class='ocrx_word' id='word_1_195' title='bbox 1006 2746 1110 2798; x_wconf 85' lang='lat' dir='ltr'><strong>essent</strong></span> <span class='ocrx_word' id='word_1_196' title='bbox 1130 2737 1273 2808; x_wconf 89' lang='lat' dir='ltr'><strong>rationes,</strong></span> <span class='ocrx_word' id='word_1_197' title='bbox 1297 2738 1377 2800; x_wconf 87' lang='lat' dir='ltr'><strong>sitne</strong></span> <span class='ocrx_word' id='word_1_198' title='bbox 1400 2737 1592 2817; x_wconf 83' lang='lat' dir='ltr'><strong>praeferenda</strong></span> 
     </span>
     <span class='ocr_line' id='line_1_25' title="bbox 235 2824 1590 2907; baseline -0.001 -19"><span class='ocrx_word' id='word_1_199' title='bbox 235 2824 327 2901; x_wconf 93' lang='lat' dir='ltr'><strong>cubo,</strong></span> <span class='ocrx_word' id='word_1_200' title='bbox 353 2844 394 2887; x_wconf 88' lang='lat' dir='ltr'><strong>an</strong></span> <span class='ocrx_word' id='word_1_201' title='bbox 415 2829 640 2906; x_wconf 88' lang='lat' dir='ltr'><strong>postponenda,</strong></span> <span class='ocrx_word' id='word_1_202' title='bbox 671 2829 699 2889; x_wconf 92' lang='lat' dir='ltr'><strong>in</strong></span> <span class='ocrx_word' id='word_1_203' title='bbox 725 2827 814 2889; x_wconf 88' lang='lat' dir='ltr'><strong>dubio</strong></span> <span class='ocrx_word' id='word_1_204' title='bbox 838 2827 983 2907; x_wconf 90' lang='lat' dir='ltr'><strong>relinquo.</strong></span> <span class='ocrx_word' id='word_1_205' title='bbox 1031 2826 1066 2900; x_wconf 84' lang='grc'><strong>7)</strong></span> <span class='ocrx_word' id='word_1_206' title='bbox 1090 2827 1176 2888; x_wconf 87' lang='lat' dir='ltr'><strong>Hane</strong></span> <span class='ocrx_word' id='word_1_207' title='bbox 1200 2834 1327 2888; x_wconf 88' lang='lat' dir='ltr'><strong>naturae</strong></span> <span class='ocrx_word' id='word_1_208' title='bbox 1349 2826 1509 2889; x_wconf 85' lang='lat' dir='ltr'><strong>solertiam</strong></span> <span class='ocrx_word' id='word_1_209' title='bbox 1530 2825 1590 2888; x_wconf 83' lang='grc' dir='ltr'>ἰιιιί-</span> 
     </span>
     <span class='ocr_line' id='line_1_26' title="bbox 237 2912 1592 2997; baseline 0.001 -20"><span class='ocrx_word' id='word_1_210' title='bbox 237 2914 297 2977; x_wconf 83' lang='grc' dir='ltr'>ιιιιὶ</span> <span class='ocrx_word' id='word_1_211' title='bbox 319 2915 455 2976; x_wconf 81' lang='lat' dir='ltr'><strong>liomiues</strong></span> <span class='ocrx_word' id='word_1_212' title='bbox 483 2916 609 2994; x_wconf 88' lang='lat' dir='ltr'><strong>primum</strong></span> <span class='ocrx_word' id='word_1_213' title='bbox 638 2916 796 2979; x_wconf 89' lang='lat' dir='ltr'><strong>materiam</strong></span> <span class='ocrx_word' id='word_1_214' title='bbox 820 2916 857 2978; x_wconf 90' lang='lat' dir='ltr'><strong>sd</strong></span> <span class='ocrx_word' id='word_1_215' title='bbox 881 2916 1123 2996; x_wconf 86' lang='lat' dir='ltr'><strong>perpendiculum</strong></span> <span class='ocrx_word' id='word_1_216' title='bbox 1153 2915 1273 2995; x_wconf 87' lang='lat' dir='ltr'><strong>erigunt</strong></span> <span class='ocrx_word' id='word_1_217' title='bbox 1302 2915 1455 2997; x_wconf 90' lang='lat' dir='ltr'><strong>rectisque</strong></span> <span class='ocrx_word' id='word_1_218' title='bbox 1484 2912 1592 2997; x_wconf 79' lang='lat' dir='ltr'><strong>angulis</strong></span> 
     </span>
     <span class='ocr_line' id='line_1_27' title="bbox 236 3000 1591 3085; baseline 0.001 -21"><span class='ocrx_word' id='word_1_219' title='bbox 236 3003 432 3083; x_wconf 89' lang='lat' dir='ltr'><strong>contignant,</strong></span> <span class='ocrx_word' id='word_1_220' title='bbox 467 3000 578 3066; x_wconf 89' lang='lat' dir='ltr'><strong>‘deinde</strong></span> <span class='ocrx_word' id='word_1_221' title='bbox 611 3004 770 3085; x_wconf 79' lang='lat' dir='ltr'><strong>triangulis</strong></span> <span class='ocrx_word' id='word_1_222' title='bbox 807 3005 927 3066; x_wconf 89' lang='lat' dir='ltr'><strong>firmant</strong></span> <span class='ocrx_word' id='word_1_223' title='bbox 953 3013 984 3065; x_wconf 92' lang='lat' dir='ltr'><strong>et</strong></span> <span class='ocrx_word' id='word_1_224' title='bbox 1013 3004 1181 3066; x_wconf 88' lang='lat' dir='ltr'><strong>stabiliunt.</strong></span> <span class='ocrx_word' id='word_1_225' title='bbox 1240 3002 1277 3078; x_wconf 86' lang='lat'><strong>8)</strong></span> <span class='ocrx_word' id='word_1_226' title='bbox 1314 3004 1442 3084; x_wconf 88' lang='lat' dir='ltr'><strong>Insuper</strong></span> <span class='ocrx_word' id='word_1_227' title='bbox 1481 3012 1591 3066; x_wconf 84' lang='lat' dir='ltr'><strong>acutum</strong></span> 
     </span>
     <span class='ocr_line' id='line_1_28' title="bbox 236 3092 1593 3175; baseline 0.001 -21"><span class='ocrx_word' id='word_1_228' title='bbox 236 3092 378 3172; x_wconf 81' lang='lat' dir='ltr'><strong>angulum</strong></span> <span class='ocrx_word' id='word_1_229' title='bbox 410 3110 476 3154; x_wconf 91' lang='lat' dir='ltr'><strong>cum</strong></span> <span class='ocrx_word' id='word_1_230' title='bbox 509 3092 624 3155; x_wconf 90' lang='lat' dir='ltr'><strong>habeat</strong></span> <span class='ocrx_word' id='word_1_231' title='bbox 655 3094 809 3175; x_wconf 89' lang='lat' dir='ltr'><strong>pyramis,</strong></span> <span class='ocrx_word' id='word_1_232' title='bbox 842 3094 923 3173; x_wconf 91' lang='lat' dir='ltr'><strong>prior</strong></span> <span class='ocrx_word' id='word_1_233' title='bbox 955 3100 1004 3155; x_wconf 86' lang='lat' dir='ltr'><strong>est</strong></span> <span class='ocrx_word' id='word_1_234' title='bbox 1034 3093 1253 3173; x_wconf 82' lang='lat' dir='ltr'><strong>obtusangulis.</strong></span> <span class='ocrx_word' id='word_1_235' title='bbox 1303 3092 1385 3156; x_wconf 84' lang='lat' dir='ltr'><strong>Nam</strong></span> <span class='ocrx_word' id='word_1_236' title='bbox 1417 3092 1450 3155; x_wconf 89' lang='lat' dir='ltr'><strong>id</strong></span> <span class='ocrx_word' id='word_1_237' title='bbox 1483 3110 1593 3174; x_wconf 84' lang='lat' dir='ltr'><strong>semper</strong></span> 
     </span>
     <span class='ocr_line' id='line_1_29' title="bbox 234 3180 1593 3262; baseline 0.001 -19"><span class='ocrx_word' id='word_1_238' title='bbox 234 3181 362 3261; x_wconf 88' lang='lat' dir='ltr'><strong>primum</strong></span> <span class='ocrx_word' id='word_1_239' title='bbox 386 3188 434 3242; x_wconf 87' lang='lat' dir='ltr'><strong>eat</strong></span> <span class='ocrx_word' id='word_1_240' title='bbox 457 3180 487 3241; x_wconf 92' lang='lat' dir='ltr'><strong>in</strong></span> <span class='ocrx_word' id='word_1_241' title='bbox 517 3181 637 3257; x_wconf 88' lang='lat' dir='ltr'><strong>ordine,</strong></span> <span class='ocrx_word' id='word_1_242' title='bbox 668 3182 746 3262; x_wconf 92' lang='lat' dir='ltr'><strong>quod</strong></span> <span class='ocrx_word' id='word_1_243' title='bbox 773 3181 890 3260; x_wconf 87' lang='lat' dir='ltr'><strong>justam</strong></span> <span class='ocrx_word' id='word_1_244' title='bbox 918 3182 1011 3244; x_wconf 88' lang='lat' dir='ltr'><strong>habet</strong></span> <span class='ocrx_word' id='word_1_245' title='bbox 1038 3181 1259 3262; x_wconf 89' lang='lat' dir='ltr'><strong>quantitatem:</strong></span> <span class='ocrx_word' id='word_1_246' title='bbox 1293 3183 1350 3244; x_wconf 91' lang='lat' dir='ltr'><strong>hoc</strong></span> <span class='ocrx_word' id='word_1_247' title='bbox 1372 3181 1461 3262; x_wconf 86' lang='lat' dir='ltr'><strong>sequi</strong></span> <span class='ocrx_word' id='word_1_248' title='bbox 1483 3182 1593 3245; x_wconf 84' lang='lat' dir='ltr'><strong>ridetur</strong></span> 
     </span>
     <span class='ocr_line' id='line_1_30' title="bbox 223 3268 1593 3353; baseline 0.002 -22"><span class='ocrx_word' id='word_1_249' title='bbox 223 3269 334 3331; x_wconf 87' lang='lat' dir='ltr'><strong>minus</strong></span> <span class='ocrx_word' id='word_1_250' title='bbox 354 3268 456 3348; x_wconf 87' lang='lat' dir='ltr'><strong>justo,</strong></span> <span class='ocrx_word' id='word_1_251' title='bbox 487 3270 558 3350; x_wconf 89' lang='lat' dir='ltr'><strong>quia</strong></span> <span class='ocrx_word' id='word_1_252' title='bbox 580 3278 613 3332; x_wconf 90' lang='lat' dir='ltr'><strong>et</strong></span> <span class='ocrx_word' id='word_1_253' title='bbox 636 3270 754 3350; x_wconf 88' lang='lat' dir='ltr'><strong>longius</strong></span> <span class='ocrx_word' id='word_1_254' title='bbox 778 3271 886 3332; x_wconf 89' lang='lat' dir='ltr'><strong>abesse</strong></span> <span class='ocrx_word' id='word_1_255' title='bbox 909 3271 1029 3332; x_wconf 83' lang='lat' dir='ltr'><strong>videtur</strong></span> <span class='ocrx_word' id='word_1_256' title='bbox 1053 3271 1091 3332; x_wconf 88' lang='lat' dir='ltr'><strong>ab</strong></span> <span class='ocrx_word' id='word_1_257' title='bbox 1119 3270 1282 3345; x_wconf 89' lang='lat' dir='ltr'><strong>infinitate,</strong></span> <span class='ocrx_word' id='word_1_258' title='bbox 1313 3288 1403 3352; x_wconf 92' lang='lat' dir='ltr'><strong>quam</strong></span> <span class='ocrx_word' id='word_1_259' title='bbox 1424 3270 1498 3352; x_wconf 83' lang='lat' dir='ltr'><strong>plus</strong></span> <span class='ocrx_word' id='word_1_260' title='bbox 1516 3272 1593 3353; x_wconf 84' lang='lat' dir='ltr'><strong>jmto</strong></span> 
     </span>
     <span class='ocr_line' id='line_1_31' title="bbox 236 3356 1595 3443; baseline 0.001 -24"><span class='ocrx_word' id='word_1_261' title='bbox 236 3365 267 3419; x_wconf 91' lang='lat' dir='ltr'><strong>et</strong></span> <span class='ocrx_word' id='word_1_262' title='bbox 291 3356 455 3436; x_wconf 87' lang='lat' dir='ltr'><strong>simplicius</strong></span> <span class='ocrx_word' id='word_1_263' title='bbox 479 3358 571 3420; x_wconf 91' lang='lat' dir='ltr'><strong>etiam</strong></span> <span class='ocrx_word' id='word_1_264' title='bbox 595 3367 653 3420; x_wconf 86' lang='lat' dir='ltr'><strong>est.</strong></span> <span class='ocrx_word' id='word_1_265' title='bbox 696 3360 775 3421; x_wconf 90' lang='lat' dir='ltr'><strong>Nam</strong></span> <span class='ocrx_word' id='word_1_266' title='bbox 800 3359 1031 3438; x_wconf 88' lang='lat' dir='ltr'><strong>obtusangulum</strong></span> <span class='ocrx_word' id='word_1_267' title='bbox 1055 3358 1174 3420; x_wconf 86' lang='lat' dir='ltr'><strong>videtur</strong></span> <span class='ocrx_word' id='word_1_268' title='bbox 1198 3358 1417 3440; x_wconf 88' lang='lat' dir='ltr'><strong>quodammodo</strong></span> <span class='ocrx_word' id='word_1_269' title='bbox 1441 3358 1595 3443; x_wconf 84' lang='lat' dir='ltr'><strong>multiplex</strong></span> 
     </span>
     <span class='ocr_line' id='line_1_32' title="bbox 237 3445 1593 3528; baseline 0.004 -21"><span class='ocrx_word' id='word_1_270' title='bbox 237 3464 274 3507; x_wconf 88' lang='lat' dir='ltr'><strong>ex</strong></span> <span class='ocrx_word' id='word_1_271' title='bbox 297 3455 381 3507; x_wconf 91' lang='lat' dir='ltr'><strong>recto</strong></span> <span class='ocrx_word' id='word_1_272' title='bbox 406 3453 437 3507; x_wconf 92' lang='lat' dir='ltr'><strong>et</strong></span> <span class='ocrx_word' id='word_1_273' title='bbox 461 3455 559 3509; x_wconf 88' lang='lat' dir='ltr'><strong>acuto</strong></span> <span class='ocrx_word' id='word_1_274' title='bbox 606 3445 674 3519; x_wconf 86' lang='lat' dir='ltr'><strong>Quo</strong></span> <span class='ocrx_word' id='word_1_275' title='bbox 698 3446 795 3510; x_wconf 88' lang='lat' dir='ltr'><strong>minus</strong></span> <span class='ocrx_word' id='word_1_276' title='bbox 818 3449 1000 3517; x_wconf 88' lang='lat' dir='ltr'><strong>mirandum,</strong></span> <span class='ocrx_word' id='word_1_277' title='bbox 1032 3467 1084 3509; x_wconf 92' lang='lat' dir='ltr'><strong>cur</strong></span> <span class='ocrx_word' id='word_1_278' title='bbox 1106 3447 1246 3527; x_wconf 88' lang='lat' dir='ltr'><strong>paucitas</strong></span> <span class='ocrx_word' id='word_1_279' title='bbox 1270 3447 1481 3528; x_wconf 91' lang='lat' dir='ltr'><strong>angulorum</strong></span> <span class='ocrx_word' id='word_1_280' title='bbox 1471 3469 1501 3512; x_wconf 93' lang='grc' dir='ltr'><strong>ιιι</strong></span> <span class='ocrx_word' id='word_1_281' title='bbox 1524 3446 1593 3522; x_wconf 79' lang='lat' dir='ltr'><strong>basi.</strong></span> 
     </span>
     <span class='ocr_line' id='line_1_33' title="bbox 235 3535 1595 3618; baseline 0 -21"><span class='ocrx_word' id='word_1_282' title='bbox 235 3544 268 3597; x_wconf 90' lang='lat' dir='ltr'><strong>et</strong></span> <span class='ocrx_word' id='word_1_283' title='bbox 291 3535 424 3615; x_wconf 84' lang='lat' dir='ltr'><strong>ipsarum</strong></span> <span class='ocrx_word' id='word_1_284' title='bbox 452 3536 545 3597; x_wconf 89' lang='lat' dir='ltr'><strong>etiam</strong></span> <span class='ocrx_word' id='word_1_285' title='bbox 574 3536 690 3598; x_wconf 84' lang='lat' dir='ltr'><strong>basium</strong></span> <span class='ocrx_word' id='word_1_286' title='bbox 721 3536 869 3599; x_wconf 78' lang='lat' dir='ltr'><strong>tetraedri</strong></span> <span class='ocrx_word' id='word_1_287' title='bbox 899 3556 957 3598; x_wconf 93' lang='lat' dir='ltr'><strong>non</strong></span> <span class='ocrx_word' id='word_1_288' title='bbox 981 3537 1108 3616; x_wconf 83' lang='lat' dir='ltr'><strong>deroget</strong></span> <span class='ocrx_word' id='word_1_289' title='bbox 1131 3535 1217 3598; x_wconf 88' lang='lat' dir='ltr'><strong>cubo.</strong></span> <span class='ocrx_word' id='word_1_290' title='bbox 1264 3536 1343 3599; x_wconf 92' lang='lat' dir='ltr'><strong>Nam</strong></span> <span class='ocrx_word' id='word_1_291' title='bbox 1368 3538 1548 3618; x_wconf 87' lang='lat' dir='ltr'><strong>angulorum</strong></span> <span class='ocrx_word' id='word_1_292' title='bbox 1567 3542 1595 3598; x_wconf 87' lang='lat' dir='ltr'><strong>cl</strong></span> 
     </span>
     <span class='ocr_line' id='line_1_34' title="bbox 236 3623 1595 3706; baseline 0.001 -22"><span class='ocrx_word' id='word_1_293' title='bbox 236 3623 353 3685; x_wconf 85' lang='lat' dir='ltr'><strong>basium</strong></span> <span class='ocrx_word' id='word_1_294' title='bbox 376 3643 516 3686; x_wconf 89' lang='lat' dir='ltr'><strong>numems</strong></span> <span class='ocrx_word' id='word_1_295' title='bbox 540 3626 578 3687; x_wconf 94' lang='lat' dir='ltr'><strong>ad</strong></span> <span class='ocrx_word' id='word_1_296' title='bbox 603 3634 775 3706; x_wconf 84' lang='lat' dir='ltr'><strong>susceptam</strong></span> <span class='ocrx_word' id='word_1_297' title='bbox 800 3626 902 3706; x_wconf 90' lang='lat' dir='ltr'><strong>auguli</strong></span> <span class='ocrx_word' id='word_1_298' title='bbox 926 3625 1056 3705; x_wconf 83' lang='lat' dir='ltr'><strong>speciem</strong></span> <span class='ocrx_word' id='word_1_299' title='bbox 1079 3625 1251 3687; x_wconf 89' lang='lat' dir='ltr'><strong>necessario</strong></span> <span class='ocrx_word' id='word_1_300' title='bbox 1275 3624 1420 3705; x_wconf 89' lang='lat' dir='ltr'><strong>sequitur.</strong></span> <span class='ocrx_word' id='word_1_301' title='bbox 1464 3626 1551 3691; x_wconf 85' lang='lat' dir='ltr'><strong>Unde</strong></span> <span class='ocrx_word' id='word_1_302' title='bbox 1571 3623 1595 3687; x_wconf 84' lang='lat' dir='ltr'><strong>ei</strong></span> 
     </span>
     <span class='ocr_line' id='line_1_35' title="bbox 235 3710 1595 3796; baseline 0.003 -22"><span class='ocrx_word' id='word_1_303' title='bbox 235 3722 335 3775; x_wconf 85' lang='lat' dir='ltr'><strong>rectus</strong></span> <span class='ocrx_word' id='word_1_304' title='bbox 350 3714 433 3792; x_wconf 89' lang='lat' dir='ltr'><strong>prior</strong></span> <span class='ocrx_word' id='word_1_305' title='bbox 447 3722 496 3775; x_wconf 90' lang='lat' dir='ltr'><strong>est</strong></span> <span class='ocrx_word' id='word_1_306' title='bbox 511 3724 610 3785; x_wconf 90' lang='lat' dir='ltr'><strong>acuto,</strong></span> <span class='ocrx_word' id='word_1_307' title='bbox 635 3715 717 3794; x_wconf 90' lang='lat' dir='ltr'><strong>prius</strong></span> <span class='ocrx_word' id='word_1_308' title='bbox 733 3715 824 3777; x_wconf 87' lang='lat' dir='ltr'><strong>etiam</strong></span> <span class='ocrx_word' id='word_1_309' title='bbox 848 3710 999 3794; x_wconf 75' lang='grc' dir='ltr'>ἑξαιδρω,</span> <span class='ocrx_word' id='word_1_310' title='bbox 1023 3733 1110 3795; x_wconf 88' lang='lat' dir='ltr'><strong>quam</strong></span> <span class='ocrx_word' id='word_1_311' title='bbox 1126 3714 1311 3788; x_wconf 79' lang='lat' dir='ltr'><strong>tetraedron,</strong></span> <span class='ocrx_word' id='word_1_312' title='bbox 1334 3714 1595 3796; x_wconf 74' lang='lat' dir='ltr'><strong>tetragonoedmu</strong></span> 
     </span>
     <span class='ocr_line' id='line_1_36' title="bbox 234 3801 1596 3884; baseline 0.001 -20"><span class='ocrx_word' id='word_1_313' title='bbox 234 3820 323 3881; x_wconf 89' lang='lat' dir='ltr'><strong>quam</strong></span> <span class='ocrx_word' id='word_1_314' title='bbox 347 3802 581 3882; x_wconf 76' lang='lat' dir='ltr'><strong>trigonoedmm.</strong></span> <span class='ocrx_word' id='word_1_315' title='bbox 621 3801 656 3877; x_wconf 87' lang='lat'><strong>9)</strong></span> <span class='ocrx_word' id='word_1_316' title='bbox 683 3805 785 3884; x_wconf 88' lang='lat' dir='ltr'><strong>Atque</strong></span> <span class='ocrx_word' id='word_1_317' title='bbox 810 3804 840 3866; x_wconf 91' lang='lat' dir='ltr'><strong>id</strong></span> <span class='ocrx_word' id='word_1_318' title='bbox 864 3803 955 3864; x_wconf 85' lang='lat' dir='ltr'><strong>etiarn</strong></span> <span class='ocrx_word' id='word_1_319' title='bbox 979 3803 1047 3865; x_wconf 90' lang='lat' dir='ltr'><strong>inde</strong></span> <span class='ocrx_word' id='word_1_320' title='bbox 1071 3803 1171 3883; x_wconf 87' lang='lat' dir='ltr'><strong>colligi</strong></span> <span class='ocrx_word' id='word_1_321' title='bbox 1194 3811 1309 3882; x_wconf 85' lang='lat' dir='ltr'><strong>potest,</strong></span> <span class='ocrx_word' id='word_1_322' title='bbox 1332 3803 1411 3884; x_wconf 93' lang='lat' dir='ltr'><strong>quod</strong></span> <span class='ocrx_word' id='word_1_323' title='bbox 1433 3804 1596 3884; x_wconf 81' lang='lat' dir='ltr'><strong>perlectum</strong></span> 
     </span>
     <span class='ocr_line' id='line_1_37' title="bbox 235 3888 1597 3973; baseline 0.004 -24"><span class='ocrx_word' id='word_1_324' title='bbox 235 3890 343 3970; x_wconf 89' lang='lat' dir='ltr'><strong>ubique</strong></span> <span class='ocrx_word' id='word_1_325' title='bbox 368 3891 509 3969; x_wconf 87' lang='lat' dir='ltr'><strong>primum,</strong></span> <span class='ocrx_word' id='word_1_326' title='bbox 539 3901 610 3972; x_wconf 88' lang='lat' dir='ltr'><strong>post</strong></span> <span class='ocrx_word' id='word_1_327' title='bbox 638 3893 685 3966; x_wconf 93' lang='lat' dir='ltr'><strong>id,</strong></span> <span class='ocrx_word' id='word_1_328' title='bbox 717 3893 795 3973; x_wconf 90' lang='lat' dir='ltr'><strong>quod</strong></span> <span class='ocrx_word' id='word_1_329' title='bbox 819 3893 933 3967; x_wconf 87' lang='lat' dir='ltr'><strong>deficit,</strong></span> <span class='ocrx_word' id='word_1_330' title='bbox 959 3893 1095 3966; x_wconf 84' lang='lat' dir='ltr'><strong>demum,</strong></span> <span class='ocrx_word' id='word_1_331' title='bbox 1126 3893 1205 3973; x_wconf 93' lang='lat' dir='ltr'><strong>quod</strong></span> <span class='ocrx_word' id='word_1_332' title='bbox 1229 3891 1359 3954; x_wconf 88' lang='lat' dir='ltr'><strong>excedit.</strong></span> <span class='ocrx_word' id='word_1_333' title='bbox 1407 3888 1488 3955; x_wconf 84' lang='lat' dir='ltr'><strong>Cum</strong></span> <span class='ocrx_word' id='word_1_334' title='bbox 1509 3888 1597 3973; x_wconf 85' lang='lat' dir='ltr'><strong>igitur</strong></span> 
     </span>
     <span class='ocr_line' id='line_1_38' title="bbox 234 3978 1596 4063; baseline 0.003 -25"><span class='ocrx_word' id='word_1_335' title='bbox 234 3978 371 4040; x_wconf 81' lang='lat' dir='ltr'><strong>senarius</strong></span> <span class='ocrx_word' id='word_1_336' title='bbox 396 3980 538 4041; x_wconf 81' lang='lat' dir='ltr'><strong>facierum</strong></span> <span class='ocrx_word' id='word_1_337' title='bbox 562 4000 702 4044; x_wconf 91' lang='lat' dir='ltr'><strong>numerus</strong></span> <span class='ocrx_word' id='word_1_338' title='bbox 725 3983 878 4061; x_wconf 84' lang='lat' dir='ltr'><strong>perlectus</strong></span> <span class='ocrx_word' id='word_1_339' title='bbox 905 3981 960 4056; x_wconf 90' lang='lat' dir='ltr'><strong>sit,</strong></span> <span class='ocrx_word' id='word_1_340' title='bbox 992 3981 1127 4061; x_wconf 85' lang='lat' dir='ltr'><strong>sequitur</strong></span> <span class='ocrx_word' id='word_1_341' title='bbox 1153 3981 1351 4063; x_wconf 89' lang='lat' dir='ltr'><strong>pyramidem,</strong></span> <span class='ocrx_word' id='word_1_342' title='bbox 1382 4000 1461 4062; x_wconf 86' lang='lat' dir='ltr'><strong>quae</strong></span> <span class='ocrx_word' id='word_1_343' title='bbox 1490 3980 1596 4055; x_wconf 77' lang='lat' dir='ltr'><strong>deficit,</strong></span> 
     </span>
     <span class='ocr_line' id='line_1_39' title="bbox 234 4067 1295 4151; baseline 0.005 -25"><span class='ocrx_word' id='word_1_344' title='bbox 234 4085 291 4127; x_wconf 90' lang='lat' dir='ltr'><strong>nun</strong></span> <span class='ocrx_word' id='word_1_345' title='bbox 316 4067 435 4147; x_wconf 89' lang='lat' dir='ltr'><strong>quidem</strong></span> <span class='ocrx_word' id='word_1_346' title='bbox 458 4071 641 4149; x_wconf 91' lang='lat' dir='ltr'><strong>praecedere</strong></span> <span class='ocrx_word' id='word_1_347' title='bbox 665 4070 775 4132; x_wconf 88' lang='lat' dir='ltr'><strong>debere</strong></span> <span class='ocrx_word' id='word_1_348' title='bbox 800 4071 920 4145; x_wconf 91' lang='lat' dir='ltr'><strong>cubum,</strong></span> <span class='ocrx_word' id='word_1_349' title='bbox 947 4078 981 4131; x_wconf 92' lang='lat' dir='ltr'><strong>at</strong></span> <span class='ocrx_word' id='word_1_350' title='bbox 1003 4070 1176 4132; x_wconf 86' lang='lat' dir='ltr'><strong>immediate</strong></span> <span class='ocrx_word' id='word_1_351' title='bbox 1200 4070 1295 4151; x_wconf 89' lang='lat' dir='ltr'><strong>sequi.</strong></span> 
     </span>
    </p>

    <p class='ocr_par' dir='ltr' id='par_1_7' title="bbox 233 4155 1601 4595">
     <span class='ocr_line' id='line_1_40' title="bbox 321 4155 1598 4241; baseline 0.003 -25"><span class='ocrx_word' id='word_1_352' title='bbox 321 4155 477 4218; x_wconf 83' lang='lat' dir='ltr'><strong>Habemus</strong></span> <span class='ocrx_word' id='word_1_353' title='bbox 502 4176 555 4219; x_wconf 90' lang='lat' dir='ltr'><strong>cur</strong></span> <span class='ocrx_word' id='word_1_354' title='bbox 578 4159 658 4220; x_wconf 92' lang='lat' dir='ltr'><strong>inter</strong></span> <span class='ocrx_word' id='word_1_355' title='bbox 672 4159 779 4221; x_wconf 90' lang='lat' dir='ltr'><strong>Jovem</strong></span> <span class='ocrx_word' id='word_1_356' title='bbox 804 4168 835 4220; x_wconf 90' lang='lat' dir='ltr'><strong>et</strong></span> <span class='ocrx_word' id='word_1_357' title='bbox 855 4159 987 4221; x_wconf 89' lang='lat' dir='ltr'><strong>Martem</strong></span> <span class='ocrx_word' id='word_1_358' title='bbox 1012 4159 1142 4220; x_wconf 91' lang='lat' dir='ltr'><strong>secundo</strong></span> <span class='ocrx_word' id='word_1_359' title='bbox 1167 4160 1233 4221; x_wconf 90' lang='lat' dir='ltr'><strong>loco</strong></span> <span class='ocrx_word' id='word_1_360' title='bbox 1257 4159 1299 4221; x_wconf 88' lang='lat' dir='ltr'><strong>sit</strong></span> <span class='ocrx_word' id='word_1_361' title='bbox 1320 4158 1468 4241; x_wconf 85' lang='lat' dir='ltr'><strong>pyramis.</strong></span> <span class='ocrx_word' id='word_1_362' title='bbox 1502 4156 1598 4240; x_wconf 76' lang='lat' dir='ltr'><strong>Supra</strong></span> 
     </span>
     <span class='ocr_line' id='line_1_41' title="bbox 235 4242 1599 4327; baseline 0.002 -23"><span class='ocrx_word' id='word_1_363' title='bbox 235 4242 264 4304; x_wconf 91' lang='lat' dir='ltr'><strong>iu</strong></span> <span class='ocrx_word' id='word_1_364' title='bbox 289 4262 434 4322; x_wconf 86' lang='lat' dir='ltr'><strong>suspenso</strong></span> <span class='ocrx_word' id='word_1_365' title='bbox 460 4246 525 4317; x_wconf 88' lang='lat' dir='ltr'><strong>fuit,</strong></span> <span class='ocrx_word' id='word_1_366' title='bbox 551 4248 628 4325; x_wconf 90' lang='lat' dir='ltr'><strong>quod</strong></span> <span class='ocrx_word' id='word_1_367' title='bbox 654 4266 761 4327; x_wconf 87' lang='lat' dir='ltr'><strong>eorpus</strong></span> <span class='ocrx_word' id='word_1_368' title='bbox 785 4248 876 4308; x_wconf 89' lang='lat' dir='ltr'><strong>tertio</strong></span> <span class='ocrx_word' id='word_1_369' title='bbox 902 4249 966 4310; x_wconf 90' lang='lat' dir='ltr'><strong>loco</strong></span> <span class='ocrx_word' id='word_1_370' title='bbox 992 4249 1033 4310; x_wconf 89' lang='lat' dir='ltr'><strong>sit</strong></span> <span class='ocrx_word' id='word_1_371' title='bbox 1056 4248 1135 4308; x_wconf 90' lang='lat' dir='ltr'><strong>inter</strong></span> <span class='ocrx_word' id='word_1_372' title='bbox 1149 4248 1279 4309; x_wconf 89' lang='lat' dir='ltr'><strong>Martem</strong></span> <span class='ocrx_word' id='word_1_373' title='bbox 1304 4255 1337 4309; x_wconf 90' lang='lat' dir='ltr'><strong>et</strong></span> <span class='ocrx_word' id='word_1_374' title='bbox 1350 4247 1490 4311; x_wconf 83' lang='lat' dir='ltr'><strong>Terram.</strong></span> <span class='ocrx_word' id='word_1_375' title='bbox 1523 4244 1599 4311; x_wconf 89' lang='lat' dir='ltr'><strong>Illud</strong></span> 
     </span>
     <span class='ocr_line' id='line_1_42' title="bbox 234 4333 1598 4417; baseline 0.005 -25"><span class='ocrx_word' id='word_1_376' title='bbox 234 4350 305 4394; x_wconf 88' lang='lat' dir='ltr'><strong>vero</strong></span> <span class='ocrx_word' id='word_1_377' title='bbox 329 4333 378 4395; x_wconf 87' lang='lat' dir='ltr'><strong>hic</strong></span> <span class='ocrx_word' id='word_1_378' title='bbox 402 4334 490 4395; x_wconf 80' lang='lat' dir='ltr'><strong>facile</strong></span> <span class='ocrx_word' id='word_1_379' title='bbox 517 4335 673 4399; x_wconf 88' lang='lat' dir='ltr'><strong>deciditur.</strong></span> <span class='ocrx_word' id='word_1_380' title='bbox 713 4334 790 4398; x_wconf 85' lang='lat' dir='ltr'><strong>Cum</strong></span> <span class='ocrx_word' id='word_1_381' title='bbox 812 4337 891 4398; x_wconf 90' lang='lat' dir='ltr'><strong>enim</strong></span> <span class='ocrx_word' id='word_1_382' title='bbox 915 4357 931 4397; x_wconf 92' lang='lat' dir='ltr'><strong>e</strong></span> <span class='ocrx_word' id='word_1_383' title='bbox 954 4337 1105 4417; x_wconf 88' lang='lat' dir='ltr'><strong>primariis</strong></span> <span class='ocrx_word' id='word_1_384' title='bbox 1129 4337 1280 4399; x_wconf 83' lang='lat' dir='ltr'><strong>residuum</strong></span> <span class='ocrx_word' id='word_1_385' title='bbox 1304 4337 1345 4398; x_wconf 87' lang='lat' dir='ltr'><strong>sit</strong></span> <span class='ocrx_word' id='word_1_386' title='bbox 1367 4336 1598 4409; x_wconf 74' lang='lat' dir='ltr'><strong>dodecaedrum.</strong></span> 
     </span>
     <span class='ocr_line' id='line_1_43' title="bbox 234 4422 1601 4507; baseline 0.006 -25"><span class='ocrx_word' id='word_1_387' title='bbox 234 4422 294 4483; x_wconf 90' lang='lat' dir='ltr'><strong>erit</strong></span> <span class='ocrx_word' id='word_1_388' title='bbox 317 4422 389 4484; x_wconf 92' lang='lat' dir='ltr'><strong>illud</strong></span> <span class='ocrx_word' id='word_1_389' title='bbox 414 4423 516 4484; x_wconf 89' lang='lat' dir='ltr'><strong>ordine</strong></span> <span class='ocrx_word' id='word_1_390' title='bbox 540 4425 679 4496; x_wconf 91' lang='lat' dir='ltr'><strong>tertium,</strong></span> <span class='ocrx_word' id='word_1_391' title='bbox 703 4426 782 4487; x_wconf 89' lang='lat' dir='ltr'><strong>iuter</strong></span> <span class='ocrx_word' id='word_1_392' title='bbox 805 4425 936 4487; x_wconf 90' lang='lat' dir='ltr'><strong>Martem</strong></span> <span class='ocrx_word' id='word_1_393' title='bbox 960 4432 994 4487; x_wconf 90' lang='lat' dir='ltr'><strong>et</strong></span> <span class='ocrx_word' id='word_1_394' title='bbox 1015 4426 1162 4488; x_wconf 83' lang='lat' dir='ltr'><strong>Terram:</strong></span> <span class='ocrx_word' id='word_1_395' title='bbox 1194 4427 1231 4487; x_wconf 92' lang='lat' dir='ltr'><strong>de</strong></span> <span class='ocrx_word' id='word_1_396' title='bbox 1255 4425 1341 4505; x_wconf 88' lang='lat' dir='ltr'><strong>cujus</strong></span> <span class='ocrx_word' id='word_1_397' title='bbox 1363 4425 1601 4507; x_wconf 85' lang='lat' dir='ltr'><strong>proprietatibus</strong></span> 
     </span>
     <span class='ocr_line' id='line_1_44' title="bbox 233 4511 1421 4595; baseline 0.006 -24"><span class='ocrx_word' id='word_1_398' title='bbox 233 4511 303 4590; x_wconf 90' lang='lat' dir='ltr'><strong>quid</strong></span> <span class='ocrx_word' id='word_1_399' title='bbox 327 4512 518 4574; x_wconf 85' lang='lat' dir='ltr'><strong>sentiendum</strong></span> <span class='ocrx_word' id='word_1_400' title='bbox 542 4513 596 4588; x_wconf 89' lang='lat' dir='ltr'><strong>sit,</strong></span> <span class='ocrx_word' id='word_1_401' title='bbox 623 4513 784 4576; x_wconf 90' lang='lat' dir='ltr'><strong>collatione</strong></span> <span class='ocrx_word' id='word_1_402' title='bbox 809 4533 876 4576; x_wconf 87' lang='lat' dir='ltr'><strong>cum</strong></span> <span class='ocrx_word' id='word_1_403' title='bbox 899 4515 1048 4595; x_wconf 87' lang='lat' dir='ltr'><strong>prioribus</strong></span> <span class='ocrx_word' id='word_1_404' title='bbox 1072 4516 1155 4576; x_wconf 86' lang='lat' dir='ltr'><strong>facta</strong></span> <span class='ocrx_word' id='word_1_405' title='bbox 1179 4513 1268 4577; x_wconf 80' lang='lat' dir='ltr'><strong>facile</strong></span> <span class='ocrx_word' id='word_1_406' title='bbox 1291 4513 1421 4594; x_wconf 89' lang='lat' dir='ltr'><strong>patebit.</strong></span> 
     </span>
    </p>
   </div>
   <div class='ocr_carea' id='block_1_7' title="bbox 833 4706 1005 4718">
    <p class='ocr_par' dir='ltr' id='par_1_8' title="bbox 833 4706 1005 4718">
     <span class='ocr_line' id='line_1_45' title="bbox 833 4706 1005 4718; baseline -0.012 0"><span class='ocrx_word' id='word_1_407' title='bbox 833 4706 1005 4718; x_wconf 55' lang='lat'><strong>*-</strong></span> 
     </span>
    </p>
   </div>
   <div class='ocr_carea' id='block_1_8' title="bbox 0 0 1653 5542">
    <p class='ocr_par' dir='ltr' id='par_1_9' title="bbox 0 0 1653 5542">
     <span class='ocr_line' id='line_1_46' title="bbox 0 0 1653 5542; baseline 0 0"><span class='ocrx_word' id='word_1_408' title='bbox 0 0 1653 5542; x_wconf 95' lang='lat' dir='ltr'><strong> </strong></span> 
     </span>
    </p>
   </div>
  </div>
 </body>
</html>
