3278 5542
144 295 187 363 46
737 295 897 348 mamm

144 458 183 522 qni
203 471 264 507 sane
283 458 400 521 perpauci
419 453 495 521 (quod
509 455 640 506 dolendum
661 452 712 519 est)
732 456 847 513 existunt,
867 455 983 520 esperim,
1001 461 1030 505 nt
1047 455 1109 506 certi
1126 455 1183 520 quid
1201 455 1227 505 in
1245 455 1284 506 his
1301 455 1384 521 quoad
1401 454 1495 505 licnmlt

143 534 275 578 statuatur.
303 529 343 578 Ad
361 527 448 577 ultima
466 527 514 576 dno
532 525 692 576 luminarium'
705 527 820 591 deliquia,
839 539 903 591 quae
921 527 946 575 in
958 526 1090 576 i'elrmario
1108 528 1215 591 proxime
1233 527 1317 591 elapso
1333 527 1495 592 contigerunt,

142 606 168 650 te
187 599 272 649 sedulo
291 599 427 649 attendisse
446 613 495 649 non
515 598 613 656 dubito,
637 611 713 663 qnare
732 613 814 647 eorum
833 599 909 648 etiam
927 604 1053 648 momenta
1070 604 1096 649 et
1113 596 1202 662 pheses
1220 598 1294 648 isthic
1312 596 1495 648 animadversas

141 670 234 719 indica.
271 670 359 721 Lunae
378 670 474 734 eclipsis
493 684 556 735 quae
576 668 618 718 li.
639 671 691 732 ejus
709 671 799 719 mensis
818 669 857 718 die
877 670 987 735 contigit,
1005 669 1045 720 hic
1063 670 1104 719 ubi
1121 668 1191 733 polus
1209 669 1321 720 elevatur
1339 663 1389 718 5³⁰
1407 665 1494 732 ³⁵¹b‘·

142 742 287 805 principium
299 741 394 798 habuit,
413 741 511 805 quando
524 741 633 805 superior
645 739 732 790 Lunae
751 740 838 789 limbus
858 740 1017 789 coutebatur
1034 754 1108 804 snpra
1124 739 1275 791 horizontem
1294 737 1344 788 w
1359 740 1421 801 iere,
1439 738 1495 790 hine

142 820 238 877 tempus
256 814 366 877 provenit
384 811 493 862 adhibito
512 814 562 861 riso
581 810 635 860 loco
654 811 741 861 Lunae
764 815 837 874 juxta
858 820 968 860 nonnam
986 812 1165 862 restitutionem
1184 820 1211 863 et
1226 812 1402 862 refractionem
1419 812 1493 875 impe·

143 884 249 933 dimento
268 884 364 933 sublato
383 883 406 934 h.
422 882 446 932 i.
462 881 503 932 Μ’
522 889 579 948 post
596 883 704 932 mediam
721 890 820 933 noctem
833 883 1031 934 antecedentem.
1059 882 1126 932 Finis
1145 883 1244 948 deliquii
1261 885 1327 933 inira
1344 882 1495 932 horizontem

142 957 231 1005 evenit.
259 953 321 1005 Visa
343 959 428 1004 autem
446 961 485 1004 est
497 954 570 1004 Luna
588 955 663 1004 ierme
681 961 736 1003 tots
754 953 877 1009 offuscari,
895 955 997 1004 minima
1015 958 1068 1018 eJus
1086 955 1240 1018 portiuncula
1258 955 1290 1005 ab
1304 955 1392 1003 umbra
1405 953 1495 1016 Terras

140 1026 218 1076 libera
236 1027 366 1076 existente.
404 1024 467 1075 Solis
486 1026 621 1089 eclipsatio,
641 1040 706 1090 quae
724 1023 767 1074 25.
786 1025 825 1074 die
845 1025 950 1087 accidit,
969 1026 1010 1076 hic
1028 1034 1147 1091 quantum
1165 1027 1230 1076 iuter
1246 1031 1401 1076 recurrentes
1419 1025 1495 1074 nubes

142 1096 338 1148 animadvertere
355 1097 438 1154 licuit,
464 1099 560 1146 initium
584 1097 671 1146 habuit
688 1097 713 1146 b.
736 1095 760 1145 il.
775 1094 818 1144 52¹
838 1109 861 1146 a.
880 1112 929 1152 m..
956 1113 1000 1161 per
1022 1097 1129 1147 armillas
1152 1099 1309 1164 aequaturias
1326 1093 1343 1145 d
1361 1096 1454 1160 pedurn
1470 1097 1495 1145 in

141 1168 261 1218 diametro
281 1168 351 1226 (narn
369 1170 534 1217 instrumenta
550 1181 606 1217 mea
625 1171 790 1218 astronomica
812 1166 859 1217 buc
882 1169 908 1217 in
926 1169 1086 1219 Germaniam
1110 1168 1241 1226 eDauia,
1266 1175 1295 1219 ut
1317 1168 1432 1218 conscius
1454 1168 1494 1224 sis,

141 1236 270 1301 transtuli)
289 1241 405 1303 temporis
422 1246 549 1289 momenta
567 1239 714 1289 denotando.
751 1238 860 1289 Medium
879 1243 933 1303 ejus
955 1242 991 1288 uti
1015 1255 1094 1305 neque
1117 1239 1192 1290 finem
1215 1242 1246 1290 ob
1269 1237 1448 1290 crassiusculss
1470 1245 1494 1287 et

143 1312 273 1362 continuas
291 1311 370 1360 nubes
390 1311 581 1361 intervenientes
599 1312 740 1375 conspicere
758 1326 807 1360 non
824 1310 937 1360 dabatur.
966 1311 1120 1361 Conveniunt
1137 1311 1201 1362 baec
1219 1318 1330 1374 tempora
1346 1311 1373 1360 iu
1391 1317 1494 1374 utrsqns

143 1382 226 1444 eclipsi
246 1382 307 1431 satis
325 1383 436 1446 praecise
455 1396 510 1432 cum
529 1389 610 1432 nostro
629 1382 796 1447 redintegrato
819 1381 926 1435 calculo.
946 1397 976 1431 ex
996 1379 1029 1431 18
1047 1382 1185 1433 Lunaribus
1205 1379 1264 1433 et'b
1284 1381 1410 1433 solaribus
1429 1381 1492 1446 prius

142 1453 262 1503 subtiliter
285 1453 408 1502 denotatis
434 1453 632 1517 eclipsationibus
656 1453 789 1518 depromto.
831 1451 866 1503 Ut
888 1454 919 1503 de
943 1454 997 1503 aliis
1020 1453 1077 1504 hinc
1100 1454 1157 1503 inde
1180 1468 1357 1518 saepenumero
1382 1453 1493 1516 expensis

142 1525 266 1573 amborum
286 1524 441 1590 luminarium
459 1525 605 1574 motionibus
630 1526 678 1574 hnc
702 1526 778 1575 etiam
802 1525 994 1575 conducentibus
1020 1524 1078 1574 nihii
1098 1525 1196 1575 addam.
1234 1523 1370 1586 Quantitas
1388 1525 1494 1588 corporis

142 1594 234 1645 Solaris
252 1595 340 1645 Lunae
358 1597 497 1645 interventu
515 1595 628 1645 offuscati
648 1597 733 1645 debuit
756 1599 829 1657 juxta
846 1609 903 1644 mea
921 1597 1052 1646 ratiocinia
1070 1611 1124 1647 esse
1143 1597 1212 1663 digit.
1234 1590 1301 1657 10³l,
1321 1597 1346 1644 in
1364 1595 1413 1645 hoc
1431 1594 1490 1644 hori·

143 1673 224 1722 sonte,
242 1665 315 1729 idque
334 1680 350 1716 a
367 1668 483 1731 superiori
501 1675 581 1731 parte,
601 1682 657 1716 curn
675 1667 783 1716 calculus
802 1666 967 1730 Copcrniceus
986 1674 1011 1716 et
1028 1669 1116 1732 phasin
1134 1673 1160 1718 et
1177 1675 1303 1717 momenta
1320 1667 1393 1730 hujus
1412 1667 1492 1717 obser·

141 1738 245 1788 rationis
263 1738 336 1787 aliter
354 1738 483 1796 exhibeat,
508 1740 544 1788 uti
569 1739 637 1788 etin
656 1737 749 1787 Lunari
770 1737 869 1801 eclipsi,
892 1745 945 1787 tam
967 1739 988 1788 ie
1011 1754 1085 1804 quarn
1102 1740 1267 1804 Alpbonsinus
1290 1738 1391 1787 nimium
1416 1737 1452 1787 cis
1469 1743 1493 1787 et

141 1809 206 1858 ultra
224 1809 399 1858 exorbitarunt.
427 1812 467 1858 An
486 1809 584 1874 deliquii
605 1809 697 1859 solaris
714 1809 910 1874 magnitudinem
929 1811 1017 1860 nostris
1035 1813 1144 1861 numeris
1162 1818 1229 1861 recte
1248 1811 1410 1875 attigerimus,
1428 1808 1490 1872 judi·

141 1888 199 1930 cent
216 1879 260 1937 iiii,
280 1881 319 1945 qni
339 1883 391 1943 ejus
409 1880 517 1931 medium
534 1882 657 1931 sereniore
676 1895 737 1930 aura
753 1881 791 1930 nsi
810 1887 996 1945 conspexerunt.
1016 1881 1055 1931 ·Id
1073 1898 1129 1933 sero
1148 1881 1274 1932 sciendum
1288 1887 1333 1938 est,
1352 1881 1452 1930 Lunam
1469 1881 1493 1929 in

142 1951 271 2001 noviluniis
290 1950 410 2016 eclipticis
428 1967 477 2001 non
496 1966 614 2019 apparere
633 1967 665 2002 ea
682 1952 869 2017 magnitudine,
895 1966 944 2017 qna
967 1952 1029 2002 alias
1052 1955 1077 2003 in
1100 1954 1254 2018 pleniluniis,
1278 1959 1335 2001 utut
1357 1952 1382 2001 in
1406 1953 1493 2002 eadem

142 2024 215 2073 inerit
234 2038 250 2072 a
267 2022 344 2073 Terra
362 2024 510 2083 remotione,
536 2024 581 2074 sed
601 2025 671 2089 quasi
694 2039 737 2088 pro
760 2025 847 2088 quinta
868 2031 939 2086 parte
958 2038 1013 2073 eam
1032 2026 1105 2074 certis
1125 2025 1156 2075 de
1179 2025 1259 2074 causis
1278 2023 1336 2072 alibi
1355 2023 1493 2074 reserandis

143 2096 326 2160 constringerer
352 2095 418 2144 unde
436 2094 465 2143 bt
482 2101 510 2143 nt
528 2095 601 2146 Luna
619 2110 743 2161 nunqnam
762 2101 842 2143 totum
861 2093 942 2144 Solem
961 2110 1057 2159 prorsus
1075 2096 1191 2162 obtegere
1209 2101 1300 2160 queat,
1320 2096 1418 2144 etiami
1437 2109 1492 2145 cen·

140 2167 236 2216 traliter
254 2166 335 2232 quoad
354 2166 431 2215 risum
449 2168 632 2231 interponatur,
652 2168 744 2216 iumine
763 2165 841 2215 Solari
860 2180 916 2215 eam
934 2167 1034 2231 aliquali
1053 2167 1133 2217 adbuc
1151 2168 1254 2231 vestigio
1273 2167 1412 2224 ambiente,
1432 2165 1493 2232 qaod

141 2245 167 2287 et
184 2240 209 2288 in
228 2238 274 2286 hoc
292 2237 378 2286 ultimo
397 2236 502 2302 deliquio
522 2238 716 2288 animadvertere
734 2243 849 2301 poterant
866 2237 909 2294 illi,
929 2240 1015 2303 quibus
1033 2240 1141 2289 maxims
1154 2238 1281 2288 offuscatio
1298 2240 1386 2300 patuit.
1417 2237 1491 2302 Opor-

139 2311 188 2358 tuit
206 2310 271 2358 enim
290 2315 350 2356 tnnc
369 2306 451 2358 Solem
469 2309 500 2357 de
519 2309 612 2358 Lundri
630 2323 729 2373 corpore
748 2310 859 2373 utrinque
877 2308 932 2373 pins
954 2310 1093 2370 includere,
1117 2310 1189 2375 idque
1214 2309 1396 2366 corniculatim,
1421 2322 1489 2374 quan

139 2381 206 2430 linea
223 2394 268 2443 per
285 2378 432 2429 diametrum
451 2378 527 2428 ducta
544 2380 673 2445 exigebat,
700 2384 755 2428 utut
773 2378 861 2428 Lunae
885 2379 1005 2430 diameter
1026 2388 1086 2431 tunc
1104 2383 1177 2431 luerit
1198 2383 1270 2443 Juxta
1288 2387 1399 2429 nostrum
1418 2381 1490 2430 etiarn

140 2450 263 2501 calculum
282 2445 372 2510 ³⁴³!st
391 2463 509 2513 apparere
528 2457 611 2500 autem
631 2449 697 2515 apud
715 2448 796 2499 Solem
815 2465 863 2499 non
881 2453 960 2514 potuit
979 2454 1058 2514 major
1075 2466 1149 2517 quam
1168 2450 1209 2505 28.
1230 2465 1303 2516 quam
1321 2450 1492 2502 limitationem

140 2523 272 2572 anemius
291 2527 368 2570 antea
386 2520 582 2571 animadversam
601 2523 711 2587 cognovi,
731 2521 775 2570 sed
792 2522 817 2570 in
837 2521 930 2586 aliquot
942 2522 1005 2572 Solis
1024 2524 1231 2574 observationibus
1247 2537 1302 2573 cum
1314 2529 1368 2572 tam
1387 2538 1402 2573 a
1422 2536 1492 2586 supe·

138 2594 201 2643 riore
220 2606 293 2658 quam
311 2592 424 2640 inferiore
443 2599 514 2655 parte
531 2599 665 2659 tegeretur,
684 2594 719 2642 sic
736 2606 776 2640 me
799 2592 882 2642 docuit
895 2595 1054 2658 experientia.
1083 2595 1162 2644 Tuum
1177 2596 1231 2651 erit,
1250 2594 1336 2644 excell.
1349 2593 1493 2651 Maestliue,

138 2663 196 2729 quid
214 2665 239 2714 in
258 2663 296 2712 his
315 2670 341 2713 et
357 2662 476 2712 similibus
495 2672 644 2725 compertum
662 2664 763 2719 habeas,
782 2665 841 2713 mihi
860 2666 935 2714 etiam
954 2668 1063 2730 aperire,
1083 2675 1157 2731 atque
1175 2667 1200 2715 in
1218 2673 1342 2730 posterum
1357 2666 1494 2729 jucundam

139 2738 204 2785 inter
222 2749 266 2784 nos
285 2735 315 2784 de
335 2733 407 2783 rebus
426 2737 594 2784 astronomicis
613 2735 777 2793 collationem,
797 2751 870 2800 quam
890 2743 915 2786 et
934 2752 979 2802 ego
996 2753 1045 2786 non
1057 2739 1132 2788 invite
1145 2737 1283 2796 admittam,
1303 2751 1426 2787 exercere.
1454 2734 1495 2786 De

139 2806 265 2870 eclipsium
284 2810 367 2856 autern
379 2807 530 2869 potissimum
545 2807 680 2857 Lunarium
694 2821 711 2856 a
728 2814 753 2856 te
770 2807 892 2857 subtiliter
906 2810 1081 2859 animadversis
1093 2810 1222 2859 momentis
1235 2823 1282 2861 me.
1302 2810 1493 2873 quamprimum

138 2879 191 2929 lieri
203 2884 287 2943 queat,
306 2879 433 2926 certiorem
446 2878 528 2938 redde,
551 2885 579 2927 ut
592 2880 765 2939 correctionem
779 2879 964 2944 longitudinum,
985 2880 1016 2930 de
1028 2895 1078 2945 qna
1090 2881 1146 2929 dixi.
1167 2895 1240 2943 quam
1257 2880 1322 2928 brevi
1341 2881 1365 2929 in
1385 2881 1493 2944 quadam

138 2950 232 2999 tabella
250 2949 370 2999 adornare
389 2950 512 3008 consutui,
532 2957 584 2999 tam
601 2950 674 3003 hinc.
694 2963 766 3014 quam
785 2965 815 2999 ex
834 2951 889 2999 aliis
907 2953 1051 3015 quibusdam
1071 2951 1169 3001 aliunde
1189 2952 1330 3014 conquisitis
1348 2953 1445 3000 indiciis
1464 2966 1494 3000 eo

137 3022 253 3086 promtius
273 3019 409 3084 expediam.
445 3020 549 3085 Jamque
568 3023 638 3079 vale,
663 3021 694 3070 V.
717 3020 751 3069 ct
777 3021 851 3070 etde
869 3023 941 3072 rebus
965 3024 1133 3073 astronomicis
1158 3022 1315 3072 landabiliter
1336 3024 1439 3079 merite,
1466 3022 1492 3070 in

67 3090 70 3097 '
137 3093 223 3157 quibus
242 3093 317 3141 etiam
330 3091 480 3154 expoliendis
498 3098 524 3141 et
541 3092 719 3156 locupletandis
738 3098 766 3140 ut
784 3094 809 3141 in
828 3101 952 3157 postemm
969 3109 1108 3159 perseveres
1126 3101 1152 3142 te
1170 3093 1290 3143 adhortor.
1320 3093 1367 3143 Ubi
1387 3094 1492 3158 rescrip-

138 3166 207 3224 seris,
227 3163 307 3219 eii'rce,
327 3168 355 3211 ut
372 3163 458 3213 literae
477 3177 620 3227 quocunqne
639 3165 740 3213 tandem
759 3165 853 3213 viarum
872 3165 948 3214 ductu
966 3167 1017 3216 sive
1035 3179 1079 3230 per
1099 3163 1294 3229 Norimbergarn,
1313 3167 1363 3214 sire
1384 3165 1493 3231 aliquam

139 3237 214 3285 aliam
238 3234 359 3284 celebrem
378 3233 525 3285 Germaniae
548 3235 632 3285 urbem
650 3235 819 3300 Hamburgum
837 3236 1002 3299 perferantur,
1027 3239 1052 3286 in
1072 3237 1203 3301 hospitium
1221 3237 1293 3285 isthic
1312 3251 1409 3293 meum,
1427 3235 1493 3302 quod

140 3314 178 3358 est
197 3307 262 3371 apud
273 3304 357 3355 Herm.
372 3303 477 3355 Βειιῑιοι
495 3306 540 3355 sub
556 3307 627 3372 signo
641 3306 752 3356 Coronae
771 3320 871 3362 aureae,
889 3309 973 3373 sicque
992 3323 1036 3358 eas
1053 3323 1092 3358 me
1111 3316 1177 3358 certo
1196 3309 1351 3358 obtenturum
1369 3323 1420 3358 nou
1439 3322 1492 3358 am·

139 3379 210 3445 bigo;
229 3381 330 3442 jamque
348 3377 436 3426 iterum
455 3382 481 3426 et
498 3379 596 3441 saepius
614 3378 681 3427 vale.

208 3448 341 3499 Dabuntur
357 3446 544 3515 Wandesburgo
564 3447 652 3515 dieg21
676 3445 734 3511 (st)
753 3451 813 3514 Apr.
836 3445 905 3498 1598
924 3447 1083 3511 (Maestlinus
1101 3451 1245 3516 adscripsit:
1263 3451 1428 3514 praesentiert
1445 3464 1489 3500 rou

139 3519 285 3587 Strtssburg
303 3517 335 3568 29
354 3517 416 3583 Maii
435 3516 491 3582 98).

1181 3593 1262 3658 silebo
1280 3593 1384 3651 Brubs,

139 3665 200 3715 Cum
226 3663 395 3714 intellexissim
425 3662 581 3712 tabellarium
611 3667 662 3712 toto
685 3661 732 3712 hoc
758 3662 798 3712 die
822 3661 958 3729 Hsmburgi
1200 3667 1353 3731 manuppria.

138 3744 296 3793 moraturum,
316 3736 399 3786 curari
411 3735 548 3798 exemplum
561 3735 685 3784 literamm
698 3733 798 3798 Kepleri
812 3732 845 3782 ad
859 3749 898 3784 me
910 3750 961 3786 una

139 3822 194 3858 oum
206 3822 260 3858 meo
272 3821 388 3871 responso
401 3805 513 3864 describi,
532 3807 617 3873 bisque
631 3806 741 3871 adjungi,
760 3819 807 3870 quo
826 3804 856 3855 de
875 3821 960 3856 earum

137 3881 214 3929 etiam
238 3879 360 3929 contentis
385 3879 474 3929 certior
495 3877 581 3928 fieres:
608 3877 650 3928 nbi
675 3877 746 3943 plura
767 3877 815 3926 hue
840 3878 960 3928 facientia

138 3951 255 4001 invenies.
472 3948 476 3958 '
585 3959 588 3969 '

208 4089 345 4141 Posteriore
368 4096 478 4155 tempore
496 4091 580 4155 Tycho
603 4093 628 4142 in
650 4092 727 4142 literis
751 4091 784 4141 ad
801 4090 936 4157 Keplerum
959 4091 1023 4141 datis
1048 4091 1113 4142 bunc
1136 4093 1162 4142 in
1186 4092 1285 4143 modum
1309 4093 1340 4144 de
1358 4093 1491 4148 Prodromo

137 4163 255 4228 loquitur:
283 4161 322 4212 De
340 4162 399 4212 libro
418 4168 468 4221 tno,
487 4164 523 4212 uti
540 4166 561 4212 is
580 4177 636 4213 cnm
654 4178 697 4213 suo
717 4170 801 4213 autore
819 4171 935 4218 meretur,
953 4176 1050 4227 semper
1067 4178 1097 4213 ex
1118 4178 1165 4230 quo
1187 4164 1245 4214 mibi
1257 4167 1421 4230 introspectus
1440 4175 1489 4226 est,

104 4248 109 4259 ‘
136 4234 268 4285 honorilice
281 4234 354 4291 sensi,
374 4248 420 4283 nec
434 4243 458 4284 te
472 4241 516 4284 aut
529 4235 589 4284 alios
601 4248 744 4300 quocunqne
756 4233 829 4283 modo
842 4235 872 4284 de
886 4234 954 4284 hisce
973 4235 1114 4284 sublimibus
1133 4242 1159 4286 ct
1178 4250 1194 4286 a
1211 4237 1277 4302 rulgi
1296 4244 1372 4302 captu
1389 4241 1490 4289 minutis

137 4306 269 4371 disciplinis
288 4304 415 4370 praeclare
432 4312 555 4356 merentes
574 4315 600 4358 et
617 4307 726 4356 veritatis
751 4306 866 4356 nucleum
889 4307 952 4355 serio
976 4305 1122 4357 affectantes
1149 4307 1223 4361 laude
1246 4323 1292 4358 sua
1314 4311 1417 4373 privavi,
1445 4316 1491 4361 aut

136 4379 235 4444 privabo
253 4391 375 4442 unquam,
394 4378 452 4439 quin
471 4379 551 4442 potins
569 4377 644 4427 extuli
663 4378 731 4426 etin
749 4384 873 4441 posterum
892 4377 1015 4427 extollam.
1052 4378 1107 4428 Hoc
1124 4380 1284 4445 praecipuum
1304 4389 1354 4439 est,
1380 4380 1445 4446 quod
1463 4383 1490 4432 in

137 4458 180 4500 tuo
197 4449 325 4516 ingenioso
342 4448 385 4497 illo
402 4449 493 4513 scripto
512 4462 568 4498 curu
585 4449 705 4513 plerisque
723 4455 808 4499 tamen
827 4449 881 4498 aliis
900 4463 980 4498 errore
999 4452 1120 4499 communi
1139 4450 1259 4508 admittis,
1284 4466 1333 4501 non
1352 4453 1440 4516 probo,
1463 4460 1490 4504 te

136 4520 275 4573 realitatem
293 4520 418 4586 quandam
436 4520 532 4569 orbibus
550 4519 696 4570 coelestibus
714 4522 795 4571 inesse
813 4527 937 4576 statuere,
961 4534 1008 4584 quo
1031 4523 1067 4571 sic
1088 4523 1206 4586 promtius
1224 4521 1381 4587 Copemiceis
1398 4525 1488 4592 imagi·

136 4594 276 4644 nationibus
293 4594 358 4642 viam
382 4598 462 4641 struas
485 4593 555 4657 eique
577 4591 674 4641 iaciiius
698 4592 844 4642 subscribas.
880 4591 1003 4641 Motiones
1030 4592 1149 4643 coelestes
1172 4595 1340 4657 symmetriam
1363 4595 1489 4660 quandam

137 4665 278 4722 observare,
304 4670 330 4714 et
351 4664 459 4714 rationes
482 4663 595 4722 subesse,
621 4678 665 4713 cur
683 4664 749 4713 circa
765 4664 829 4714 haec
847 4662 885 4712 rel
904 4663 955 4712 alia
978 4670 1064 4714 centra
1089 4677 1105 4714 a
1122 4665 1203 4715 Terris
1225 4665 1264 4715 rel
1283 4665 1340 4717 Sole
1359 4666 1490 4730 dispariter

136 4741 231 4787 remota
249 4736 431 4790 convolvuntur,
450 4750 499 4784 nou
517 4735 637 4801 negarim,
655 4734 699 4784 sed
718 4734 846 4786 harmonia
864 4740 891 4784 et
908 4734 1093 4800 dispositionum
1111 4736 1228 4803 analogia
1246 4752 1275 4787 cx
1290 4740 1426 4801 posteriori,
1446 4740 1488 4788 ubi

135 4815 216 4860 motus
235 4813 261 4859 et
283 4813 393 4861 motuum
417 4807 559 4863 occuionea
583 4807 616 4858 sd
638 4808 755 4858 amussim
780 4807 949 4867 constiterint,
975 4822 1026 4857 non
1050 4813 1134 4858 autom
1157 4823 1186 4859 ex
1204 4810 1291 4874 priori,
1317 4811 1354 4858 uti
1372 4816 1398 4860 et
1415 4818 1443 4860 tn
1462 4816 1489 4863 et
