3278 5542
136 255 182 327 56
733 257 895 310 Prooemium.

137 442 195 486 sua
217 421 328 484 alicubi
352 419 518 495 addixerit,
543 437 638 500 eaque
662 420 700 480 ad
722 427 840 498 tempus
863 426 1014 499 praestet,
1038 426 1163 499 utroque
1186 419 1275 480 mods
1297 424 1398 480 totam
1419 415 1494 478 hauc

136 531 200 576 rem
222 511 280 591 ipsi
305 510 430 572 utilitati
455 510 527 572 iore.
575 507 637 572 Sed
665 508 751 582 vide,
785 508 854 588 quid
882 515 979 569 metus
1009 506 1102 570 faciat
1128 507 1300 569 immanium
1326 506 1493 568 verberum.

137 600 273 665 Obsecro
287 610 328 672 te,
342 600 526 678 Praeceptor
542 597 723 672 honorande,
748 597 871 667 enitere,
896 605 930 658 nt
948 598 974 658 si
989 617 1048 678 qua
1062 597 1193 659 conditio
1213 597 1294 677 apud
1316 615 1372 657 vos
1396 604 1492 669 vacet,

137 691 168 753 in
192 709 257 751 eam
283 708 338 770 ego
362 690 533 750 succedam.
581 687 698 767 Ubique
721 685 766 747 ita
788 704 836 747 me
860 706 971 765 geram,
996 695 1030 748 ιι
1053 694 1171 767 gratum
1195 686 1372 768 discipulum
1398 685 1492 746 decet

137 778 234 844 Crede
250 778 330 852 mihi,
347 778 373 839 si
387 777 555 857 Tubingam
570 785 685 838 mature
700 795 819 850 venero,
830 853 834 862 Ι
844 777 954 839 multos
969 775 1131 858 Styrenses
1147 776 1263 838 nobiles
1277 794 1313 837 eo
1328 782 1492 849 attraxero,

138 871 187 950 qui
211 868 353 930 aliorsum
376 868 585 929 concederent.
631 865 678 927 De
706 865 828 946 negotio
856 866 1010 945 eclipsium
1039 866 1170 946 gaudeo,
1201 865 1258 927 tibi
1285 872 1407 927 cautum
1431 863 1492 944 jam

138 958 268 1039 pridem.
291 988 332 1000 -
357 956 458 1038 Tycho
482 956 554 1017 mire
577 954 822 1035 philosophatur,
846 954 1129 1028 utendumoauali,
1160 973 1197 1015 ne
1222 973 1274 1017 aer
1296 954 1493 1015 intercurrens

136 1047 303 1110 confundat
326 1052 358 1107 et
381 1046 523 1118 obliteoet
545 1043 821 1124 radiumeoptices
844 1044 891 1106 hic
915 1044 1048 1106 nonnihil
1067 1043 1215 1124 indigens.
1248 1045 1332 1107 ldem
1346 1041 1492 1104 aestima-

136 1137 218 1199 tione
243 1136 308 1198 sine
333 1133 444 1197 circino
469 1135 560 1208 iacta,
579 1130 605 1197 -5
630 1133 759 1195 testibus
782 1133 1048 1206 consentientibus,
1074 1133 1239 1208 contendit,
1264 1131 1390 1212 eclipsin
1416 1131 1493 1194 Solis

136 1222 189 1288 30.
201 1225 271 1286 ιιι.
285 1225 392 1298 (ιιι.)
408 1223 501 1285 fuis'se
518 1232 634 1285 tantum
649 1220 741 1303 5dig.
753 1241 841 1303 quam
851 1221 872 1284 J
873 1223 999 1284 ostelius
1009 1223 1205 1302 Witebergae
1220 1221 1397 1284 aestimavit
1411 1221 1492 1283 siuri-

135 1315 205 1377 liter
219 1314 284 1376 sine
299 1313 409 1375 circino
426 1311 445 1375 7
461 1321 493 1375 et
510 1314 590 1375 ultra
610 1312 780 1392 digitorum,
803 1330 859 1391 ego
876 1311 995 1375 Graetii
1014 1313 1052 1374 ad
1067 1320 1136 1374 octo
1156 1313 1218 1373 iere
1233 1311 1354 1374 extendi
1369 1311 1491 1373 demon·

78 1460 84 1471 .
138 1403 243 1478 stravi,
268 1422 334 1481 cum
358 1409 441 1465 certo
466 1410 627 1482 appareret
649 1401 678 1462 in
703 1401 786 1463 radio
811 1402 954 1481 ampliato
979 1394 1054 1483 θ’ίι,
1078 1409 1111 1463 et
1133 1409 1165 1463 tu
1180 1401 1334 1480 'lubingae
1358 1400 1495 1463 similiter

136 1492 296 1555 autfficicse
329 1511 386 1553 nou
420 1492 608 1553 aestimando
641 1490 744 1552 vidisti
776 1491 857 1552 ultra
895 1491 1047 1552 dimidium
1077 1491 1235 1553 deficeres
1269 1488 1335 1552 ‘Sed
1363 1497 1399 1550 ut
1427 1488 1493 1552 illuc

86 1634 90 1641 .
136 1581 272 1657 redeam,
298 1580 514 1643 demonstratio
539 1581 632 1642 totius
657 1581 699 1641 rei
724 1598 791 1641 cum
814 1581 856 1642 sit
878 1580 1002 1661 pulchra
1025 1588 1058 1641 et
1081 1580 1258 1655 artificiosa,
1283 1579 1404 1641 videtur
1426 1579 1493 1641 milri

136 1670 246 1751 digna,
266 1689 364 1752 quam
393 1670 473 1753 typis
504 1670 662 1741 mandem,
691 1679 725 1730 ιι
754 1669 895 1732 hederam
924 1670 1125 1749 suspendam,
1152 1688 1219 1732 cum
1240 1670 1303 1749 jam
1326 1667 1493 1731 absolutum

136 1759 209 1822 nihil
225 1760 459 1823 habeamaliud.
494 1761 599 1840 ltaque
624 1758 649 1821 si
675 1760 716 1820 sit
730 1760 946 1840 typographus,
971 1758 1233 1839 curaboimprimi.
1272 1758 1396 1821 Interea
1419 1758 1493 1832 vale,

136 1856 167 1914 et
190 1850 248 1913 mei
272 1868 384 1913 memor
407 1850 460 1921 sis,
485 1850 553 1911 dum
576 1849 606 1909 in
630 1849 855 1911 calamitatibus
879 1850 961 1912 hisce
985 1867 1097 1924 versor,
1122 1849 1171 1930 qui
1193 1867 1240 1911 me
1261 1848 1399 1911 foelicem
1414 1866 1494 1910 sem·

135 1955 191 2022 per
214 1948 343 2111 atlpagsgtge
367 2024 398 2093 6·
427 2025 477 2092 16,
502 2028 576 2090 Μ.
602 2046 651 2089 an·
680 2023 773 2092 ¹600·
1029 2027 1067 2088 Η,
1093 2026 1126 2087 Τ,
1175 2025 1263 2088 Grat.
1288 2026 1454 2106 discipulus

1108 2115 1156 2180 Μ.
1180 2116 1214 2179 J.
1238 2114 1366 2199 Kepler.

224 2242 262 2304 D.
287 2242 326 2305 D.
352 2242 490 2324 Zieglero
522 2241 682 2322 plurimam
713 2240 841 2302 salutern
875 2241 923 2313 (ut
951 2246 983 2301 et
1010 2239 1120 2302 ceteris
1147 2239 1395 2320 praeceptoribus
1424 2238 1492 2301 meis

137 2331 287 2405 omnibus)
312 2330 388 2393 dico.
431 2329 591 2402 Quartana
615 2350 672 2392 non
697 2331 757 2392 fert
778 2331 879 2410 plures
903 2329 1059 2409 epistolas.
1100 2327 1162 2392 Oro
1186 2336 1297 2400 tamen,
1320 2335 1354 2391 ιι
1377 2328 1493 2395 affinem

136 2440 222 2482 suum
246 2419 284 2483 D.
308 2419 535 2499 Eugelhardum
558 2418 755 2483 Stuccardiae
780 2420 938 2498 degentem
967 2416 1117 2494 hortetur,
1148 2440 1185 2480 ne
1214 2417 1286 2481 mihi
1315 2438 1370 2480 sua
1406 2435 1495 2499 opera

138 2510 219 2573 desit
242 2509 271 2570 in
295 2527 342 2584 re,
377 2528 464 2590 quam
496 2509 534 2571 ab
564 2510 629 2589 ipso
653 2507 847 2588 Engelhardo
870 2528 924 2591 per
948 2507 1053 2569 literas
1077 2509 1170 2588 petii,
1207 2502 1297 2571 etde
1321 2527 1380 2588 qua
1406 2506 1497 2587 Zieg-

135 2598 198 2662 lero
230 2607 373 2660 constat:
407 2618 448 2660 ac.
480 2606 513 2660 ut
543 2598 582 2662 D.
607 2597 748 2660 Doldium
781 2603 920 2671 moneat,
954 2605 987 2658 et
1018 2597 1122 2659 literas
1152 2617 1206 2678 per
1234 2605 1354 2679 postam
1383 2597 1425 2659 ad
1450 2613 1497 2658 me

79 2722 81 2725 ·
138 2688 290 2750 amandet.

210 2849 250 2899 Ad
267 2848 330 2899 haec
343 2847 489 2897 Maestlinus
508 2863 557 2896 uon
575 2847 708 2910 respoudit,
727 2847 874 2912 penitusque
893 2847 1022 2909 obmutuit,
1041 2847 1153 2912 quamvls
1171 2848 1270 2910 saepius
1289 2861 1306 2896 a
1317 2846 1429 2911 Keplero
1447 2861 1498 2896 mo·

137 2922 212 2980 ultus.
227 2934 305 2985 usque
319 2918 351 2970 ad
360 2934 453 2969 annum
466 2917 541 2980 1605,
553 2934 601 2984 quo
610 2919 714 2968 tandem
724 2918 832 2983 Keplero
843 2921 919 2968 etiam
933 2925 1008 2984 atque
1022 2921 1098 2969 etiarn
1111 2921 1208 2984 roganti
1221 2920 1352 2969 obsecutus
1365 2917 1499 2983 respondit.

209 3026 271 3077 (ium
288 3028 314 3076 in
332 3027 496 3089 superioribus
514 3025 693 3075 Maestlini
718 3025 748 3074 de
768 3023 902 3087 Copernico
921 3027 1072 3074 sententiam
1094 3026 1305 3088 proposuerimus,
1332 3038 1382 3072 non
1407 3022 1452 3072 abs
1473 3037 1500 3073 re

138 3113 192 3150 ease
210 3105 335 3163 putamus,
354 3100 374 3146 si
391 3098 510 3160 judicium
530 3098 646 3159 eiusdem
660 3097 690 3145 de
704 3097 803 3145 decreto
816 3097 960 3179 pontificali,
981 3112 1027 3161 que
1041 3097 1161 3146 damnata
1174 3102 1212 3145 est
1225 3095 1441 3160 Coporniciratio,
1458 3095 1498 3145 hie

139 3184 306 3234 apponamus,
325 3182 466 3233 quanquam
484 3168 667 3231 imperfectum,
687 3167 752 3231 qnod
771 3182 800 3216 co
818 3169 899 3217 minus
917 3168 956 3218 hic
976 3168 1138 3217 omittendum
1158 3182 1302 3225 censemus,
1322 3167 1387 3232 quod
1403 3165 1496 3217 Manat·

139 3242 203 3292 linus
222 3242 268 3292 sibi
286 3247 453 3305 proposuerat,
473 3240 574 3290 editioni
589 3241 668 3303 operis
681 3239 818 3301 Copemici
838 3238 955 3290 Basileae
973 3242 1038 3304 typis
1061 3240 1225 3298 recudendae,
1244 3239 1405 3289 Prodremum
1417 3253 1497 3288 suum·

139 3326 187 3377 que
206 3312 367 3377 appendicem
391 3311 534 3376 adjungere.
574 3310 643 3360 Inter
660 3312 829 3374 manuscripta
847 3311 1010 3362 bibliothecae
1031 3310 1231 3376 Stuttgartianae
1249 3311 1346 3362 seilicet
1364 3292 1496 3375 depreheri·

139 3383 219 3435 dimna
236 3385 329 3434 haecce
348 3396 424 3432 manu
441 3382 568 3433 Maestlini
586 3383 696 3445 scripta.

212 3469 286 3521 „pag
306 3452 354 3511 90,
372 3460 427 3518 post
445 3455 640 3518 praelationem,
658 3460 719 3504 aute
738 3454 867 3518 epistolam
886 3455 986 3504 Gasseri
1006 3449 1040 3516 ¹⁶)
1058 3456 1246 3518 interponantur
1264 3455 1413 3519 sequeutia.

738 3560 900 3615 Additio.

212 3669 324 3721 ductarii
342 3667 396 3719 loeo
418 3667 478 3720 huic
496 3670 622 3733 praesenti
642 3667 742 3718 editioni
759 3668 823 3718 haec
843 3669 973 3733 sequentia
995 3669 1111 3720 addenda
1132 3669 1225 3719 censui.
1255 3667 1321 3716 Exiit
1345 3680 1412 3718 anuo
1435 3662 1499 3716 tttt

141 3754 171 3794 aa
193 3740 359 3808 typographia
383 3739 503 3792 Gamerae
528 3740 686 3805 apostolieae
711 3740 807 3799 Romae
832 3739 966 3791 Decretum
984 3755 1059 3790 mauu
1080 3748 1105 3790 et
1128 3740 1207 3807 sigillo
1231 3739 1264 3789 ill.
1288 3737 1361 3787 Oard.
1386 3737 1412 3789 S.
1437 3738 1500 3790 Cae·

140 3815 214 3866 ciliae
231 3815 357 3878 signatum
370 3819 396 3862 et
407 3815 536 3869 munitum,
556 3813 596 3862 die
615 3808 743 3865 5Martis.
764 3817 833 3876 cnjus
852 3813 977 3876 inscriptio
997 3819 1048 3862 est:
1073 3812 1241 3863 Decretum
1255 3811 1280 3862 S.
1301 3811 1501 3878 congregationis

140 3886 178 3937 lll.
199 3885 224 3936 S.
244 3884 276 3934 R.
297 3885 326 3934 Ε.
347 3883 529 3941 circinnium,
549 3899 565 3935 a
584 3884 609 3934 S.
629 3884 662 3933 D.
682 3883 714 3934 N.
733 3884 811 3934 Paulo
829 3883 950 3950 PapaV.
982 3883 1123 3949 Sanctaque
1142 3885 1200 3934 sede
1219 3881 1363 3946 apostolica
1381 3883 1414 3932 ad
1433 3883 1501 3933 ludi·

142 3972 197 4008 cem
215 3956 344 4007 Librorum
363 3957 543 4020 eorundemque
560 3958 752 4020 permissionem,
771 3953 971 4020 prohibitionem.
992 3958 1208 4020 expurgationem,
1228 3961 1254 4005 et
1271 3955 1458 4019 impressionem
1475 3955 1501 4003 in

142 4029 256 4079 uniuersa
273 4027 337 4092 Rep.
358 4026 499 4076 Christiana
517 4027 656 4090 specialiter
674 4028 861 4090 deputatorum,
881 4027 969 4092 ubique
987 4026 1171 4090 publicandum.

213 4099 249 4148 Eo
263 4098 363 4150 decreto
375 4099 440 4147 luter
452 4104 536 4148 cetera
547 4099 612 4148 haec
625 4099 753 4163 leguntur:
779 4098 862 4159 ,Quia
880 4099 912 4148 ad
931 4100 1045 4148 notitiam
1063 4114 1082 4147 s.
1098 4098 1296 4164 congregationis
1314 4097 1435 4162 pervenit,
1453 4096 1500 4146 lal-

37 4177 40 4186 “
142 4185 198 4222 sam
225 4169 293 4220 illam
322 4170 460 4220 doctrinam
487 4169 678 4234 Pythagoricam
707 4170 804 4220 divinae
827 4172 962 4233 scripturae
986 4172 1083 4219 omnino
1109 4171 1280 4220 adversantem
1302 4171 1334 4219 de
1361 4169 1501 4218 mobilitate

143 4243 235 4294 Terrae
254 4247 281 4291 et
298 4240 469 4290 immobilitate
488 4239 565 4298 Solis,
590 4255 663 4305 quarn
681 4241 713 4290 N
734 4240 883 4304 Copemicus
902 4247 927 4290 et
945 4242 1056 4292 Didacus
1074 4244 1196 4291 Astunica
1220 4243 1295 4291 etiam
1319 4242 1424 4295 docent.
1447 4244 1502 4303 jam

141 4312 264 4378 divulgari
292 4318 318 4362 et
344 4327 360 4361 a
390 4311 473 4360 multis
501 4312 595 4376 recipi,
632 4313 704 4361 sicuti
736 4312 817 4362 ridere
841 4321 880 4362 est
904 4328 934 4362 ex
966 4314 1073 4377 quadam
1099 4313 1203 4398 epistpla
1227 4315 1347 4397 impressa
1371 4312 1502 4374 cujusdam

142 4384 172 4436 P
191 4382 379 4434 CamelitaeP.
395 4384 425 4431 Δ.
440 4383 594 4438 Passenni..
610 4419 638 4432 ..
658 4384 721 4441 ideo,
741 4399 773 4432 ne
791 4384 892 4433 ulterius
910 4384 1048 4448 hujusmodi
1067 4387 1147 4448 opinio
1165 4387 1190 4433 in
1208 4386 1343 4448 perniciem
1361 4383 1502 4432 catholicae

143 4456 253 4507 veritatis
271 4461 363 4520 serpat,
383 4454 488 4512 censuit,
508 4454 586 4504 dictos
600 4454 762 4519 copemicum
777 4456 807 4505 de
827 4454 900 4506 recol.
920 4457 1012 4506 orbium
1026 4463 1052 4506 et
1063 4457 1212 4506 Didaccm
1206 4472 1231 4506 ιι
1249 4455 1296 4505 Job
1315 4453 1502 4518 suspendendos

145 4541 208 4584 essa.
227 4527 306 4577 donec
324 4527 484 4591 configantur.
514 4525 614 4576 Librum
631 4543 688 4576 vero
708 4529 833 4577 l'oscariui
852 4529 949 4577 omnino
967 4527 1159 4592 prohibendum¹⁴
1180 4526 1224 4577 dcc.
1235 4549 1271 4561 -
1290 4527 1369 4588 Quae,
1389 4526 1503 4584 obsecro.

146 4598 252 4650 cau'dide
269 4597 361 4648 lector!
381 4603 419 4647 est
438 4605 483 4647 tua
501 4598 532 4647 de
549 4598 596 4648 hoc
611 4598 648 4649 ιιι.
664 4599 736 4648 Card.
757 4600 855 4648 decreto
868 4600 990 4649 censura?
1016 4603 1056 4649 An
1073 4615 1131 4656 non.
1151 4600 1191 4649 nbi
1210 4602 1314 4663 primum
1332 4602 1385 4661 ejus
1403 4598 1503 4663 magai-

145 4671 220 4722 iicum
237 4670 334 4720 titulum
353 4669 456 4736 legeris,
483 4671 527 4719 tibi
546 4671 691 4733 persuades,
712 4673 745 4721 ad
762 4673 836 4721 istam
855 4669 880 4720 S.
902 4670 1123 4737 congregationem
1141 4672 1272 4734 deputatos
1291 4685 1344 4720 esse
1363 4671 1426 4718 riros
1445 4683 1501 4732 spe-

148 4742 259 4800 cialiter,
283 4755 333 4791 non
356 4747 454 4790 tantum
471 4742 496 4790 in
521 4742 631 4791 omnibns
650 4741 676 4792 S.
695 4743 848 4808 theologiae,
872 4743 1078 4808 jnrisprudentlae
1097 4739 1142 4792 ιιι.
1165 4744 1287 4806 partibus,
1314 4742 1357 4791 sed
1382 4743 1458 4790 etiam
1476 4741 1503 4789 in

147 4812 214 4865 omni
231 4811 310 4865 scibili
327 4813 526 4864 mannetissimce
545 4818 571 4863 et
590 4814 756 4873 doctissimos,
782 4827 841 4879 quos
860 4815 922 4866 nihil
940 4829 1038 4869 eorum.
1064 4827 1128 4881 quae
1147 4814 1251 4878 alicuius
1269 4814 1387 4864 momenti
1404 4813 1430 4862 in
1449 4811 1504 4863 dies
