3278 5542
143 281 209 349 360
563 283 664 337 Literae
682 284 785 352 Keplsri
807 285 960 354 aliorumque
976 292 1079 340 manna

140 446 232 524 longa
254 453 380 525 usurpat
402 443 524 506 horaria
547 451 695 524 tempora,
718 445 797 507 infra
819 444 919 508 subito
942 444 1057 508 brevia.
1074 478 1116 489 -
1139 443 1203 508 Sed
1222 443 1428 509 examinemus
1439 464 1492 526 pa-

141 552 260 612 rumper
284 532 406 595 Stadii
435 533 534 594 verba
586 534 745 608 „Meminit
775 535 968 596 Ptolemaeus
1000 533 1273 616 hemicycliorom.“
1323 532 1406 597 Saue
1431 554 1493 597 me-

141 621 234 694 minit,
262 630 295 684 at
318 641 375 683 non
400 622 428 682 in
453 621 592 682 doctrina
615 623 718 683 domos
734 623 877 701 erigendi,
902 623 956 686 sed
981 624 1010 685 in
1026 624 1163 685 doctrina
1179 623 1343 701 dirigendi.
1379 624 1492 703 Pergit:

142 711 237 785 ,hora
261 711 475 790 aequinoctiali
500 711 707 773 distantium.“
756 709 836 781 Quid
851 711 908 772 hoc
933 713 1063 781 adrem,
1087 712 1231 774 siveram
1248 711 1383 774 maxime
1399 713 1493 775 esset?

141 801 229 862 Anne
253 797 296 862 24
321 801 424 861 domos
449 797 574 860 Stadios
600 800 780 863 fabricavit?
825 800 911 862 Duas
933 802 1035 881 potius
1059 802 1149 862 horas
1170 800 1371 863 Ptolemaeus
1402 801 1493 864 uomi-

139 897 259 961 nasset,
293 889 319 950 si
343 889 380 950 de
404 888 540 949 domibus
570 889 694 966 egisset.
742 888 803 952 Sed
834 909 892 951 non
926 891 1062 970 percepit
1084 888 1210 952 Stadios
1234 897 1371 951 mentam
1391 897 1490 952 textus

141 975 266 1039 Graeci:
302 974 343 1040 cir
371 972 476 1049 iuncos
499 998 574 1039 κατα
598 1000 647 1054 την
675 977 765 1054 αὐτην
787 983 874 1040 deors
904 979 969 1056 iope
991 978 1092 1058 ἑγγυςα
1122 1000 1172 1054 την
1194 974 1279 1055 cipue
1300 1000 1388 1041 nom.
1433 979 1492 1041 Hoc

140 1068 205 1128 vult
229 1067 433 1140 Ptolemaeus,
458 1074 598 1127 manente
623 1066 681 1127 fixo
705 1067 890 1149 hemicyclio,
916 1086 1110 1149 quaecunque
1133 1084 1206 1146 pars
1229 1066 1349 1129 zodiaci
1372 1066 1404 1129 in
1426 1068 1491 1130 illud

137 1155 267 1229 incidat,
308 1155 426 1235 aequali
459 1155 599 1215 horarum
631 1155 820 1235 propriarum
852 1176 906 1219 seu
937 1156 1145 1235 temporalium
1178 1174 1302 1218 numero
1337 1156 1446 1219 abesse
1477 1177 1491 1216 a

138 1245 321 1319 meridiano,
357 1252 404 1317 ut,
434 1242 493 1304 etsi
517 1237 561 1305 0⁰
584 1257 616 1309 so
641 1245 824 1306 constitutus
854 1244 883 1306 in
907 1246 963 1307 tali
985 1246 1044 1307 lixo
1077 1243 1271 1328 hemicyclio,
1306 1263 1491 1325 quaecuuque

138 1352 211 1412 pars
236 1326 353 1394 zodiaci
378 1333 460 1394 absit
483 1353 501 1392 a
524 1333 688 1394 meridiano
712 1334 813 1412 plores
837 1335 928 1395 horas
951 1333 1206 1413 aequinoctiales,
1231 1333 1375 1413 quamsi
1399 1328 1491 1410 0⁰5
1538 1399 1541 1404 ,

139 1441 174 1482 eo
200 1423 419 1495 transferatur,
449 1430 550 1481 tamen
575 1421 707 1483 vicissim
738 1422 829 1482 horae
859 1424 1043 1502 temporales
1071 1421 1167 1502 ipsius
1191 1417 1237 1495 09
1260 1437 1293 1488 eb
1318 1429 1408 1484 tanto
1431 1421 1491 1483 loo·

140 1510 239 1590 giores
269 1511 331 1572 sint
362 1509 441 1570 horis
469 1510 684 1588 temporalibus
715 1510 808 1590 ipsios
832 1505 880 1573 0⁰
901 1516 951 1587 ἦ,
981 1532 1039 1593 qua
1066 1511 1183 1572 ratione
1214 1509 1340 1572 tandem
1363 1510 1491 1590 aequalis

139 1606 188 1661 est
211 1599 350 1679 utrinque
383 1599 522 1660 horarum
555 1598 757 1679 inaequalium
789 1619 938 1662 numeros.
985 1601 1055 1662 Vox
1088 1599 1153 1676 iope
1184 1599 1232 1661 hie
1265 1598 1413 1679 intelligit
1442 1618 1491 1660 noo

138 1711 234 1764 μηκει,
269 1689 323 1750 sed
354 1686 489 1766 ἀριθμῳ,
523 1688 617 1748 multo
650 1688 747 1750 minus
780 1688 954 1768 inquaerere.
1009 1688 1150 1751 Stadios:
1186 1689 1420 1769 „Aequatorem
1449 1687 1492 1749 illa

138 1777 247 1855 ubique
272 1778 457 1856 temporibus
479 1777 687 1855 praetergredi
712 1778 897 1857 aequalibus,
923 1779 1078 1839 zodiacum
1101 1777 1241 1857 partibus
1255 1776 1490 1858 inaequalibus.“

137 1863 197 1928 Est
229 1864 273 1926 ita
296 1883 353 1926 noo
378 1874 494 1927 tantum
527 1866 556 1925 in
581 1866 719 1927 doctrina
748 1866 890 1929 rationali
914 1868 1067 1940 domuum,
1102 1865 1273 1929 sedetiam
1306 1865 1337 1928 in
1362 1864 1490 1928 doctrina

137 1954 325 2016 Ptolemaios
348 1955 557 2016 directionum.
605 1954 685 2024 Quid
710 1966 780 2016 vero
806 1955 979 2017 subaudivit
1002 1954 1149 2018 Stadios?
1193 1955 1244 2018 An
1265 1955 1325 2035 ipsi
1347 1954 1429 2016 idem
1451 1961 1491 2016 est

137 2043 346 2124 praetergredi
370 2052 402 2104 et
424 2042 582 2122 intercipi?
627 2044 693 2104 Hoc
718 2044 826 2105 fuisset
849 2045 889 2105 ad
912 2054 1014 2106 votum
1039 2043 1155 2114 Stadii,
1185 2043 1212 2106 si
1236 2044 1385 2124 scriptum
1409 2050 1491 2116 esset,

139 2133 283 2211 aequales
308 2151 396 2193 arcos
421 2132 593 2211 aequatoris
618 2131 696 2193 inter
710 2132 782 2193 bina
805 2140 836 2194 et
849 2132 922 2195 bina
936 2132 1115 2215 hemicyclia
1137 2131 1285 2212 intercipi,
1311 2132 1430 2194 zodiaci
1450 2131 1490 2192 in-

140 2222 293 2301 aequales.
340 2221 410 2283 Nou
441 2229 542 2281 autem
566 2220 622 2281 hoc
656 2221 729 2283 dicit
752 2221 959 2297 Ptolemaeos,
993 2223 1047 2283 sed
1069 2221 1143 2283 illud
1167 2221 1307 2304 utrinque
1332 2239 1489 2290 commupe.

138 2310 294 2372 Breviter:
326 2311 362 2370 de
387 2318 470 2370 motu
493 2309 639 2388 loquitur,
671 2309 740 2390 quia
763 2311 792 2370 in
817 2310 982 2373 directione
1005 2319 1160 2385 versatur,
1190 2329 1257 2372 cum
1281 2309 1423 2372 doctrina
1444 2310 1491 2371 do·

138 2419 237 2460 muom
262 2399 303 2459 sit
327 2399 363 2460 de
387 2397 458 2460 sito.
506 2396 640 2478 Colliges
664 2399 719 2459 hoc
742 2398 821 2473 inde,
847 2400 917 2480 quia
940 2398 1074 2460 nominat
1096 2420 1242 2480 goosooa,
1265 2398 1316 2479 qui
1340 2407 1489 2478 soutpar-

53 2480 57 2489 ’
140 2495 188 2549 tes
213 2487 396 2566 aequatoris.
443 2485 499 2547 Ait
522 2486 620 2566 igitur,
647 2496 841 2567 aequatorem
857 2489 1033 2567 aequalibus
1053 2487 1183 2549 transire
1203 2487 1404 2567 temporibus,
1428 2496 1492 2567 pota

141 2576 205 2638 suis
229 2575 375 2655 propriis,
400 2574 552 2636 zodiacum
577 2575 801 2656 inaequalibus,
824 2586 900 2657 puta
922 2596 981 2638 nou
1006 2576 1083 2650 suis,
1108 2576 1162 2638 sed
1187 2576 1311 2649 alienis,
1345 2573 1492 2656 aequaturi

140 2663 304 2743 inscriptis.
353 2663 477 2725 Zodiaci
501 2665 580 2726 enim
603 2665 743 2727 transitio
768 2666 850 2727 nulla
872 2685 905 2726 se
929 2666 998 2745 ipsa
1011 2665 1134 2727 metitur
1158 2673 1307 2746 tempora,
1333 2664 1407 2745 quia
1420 2683 1487 2726 sem·

140 2773 195 2833 per
219 2761 249 2814 et
273 2753 380 2834 ubique
406 2752 571 2833 inaequalis
591 2762 649 2815 est.
698 2753 838 2816 Stadios:
866 2755 1052 2829 „Praeterea
1071 2753 1173 2833 spatia
1205 2753 1284 2816 inter
1302 2753 1492 2816 meridianum

144 2851 177 2903 et
209 2843 395 2904 horizontem
424 2840 603 2903 intermedia
635 2861 690 2921 per
713 2843 888 2922 inaequales
912 2843 1003 2905 horas
1035 2843 1220 2905 mensurat.“
1269 2839 1404 2904 Omnino
1426 2840 1491 2903 Sta·

142 2932 208 2992 dius
233 2931 333 2993 animo
357 2938 495 2993 versatur
519 2932 548 2992 in
574 2931 784 2994 distributione
809 2931 962 3006 domuum,
991 2931 1185 2993 Ptolemaeus
1213 2931 1244 2992 in
1273 2929 1491 3012 dispensatione

140 3029 285 3082 motuum.
331 3020 401 3084 Non
430 3019 553 3080 metitur
585 3020 688 3099 spatia
710 3020 920 3095 Ptolemaeos,
955 3021 1009 3082 sed
1038 3028 1137 3081 motus
1167 3019 1299 3099 partium
1323 3019 1440 3082 zodiaci
1460 3016 1491 3079 ab

142 3108 298 3171 horizonte
322 3108 352 3168 in
376 3107 581 3183 meridianum,
606 3116 638 3169 et
660 3109 784 3170 metitur
807 3108 925 3188 quidem
954 3111 1098 3188 cujusque
1121 3108 1225 3188 puncti
1247 3107 1367 3170 zodiaci
1390 3114 1492 3170 motum

142 3197 269 3259 seorsim
297 3195 472 3276 aequalibus
503 3195 586 3257 horis
616 3198 841 3277 temporalibus.
886 3197 955 3260 Non
980 3198 1058 3258 enim
1086 3196 1192 3259 tribuit
1222 3195 1373 3277 principio
1403 3193 1493 3259 cancn'

142 3286 309 3364 longiorem
337 3285 441 3346 horam
472 3284 502 3346 in
526 3293 608 3361 ortu,
642 3285 810 3347 breviorem
840 3286 869 3347 in
893 3286 1072 3360 meridiano,
1107 3286 1161 3346 sed
1190 3285 1360 3366 aequaliter
1384 3286 1492 3365 longam

141 3374 298 3453 utrinque;
331 3373 515 3435 diversorum
539 3393 611 3435 vero
634 3382 811 3453 punctorum
835 3375 965 3449 zodiaci,
999 3393 1058 3436 non
1087 3373 1297 3449 antissiorom,
1328 3381 1430 3436 motus
1450 3372 1491 3434 io·

142 3462 318 3541 aequalibus
341 3463 463 3524 metitur
486 3462 577 3524 horis.
624 3463 736 3524 Verius
761 3472 791 3525 et
814 3465 934 3543 proprie
963 3463 1061 3544 magis
1090 3463 1233 3544 cujusque
1257 3462 1363 3543 puncti
1386 3459 1493 3524 zodiaci

141 3559 256 3613 motum
280 3552 318 3613 ab
341 3551 495 3613 horizonte
520 3551 549 3612 in
574 3552 742 3622 meridiem,
776 3553 840 3613 sive
864 3553 971 3631 longus
995 3552 1049 3625 sit,
1084 3552 1150 3613 sive
1178 3551 1294 3619 brevis,
1329 3551 1491 3631 aequaliter

143 3640 296 3704 distribuit
328 3641 358 3702 iu
386 3649 490 3720 partes
521 3659 594 3714 sex,
620 3660 694 3722 quas
718 3641 854 3720 appellat
877 3641 967 3703 horas
987 3640 1181 3720 temporales.
1229 3638 1376 3702 Stadios:
1403 3636 1493 3719 „quod

142 3731 258 3809 arguit,
292 3730 374 3791 illum
403 3747 461 3790 non
485 3728 625 3791 divisisse
650 3730 805 3791 zodiacum
829 3729 1004 3810 aequalibus
1029 3728 1155 3808 spatiis,
1187 3729 1243 3790 sed
1271 3726 1490 3809 aequatorem.“

142 3819 217 3879 Tam
246 3838 316 3879 vere
340 3819 396 3879 hoo
420 3816 546 3880 Stadios
578 3819 678 3897 arguit
707 3837 744 3879 ex
768 3818 905 3880 doctrina
934 3817 1129 3881 directionum
1161 3836 1251 3897 super
1282 3817 1424 3880 doctrina
1445 3816 1492 3877 do·

144 4014 224 4055 rom:
250 3995 320 4075 quia
343 3995 384 4056 ibi
404 3994 461 4055 loci
487 3996 678 4056 Ptolemaeus
702 4014 761 4056 non
784 3996 882 4074 magis
906 3996 971 4075 agit
993 3996 1030 4056 de
1055 3995 1201 4069 domibus,
1226 4013 1317 4075 quam
1344 3995 1383 4057 de
1397 3991 1494 4074 signis,

146 4084 176 4144 h.
202 4103 228 4144 e.
251 4083 340 4162 plane
365 4082 438 4144 nihil
463 4084 500 4144 de
523 4084 562 4145 iis
585 4085 658 4163 agit.
705 4085 771 4146 Nec
795 4084 872 4145 enim
896 4084 1051 4146 zodiacum
1081 4103 1137 4145 nec
1170 4090 1367 4164 aequatorem
1396 4080 1495 4145 dividit

144 4171 319 4251 aequalibus
335 4171 452 4250 spatiis,
478 4171 532 4233 sed
547 4180 660 4234 motum
676 4173 909 4253 uniuscujusque
926 4172 1029 4251 puncti
1048 4172 1175 4235 zodiaci.
1222 4171 1366 4235 Stadios:
1394 4170 1494 4246 „Alio-

145 4261 196 4340 qui
230 4260 407 4338 aequalibus
439 4260 521 4321 horis
554 4260 629 4323 haec
662 4262 802 4323 deductio
841 4262 957 4323 absolvi
994 4268 1129 4340 poterat,
1167 4279 1225 4322 non
1262 4256 1492 4343 inaequalibus.“

144 4348 294 4429 Agnoscit
318 4347 460 4423 Stadios,
489 4349 695 4411 Ptolemaeum
723 4350 753 4410 in
783 4350 961 4412 deductione
989 4349 1119 4410 versari:
1152 4349 1223 4429 quid
1250 4348 1345 4428 igitur
1373 4347 1494 4412 somniat

146 4439 182 4499 de
207 4435 418 4500 distributione
444 4438 601 4499 domuum?
646 4440 689 4500 Et
711 4439 869 4500 manifeste
894 4439 1013 4518 ignorat
1036 4456 1159 4516 scopum
1174 4437 1354 4513 Ptolemaei,
1379 4457 1433 4501 cor
1453 4437 1495 4498 iu·

146 4527 289 4607 aequales
314 4527 404 4588 horas
428 4535 560 4604 usurpet.
607 4528 756 4589 Identitas
780 4527 919 4588 nimirum
943 4527 1058 4589 numeri
1073 4527 1223 4600 horarum,
1247 4545 1306 4588 nou
1323 4524 1495 4608 aequalium,
1525 4568 1528 4572 »

146 4617 201 4677 sed
225 4614 435 4695 inaequalium,
461 4615 591 4676 collocat
614 4616 737 4678 diversa
760 4616 875 4678 zodiaci
898 4624 1010 4696 puncta
1034 4615 1062 4676 in
1079 4615 1184 4678 eodem
1205 4615 1317 4677 circulo
1331 4614 1494 4695 positionis.

235 4702 375 4766 Stadios:
412 4704 482 4779 „Ad
506 4704 591 4775 haec,
615 4705 665 4766 obi
688 4705 881 4767 Ptolemaeus
905 4705 942 4766 de
965 4704 1183 4785 prorogatoriis
1206 4703 1273 4783 agit
1296 4704 1382 4774 locis,
1406 4703 1494 4767 uude·

147 4793 256 4856 cimam
279 4792 397 4855 domum
422 4794 466 4857 ait
489 4793 647 4874 hexagono
672 4795 806 4874 aspicere
831 4794 1043 4874 horoscopum,
1068 4794 1111 4853 Μ.
1138 4791 1173 4856 C.
1199 4792 1424 4877 quadrangulo,
1445 4809 1494 4853 no·
