3278 5542
136 365 201 433 384
555 364 656 414 Literae
674 361 775 426 Ksplsrl
794 363 946 428 odiorumque
963 369 1065 414 mutuae

136 521 156 601 ij
182 532 213 584 et
235 521 266 595 ll
289 520 370 583 circa
392 526 494 582 tonum
519 521 672 593 minorem,
698 539 792 599 eoque
816 521 912 581 minus
936 520 1049 602 aliquid
1063 526 1232 596 versantur,
1261 519 1364 595 Qvtx
1381 537 1480 581 comum

142 606 209 693 ⁶⁰f„
241 610 374 689 attingit.
421 611 465 670 At
490 613 510 685 ti
533 617 605 688 puto
630 608 752 688 assequi
776 613 990 689 dscseoonpnnr,
1016 617 1069 670 aut
1091 609 1123 670 id
1147 611 1226 671 forte
1252 626 1408 690 superare.
1448 608 1482 672 Ut

137 700 157 767 ii
183 710 214 761 et
236 699 265 773 ‘ll
290 707 419 778 possunt
442 717 606 759 consonare
630 699 753 759 tertiam
777 699 891 772 duram,
916 707 1043 777 possunt
1065 708 1098 760 et
1111 699 1259 780 quintam,
1285 716 1339 760 sen
1354 703 1480 760 drama

137 790 194 850 llic
219 794 424 866 troseooopos
456 787 489 846 fit
513 788 651 848 medium.
698 787 749 847 Fit
772 787 863 866 igitur
886 788 942 848 hac
965 787 1133 850 intentione
1165 796 1199 849 et
1227 786 1408 849 remissione
1427 794 1481 848 mn-

136 889 219 938 tnum
244 877 425 955 singulorum
450 876 650 954 planetarum,
675 883 708 937 ut
731 876 890 936 continuae
915 877 1133 955 quodammodo
1158 876 1221 937 sint
1244 875 1275 937 in
1296 874 1382 938 coelo
1396 875 1482 936 disso-

138 966 274 1040 nantino,
299 966 509 1026 interstinctae
534 972 633 1040 tamen
658 965 750 1025 certis
773 965 891 1043 punctis
915 974 1191 1027 momentanearum
1214 963 1482 1037 consonantiarum

137 1054 386 1136 quemadmodum
418 1053 503 1131 ipsae
536 1054 627 1114 etiam
660 1052 846 1114 radiationes
879 1061 1029 1116 astrorum
1062 1054 1202 1116 continue
1234 1060 1346 1116 carent
1374 1062 1483 1133 aspecta

138 1143 339 1224 geometrico,
374 1142 509 1208 incidunt
536 1151 637 1202 tamen
670 1142 698 1202 in
723 1152 864 1220 aspectus
892 1143 1092 1221 geometricos
1115 1143 1206 1204 certis
1229 1142 1396 1210 momentis
1417 1149 1483 1203 tem·

138 1252 252 1313 porum,
278 1231 398 1292 circiter
422 1228 464 1291 70
488 1231 517 1289 in
542 1231 628 1291 annis
653 1230 790 1309 singulis.
838 1232 943 1311 ltaque
972 1231 1000 1292 in
1028 1231 1255 1312 „disputatione
1289 1231 1482 1310 astrologiea“

138 1320 387 1382 considerandum
412 1319 528 1398 reliqui,
553 1339 590 1380 an
615 1319 694 1380 sicut
716 1319 746 1379 hi
771 1328 912 1399 aspectus
937 1320 1137 1383 momentanei
1152 1319 1323 1383 incidentes
1343 1319 1484 1381 condunt

53 1426 57 1435 ·
139 1419 277 1472 naturam
301 1409 339 1469 ad
363 1408 471 1468 cienda
495 1416 646 1484 meteora,
679 1427 744 1469 cum
770 1410 913 1488 langueat
936 1409 990 1471 illa
1012 1420 1046 1471 ut
1068 1410 1247 1488 plurimum,
1280 1409 1403 1490 quando
1424 1408 1483 1469 nulli

139 1508 209 1560 sunt
234 1505 391 1577 aspectus,
427 1497 519 1565 adeo,
552 1507 585 1558 ut
608 1498 781 1576 plemmque
814 1516 952 1559 serenum
982 1506 1014 1560 et
1045 1499 1238 1580 tranquillum
1267 1497 1312 1559 sit
1334 1506 1421 1572 tuuc;
1449 1496 1482 1557 sic

140 1590 230 1651 etiam
250 1589 307 1648 hae
323 1586 505 1654 harmoniae,
530 1586 696 1646 incidentes
712 1588 802 1648 certis
818 1587 986 1661 momentis,
1012 1587 1126 1668 aliquid
1145 1588 1175 1648 iu
1190 1586 1303 1648 mundo
1325 1594 1482 1648 causentur.

230 1675 422 1737 Annicissime
447 1675 570 1749 Tauclri,
596 1674 665 1735 boni
681 1677 821 1738 consulas
837 1677 1003 1738 discursum
1026 1677 1117 1738 istum
1136 1694 1227 1755 super
1240 1674 1410 1737 Reinhardi
1423 1692 1482 1755 spe-

140 1767 300 1827 culatione.
347 1764 448 1825 Prima
472 1764 546 1825 haec
570 1764 669 1843 opella
696 1773 752 1835 est,
777 1783 853 1844 quae
877 1784 924 1825 me
948 1787 967 1826 a
981 1765 1108 1844 strepitu
1128 1764 1257 1844 nuptiali
1281 1764 1436 1826 revocavit
1451 1762 1481 1823 ad

140 1858 309 1928 Musarum,
343 1852 400 1913 imo
426 1851 601 1914 Gratiamm
635 1872 733 1917 sacra.
780 1854 891 1916 Martis
919 1854 997 1916 enim
1026 1854 1117 1915 lituos
1145 1872 1202 1914 non
1233 1872 1322 1929 curo,
1358 1853 1426 1935 quia
1445 1869 1481 1912 me

140 1945 268 2005 nondum
293 1942 432 2002 attinent.

229 2031 363 2093 Libellos
379 2048 460 2091 meos
485 2030 606 2105 excude,
633 2037 666 2091 ut
688 2030 745 2092 vis.
791 2031 882 2092 Mitte
896 2031 1034 2111 pagellas
1053 2029 1235 2093 successive.
1283 2030 1377 2092 Vale.
1416 2029 1480 2091 Pro·

140 2124 218 2184 xime
243 2120 368 2180 movebo
393 2119 495 2198 aliqua
517 2119 644 2192 medica,
670 2138 727 2179 nou
751 2137 822 2180 vero
847 2139 884 2181 ex
908 2119 1036 2195 Galeuo,
1062 2120 1116 2181 sed
1139 2139 1179 2181 ex
1203 2138 1262 2180 rue.

230 2210 347 2286 Pragae
373 2208 402 2269 d.
432 2206 479 2269 lt.
503 2207 580 2285 Maji
607 2205 699 2270 1608.

213 2299 326 2362 Apparet
348 2311 361 2345 e
380 2297 520 2360 praemissis
539 2295 642 2359 Kepleri
660 2297 738 2345 literis
757 2302 782 2345 et
800 2297 842 2353 iis,
869 2308 934 2361 quas
952 2295 1068 2361 leguntur
1085 2310 1161 2360 snpra
1179 2293 1216 2360 (p.
1237 2293 1316 2357 197),
1344 2297 1421 2360 ipsum
1434 2293 1481 2342 ints

142 2372 173 2420 ab
193 2384 258 2419 auno
279 2366 347 2417 1600
366 2369 519 2431 proposuisse
538 2368 584 2415 sibi
603 2368 807 2417 conscribendum
825 2369 913 2417 librum
931 2368 1008 2424 illum,
1027 2383 1100 2431 quem
1114 2382 1180 2417 auno
1193 2367 1294 2417 demum
1312 2364 1388 2416 1819.
1406 2365 1482 2430 publia

140 2444 201 2504 juris
220 2442 293 2498 lecit,
323 2439 506 2497 ,Harmonicen
524 2437 638 2495 Mundi“,
658 2446 696 2495 et,
715 2439 873 2503 Pythagorae
892 2446 1004 2488 secutum
1022 2438 1250 2502 philosophemata,
1277 2446 1362 2489 motus
1379 2437 1482 2489 eodm

143 2526 286 2576 comparare
305 2524 431 2574 uunquam
453 2509 554 2558 desiisse
578 2525 633 2558 cum
652 2512 758 2558 numeris
777 2510 924 2559 harmonicis
943 2511 1057 2573 sonisque
1075 2509 1249 2568 musicalibus.
1273 2523 1373 2574 semper
1389 2510 1482 2559 innixum

143 2583 350 2637 theorematibus,
370 2594 434 2644 quae
453 2582 478 2628 in
499 2579 663 2638 ,Prodromo“
683 2582 816 2645 proposuit.
854 2580 970 2630 Ceterum
993 2580 1040 2630 hoc
1062 2580 1116 2630 loco
1139 2581 1213 2630 verbo
1238 2587 1339 2631 tautum
1361 2580 1423 2631 haee
1442 2592 1481 2626 mc-

145 2657 228 2704 nuisse
247 2662 287 2702 sat
306 2660 352 2708 est,
371 2653 479 2715 pluribus
497 2654 523 2700 iu
543 2653 696 2714 praelatione
716 2652 748 2701 ad
763 2651 956 2708 „Harmoniam“
976 2651 1057 2701 dehis
1076 2652 1200 2717 agendum
1212 2653 1268 2702 erit.
1307 2651 1366 2712 Qua
1391 2664 1445 2700 nans
1458 2649 1483 2696 s't

144 2728 240 2775 ratione
259 2723 457 2773 Reiuhardns
483 2724 508 2771 iu
535 2723 653 2773 divisione
679 2724 850 2785 monochordi,
876 2738 932 2773 cum
961 2739 1010 2773 uon
1039 2725 1171 2788 contigerit
1196 2725 1268 2773 nobis
1285 2725 1409 2787 inspicere
1430 2722 1481 2770 itta

143 2799 239 2854 librum,
259 2797 391 2851 nescimus,
411 2807 490 2857 neque
510 2794 577 2843 aliud
596 2794 626 2843 de
646 2801 746 2844 auctore
766 2794 854 2844 afferre
872 2809 1008 2858 possumus,
1028 2810 1102 2859 quam
1120 2808 1222 2845 munem
1240 2795 1356 2845 functum
1371 2807 1482 2845 essem

145 2869 203 2918 toris
222 2869 247 2915 in
267 2866 354 2930 oppido
368 2864 535 2929 Schueeberg.
572 2865 663 2914 Eodem
690 2867 797 2914 cantoris
821 2880 921 2915 munere
949 2865 1099 2930 fungebatur
1117 2864 1232 2916 Sethus
1252 2863 1413 2915 Calvisius
1430 2862 1482 2926 (nat

146 2935 214 2988 1556
234 2938 366 2991 Forslebii,
394 2951 459 3001 pago
479 2934 656 3000 Thuringiae),
682 2938 748 3000 prius
766 2936 873 2993 Portae,
899 2936 1003 3000 posthac
1023 2937 1130 3000 Lipsiae.
1168 2936 1214 2986 Ille
1241 2951 1301 2986 vero
1326 2952 1376 2987 non
1403 2941 1483 2986 uatum

144 3012 243 3060 musicis
262 3024 289 3059 se
308 3009 385 3066 dedit,
405 3009 448 3057 sed
467 3009 644 3057 astronomiam
663 3022 758 3071 qnoque
778 3015 803 3057 et
822 3007 1004 3073 chronologiam
1017 3007 1124 3065 colebat.
1144 3014 1171 3058 st
1182 3005 1262 3057 dehis
1275 3004 1484 3072 disciplinismalt!

146 3082 288 3147 perlitatae
308 3082 360 3144 egit
379 3094 435 3129 cnm
453 3079 505 3129 Jos.
525 3079 662 3142 scaligero,
682 3079 791 3142 Keplero
811 3086 836 3128 et
855 3080 923 3135 aliis.
951 3094 1060 3144 opusque
1079 3080 1158 3129 edidit
1176 3078 1484 3146 chronologicum,a

94 3183 101 3191 -
148 3152 324 3216 posterioribus
343 3152 436 3214 passim
454 3150 591 3199 laudatum.
628 3150 657 3198 Iu
677 3150 854 3215 chronologicis
865 3166 913 3200 uon
931 3151 1006 3215 plane
1025 3152 1149 3201 consentit
1167 3165 1224 3200 cum
1241 3150 1369 3214 Keplero,
1396 3161 1484 3215 nuncu

145 3224 242 3287 publice
269 3238 313 3286 per
333 3221 417 3270 literas
438 3221 571 3285 disputavit
592 3221 639 3279 „de
658 3237 723 3271 anuo
742 3222 878 3270 nativitatis
893 3221 1010 3279 christu,
1034 3236 1138 3286 eamque
1157 3222 1188 3271 ob
1207 3236 1312 3273 causam
1339 3223 1442 3287 pluribus
1457 3218 1484 3268 di

148 3295 241 3344 cendus
268 3295 314 3343 erit
338 3295 364 3341 in
388 3293 454 3341 libris
473 3292 575 3356 Kepleri
594 3293 778 3358 chronologicis.
817 3291 884 3353 Quos
909 3294 969 3343 dicit
987 3293 1109 3357 Keplerns
1128 3291 1163 3358 (p.
1184 3290 1249 3354 379)
1270 3308 1402 3353 ,numeros
1420 3290 1485 3342 cnd-

145 3366 253 3415 sianos“:
273 3366 290 3413 ii
308 3366 393 3413 insunt
411 3365 473 3414 torte
492 3364 572 3413 libello
584 3364 682 3413 Calvisii
701 3365 833 3427 inscripto:
854 3364 1023 3422 ,Exercitatio
1040 3366 1161 3423 masica“,
1182 3378 1255 3429 quem
1271 3367 1342 3429 typis
1357 3367 1486 3430 imprenu

146 3439 207 3487 dicit
225 3437 368 3486 Joecherus.
389 3433 538 3497 (Mortuum'
551 3436 684 3484 Caluisium
707 3437 810 3485 nunciat
829 3437 937 3499 Keplero
955 3435 1022 3487 Patr.
1043 3435 1168 3501 Criigerns
1191 3435 1230 3486 his
1248 3436 1345 3487 verbis:
1369 3435 1486 3487 carmus

145 3525 231 3559 meuse
249 3508 382 3557 Novembri
402 3503 494 3568 [1615]
515 3508 634 3556 decidisse
652 3504 771 3568 nostin'?)
792 3532 823 3542 —
1191 3546 1194 3551 .

215 3581 261 3631 His
279 3580 419 3643 praemissis
438 3578 550 3627 addimus
570 3578 616 3626 duo
638 3578 793 3636 ,themata“,
814 3578 918 3628 alterum
937 3576 1029 3627 Medici
1048 3577 1185 3641 enjusdam,
1204 3580 1232 3628 iu
1249 3594 1297 3644 quo
1317 3594 1369 3630 rem
1381 3578 1487 3644 Replerm

147 3659 241 3703 tractat
252 3654 311 3714 joca
331 3651 399 3700 seriis
418 3651 538 3707 miscens,
559 3650 662 3698 alterurn
682 3650 920 3706 Wallensteuii‚
939 3649 1004 3714 quod
1022 3664 1097 3713 supra
1114 3650 1200 3714 paucis
1220 3650 1337 3701 diximus.

235 3724 280 3785 Cl.
307 3724 345 3784 D.
370 3722 494 3783 Doctor.
542 3722 610 3783 Etsi
634 3722 704 3782 mihi
730 3741 762 3783 es
787 3722 823 3781 de
849 3720 925 3782 facie
950 3722 1090 3801 ignotus,
1124 3720 1380 3798 dnooaaouomos
1401 3730 1487 3784 umen

146 3824 265 3876 tuarum
289 3814 444 3874 literarum
469 3812 507 3871 ad
532 3831 578 3871 me
602 3811 726 3872 missum
752 3830 770 3870 a
793 3810 956 3883 Friderico,
983 3811 1078 3872 amico
1103 3819 1164 3886 tuo,
1190 3812 1228 3873 de
1252 3813 1316 3873 tuis
1340 3808 1488 3893 postulatis

136 3922 192 3963 me
215 3901 373 3962 certiorem
398 3901 539 3975 reddidit,
564 3918 669 3979 meque
694 3899 826 3961 vicissim
851 3898 1008 3979 permovit,
1032 3906 1069 3968 ut
1090 3900 1128 3960 ad
1155 3908 1186 3961 te
1211 3899 1388 3963 scriberem.
1424 3898 1487 3962 Peto

146 4001 247 4051 autem
273 3991 392 4064 abste,
418 3990 504 4050 utin
528 4009 575 4049 me
600 3989 680 4049 ieras
706 4008 771 4050 eam
797 3988 978 4062 libertatem,
1005 4007 1093 4069 quam
1118 3989 1194 4052 inte
1220 3990 1323 4052 ferunt
1346 3989 1429 4070 aegri
1445 3984 1487 4049 tui

147 4079 289 4160 Epistola
312 4086 365 4140 tua
388 4079 479 4158 plena
504 4087 551 4140 est
576 4076 811 4158 superstitionis.
859 4076 946 4148 Quod
973 4077 1175 4140 valetudinem
1204 4079 1335 4155 attinet,
1372 4080 1416 4140 ita
1436 4082 1487 4137 est:

150 4177 299 4229 astrorum
325 4188 416 4229 carisa
440 4169 527 4228 homo
552 4167 712 4248 aliquando
737 4167 839 4228 multis
864 4175 993 4228 vexatur
1015 4167 1226 4243 incommodis,
1252 4167 1324 4248 ipsa
1345 4176 1443 4231 mmen
1463 4178 1488 4225 ss

147 4257 232 4337 ipsis,
259 4257 301 4316 uti
326 4277 384 4317 non
410 4259 476 4319 sola
499 4265 666 4336 genuerunt
690 4256 820 4331 morbos,
846 4255 889 4317 ita
913 4256 982 4333 sola
1002 4256 1180 4318 medicinam
1194 4264 1360 4339 praestant
1381 4256 1488 4319 unllam·

146 4347 241 4409 Utere
267 4354 331 4407 arte
358 4353 419 4419 tua,
445 4347 561 4425 corrige
586 4346 732 4419 diaetam,
759 4345 848 4405 animi
874 4344 1124 4424 tranquillitatem
1149 4346 1367 4427 complectere,
1392 4353 1424 4410 et
1442 4344 1488 4407 im-

149 4435 254 4516 primis
277 4435 375 4495 Denm
398 4435 502 4513 placa:
535 4453 588 4513 per
611 4434 667 4496 has
692 4435 771 4495 enim
794 4441 1005 4496 concurrentes
1029 4453 1154 4510 causas,
1187 4454 1265 4516 quae
1288 4435 1410 4517 positae
1432 4439 1488 4497 sant

150 4528 178 4586 in
204 4533 256 4586 tno
282 4523 416 4597 arbitrio,
442 4525 484 4600 fit,
510 4532 542 4584 ut
565 4524 766 4585 incertissima
790 4524 831 4584 sit
856 4524 947 4585 etiam
962 4523 1147 4586 valetudinis
1162 4525 1343 4604 praedictio.
1388 4522 1488 4588 Dete

146 4633 218 4676 vero
254 4621 325 4675 tuae
358 4632 412 4673 seu
443 4611 662 4688 „assertionis“
698 4633 751 4674 seu
786 4612 995 4688 „affectionis“
1022 4613 1139 4694 (legere
1173 4621 1227 4675 aut
1260 4614 1413 4695 conjicere
1441 4627 1489 4674 non

146 4703 246 4782 potui)
270 4702 481 4782 pronunciare,
507 4701 723 4764 alienissimum
747 4710 795 4763 est
819 4722 838 4762 a
861 4711 978 4764 natura.
1026 4701 1236 4784 Symtomata,
1261 4720 1341 4785 quae
1363 4716 1488 4768 recem

147 4800 182 4854 ut
204 4792 352 4867 medicus,
384 4792 460 4853 bene
487 4790 646 4866 aestimas;
671 4810 738 4853 esse
763 4790 980 4854 melancholiae
1004 4790 1151 4868 sobolem,
1181 4799 1217 4855 ut
1241 4811 1350 4872 aeger,
1377 4790 1489 4858 falleris.

146 4881 206 4944 Illa
228 4881 306 4943 enim
328 4880 460 4943 bestiola
488 4888 536 4944 est
559 4880 679 4944 soboles
703 4880 941 4960 imaginationis,
972 4881 1077 4944 laesae
1107 4902 1126 4942 a
1151 4880 1359 4946 melancholia
1385 4880 1491 4963 stojis
