3278 5542
738 357 899 409 ΜΨ·
1432 355 1496 423 499

139 514 178 576 de
202 515 303 576 mnndi
327 515 554 598 hypothesibus,
580 536 656 596 quae
679 535 734 578 uos
758 536 850 597 supra
873 520 918 597 (p.
944 515 1024 590 228)
1048 517 1244 592 exhibuimus,
1280 517 1345 577 adit
1368 526 1493 579 senten·
1517 560 1541 589 ,.

139 603 215 663 tiam
248 603 371 684 Xepleri
412 604 448 665 de
482 605 580 683 spatio
615 604 691 667 inter
715 604 878 667 Saturnum
916 616 947 667 et
981 610 1055 667 tiras
1088 607 1233 667 irnmeuso
1267 604 1383 678 (Stena
1417 625 1495 667 nors

139 711 209 771 eap.
233 691 338 767 xvi.)
363 702 395 754 et
417 694 566 772 permulta
589 695 663 767 alia,
696 714 772 775 quae
796 694 944 774 Kepierus
974 696 1001 756 in
1028 695 1102 756 fibro
1126 714 1179 755 suo
1204 702 1258 755 aut
1282 694 1371 755 verbo
1397 695 1496 774 tangit

138 791 194 842 out
217 781 351 860 pluribus
376 781 505 861 inquirit,
530 801 663 862 quaeque
688 783 716 844 in
743 783 992 863 „Responsione“
1018 803 1072 845 sua
1092 783 1170 863 jocis
1195 783 1241 844 ret
1267 782 1345 843 serio
1370 783 1492 844 refutat.

139 869 219 930 Hinc
247 872 359 932 transit
381 869 543 931 Roesiinus
574 871 611 932 ad
641 871 824 951 astrologica
852 873 1091 952 sententiamque
1121 890 1206 933 suam
1239 871 1276 932 de
1309 881 1493 934 cometarum

137 957 407 1039 significationibus
432 959 577 1039 exemplis
593 979 630 1020 ex
650 961 774 1022 historia
789 961 935 1023 desumtis
950 962 1109 1022 defendere
1125 973 1260 1032 conatur,
1284 978 1388 1040 eaque,
1414 979 1491 1041 quse

108 1047 290 1125 -Kepleros
325 1048 389 1109 loco
418 1048 513 1109 citato
543 1051 624 1128 (cap.
651 1049 769 1123 XXX.)
801 1059 906 1111 contra
935 1051 1011 1112 hanc
1041 1049 1222 1116 senteutiam
1260 1050 1364 1119 affert,
1402 1067 1492 1128 aegre

138 1137 241 1197 ferens
275 1136 355 1198 iiiios
383 1136 472 1216 joca,
511 1138 670 1199 refutanda
703 1140 877 1218 aggreditur
914 1140 943 1200 iu
976 1140 1076 1218 capite
1111 1138 1167 1211 V.‚
1205 1138 1282 1217 quod
1315 1137 1491 1217 inscripsit:

137 1226 332 1306 Iiesututiorr
360 1225 422 1287 end
454 1225 672 1308 ii'iderlegnng
700 1227 825 1301 desero,
857 1248 892 1290 eo
924 1227 1014 1290 Heri·
1036 1228 1166 1290 Johonn
1183 1224 1366 1308 Kepplerue
1387 1226 1492 1309 Kaye.

138 1314 268 1396 Majest.
289 1314 534 1377 Mathematicus
556 1316 656 1377 roider
672 1318 754 1378 mein
770 1315 939 1379 Sebreiben
961 1337 1020 1379 eron
1042 1317 1103 1377 rien
1119 1315 1263 1379 Cometen
1280 1336 1336 1377 ror
1350 1310 1395 1376 10
1409 1314 1493 1378 Jatr-

134 1424 198 1465 ren
224 1424 418 1485 auegonpen,
451 1405 628 1486 eingefr‘r‘lrrt
661 1405 696 1466 in
726 1407 843 1467 eeinem
867 1404 1036 1466 Scnreiten
1065 1425 1133 1466 vom
1164 1424 1269 1466 uetuere
1302 1402 1397 1466 Stern
1424 1405 1495 1465 deae

136 1486 244 1553 1601.
269 1492 372 1554 Janrs
428 1492 566 1567 Librum,
600 1513 687 1573 quem
715 1493 788 1554 dicit
811 1493 973 1555 ltoeslinns
1002 1501 1072 1554 ante
1109 1491 1145 1555 10
1174 1510 1269 1554 annos
1298 1492 1386 1572 (ergo
1415 1511 1494 1554 auno

142 1575 245 1653 1599)
274 1581 385 1660 publici
410 1581 488 1660 juris
519 1584 643 1656 factum,
677 1582 788 1643 nulium
817 1581 1079 1661 deprehendimus,
1113 1600 1208 1662 eaque
1239 1600 1315 1660 quae
1346 1581 1494 1660 Kepierus

137 1668 358 1748 objurgaverat
385 1669 530 1731 Roeslino
563 1671 715 1750 pertinent
749 1670 788 1732 ad
820 1671 898 1732 iilius
932 1671 1037 1732 librum
1071 1689 1148 1730 anno
1183 1667 1265 1732 ¹597
1296 1670 1493 1747 (Argentor.)

135 1759 169 1818 in
203 1758 351 1835 publicum
376 1759 533 1832 emissum,
567 1777 653 1838 quern
684 1759 850 1838 inscripsit:
897 1758 1107 1821 Tractentur
1134 1756 1494 1840 Meteoraetrologi·

129 1847 338 1928 physicus,
370 1848 430 1909 dus
451 1848 511 1919 ist,
536 1868 613 1910 aues
634 1848 798 1930 richtigem
821 1848 915 1925 Laus
934 1848 991 1909 der
1016 1847 1170 1918 Cometen,
1194 1844 1494 1909 Zueammenieuch-

133 1942 216 2016 treug
238 1935 297 1996 tier
320 1933 485 2007 Planeten,
509 1934 638 1998 etliober
662 1936 787 1998 [fernen
819 1937 1028 2010 Natieitdten,
1062 1934 1239 1998 natttrlicfre
1267 1935 1496 2017 Vermr'ituregert

134 2023 205 2085 ond
226 2024 277 2085 ein
303 2024 504 2107 Weissagurrg
531 2045 589 2086 ron
613 2025 875 2108 Verr‘r'ndemnyen
898 2026 955 2087 der·
978 2025 1181 2107 Regimenten
1207 2025 1240 2087 in
1263 2024 1496 2107 Kdnigreicben

135 2112 205 2174 ond
226 2111 509 2176 Fttretentbumben
537 2115 595 2176 der
622 2112 696 2176 Weit
718 2115 781 2176 und
801 2114 924 2176 andem
946 2113 1109 2195 wichtigen
1126 2114 1183 2190 dc.
1205 2111 1343 2187 Sueten,
1374 2130 1410 2174 eo
1427 2112 1496 2175 eicb

137 2247 200 2266 ...
221 2220 280 2263 oon
293 2201 371 2285 jerat
393 2223 436 2264 ara
459 2203 522 2264 dier
546 2198 639 2264 1601
661 2204 790 2283 repeton
811 2203 949 2275 werden,
974 2203 1045 2263 item
1061 2203 1099 2263 ad
1115 2202 1188 2263 iilud
1211 2201 1289 2282 quod
1305 2220 1396 2280 snpra
1410 2200 1491 2262 dixi-

140 2309 211 2352 mus
233 2288 485 2368 „Jodteinnr“.
533 2292 598 2352 Hoc
624 2290 813 2364 „Judtciunr‘
843 2291 978 2352 defendit
1005 2290 1166 2352 Roesfinus
1190 2310 1257 2371 cap.
1283 2290 1355 2351 vt:
1389 2289 1494 2372 Resu-

136 2381 222 2443 ratio
244 2379 306 2441 ond
338 2378 556 2462 Wirierlegung
579 2380 703 2449 diesen,
733 2400 768 2441 so
791 2380 882 2442 Hert·
898 2378 1078 2463 Kepplertts
1102 2379 1200 2442 wider
1221 2378 1303 2441 mein
1326 2377 1497 2441 Sebreibcre

139 2488 211 2531 nom
247 2488 352 2530 neuen
389 2467 484 2531 Stern
523 2469 579 2531 dee
616 2463 717 2531 1601.
750 2468 853 2531 Jobre
889 2489 1098 2551 ansegangen,
1137 2468 1324 2550 eingesdbrt.
1379 2467 1495 2529 Deinde

141 2557 246 2637 capite
272 2557 358 2618 tlt:
384 2557 462 2620 Das
485 2558 537 2620 die
560 2556 743 2639 Astroiopio
766 2559 818 2619 ein
839 2559 942 2620 resiste
964 2556 1141 2620 nutttrlielre
1164 2558 1225 2620 ond
1248 2557 1357 2619 Gottee
1385 2556 1496 2620 Wereir

133 2645 305 2729 preitende
327 2646 434 2708 Kome
462 2667 531 2729 eey,
563 2647 662 2708 wider
689 2647 783 2709 Joore
810 2646 928 2709 Picum
949 2645 1230 2720 Mirandulurrum,
1264 2645 1327 2709 trid
1356 2645 1417 2708 das
1443 2645 1497 2706 die

137 2733 368 2817 Ausetbeilunp
402 2735 458 2796 dee
489 2734 648 2798 Himmele
679 2736 714 2797 in
744 2735 829 2797 scine
859 2736 982 2817 grados
1012 2735 1075 2799 ond
1103 2733 1306 2798 telenum
1336 2732 1497 2797 nutrirlicfr

142 2824 210 2887 enti
231 2844 289 2886 oon
314 2822 391 2886 Gon
413 2822 482 2886 oleo
503 2825 653 2908 geordnet
674 2845 738 2908 seg,
760 2824 861 2886 criden·
882 2824 935 2887 Jo.
960 2823 1162 2908 Kepplerum.

234 2910 320 2983 Quae
344 2913 482 2975 adhaec
506 2914 660 2993 respondit
675 2913 823 2992 Keplerns
847 2923 1008 2992 sequentes
1032 2912 1174 2974 exhibent
1197 2910 1340 2990 paginae;
1364 2911 1496 2972 eRnes·

140 3001 194 3063 tini
218 3002 319 3063 tinette
344 3020 397 3062 nos
421 3022 458 3062 ea
481 3011 597 3064 tantum
620 3002 802 3072 addidimus,
836 3021 911 3082 quae
935 3002 1083 3081 Keplerus
1103 3001 1132 3062 in
1156 2998 1349 3078 responsione
1378 3018 1433 3060 sua
1458 3018 1496 3060 ex

140 3091 195 3152 iiio
229 3090 370 3152 addenda
402 3091 503 3153 omisit
531 3099 583 3153 aut
614 3093 705 3152 verbo
733 3098 848 3152 tanturn
880 3091 1039 3170 significat.
1086 3088 1249 3151 Roesiinus
1277 3087 1397 3167 quidem
1437 3089 1495 3150 ob·

138 3180 268 3249 mutuit,
300 3187 345 3253 et,
379 3179 485 3241 meiius
513 3199 546 3242 se
575 3188 728 3242 versatum
756 3180 932 3241 existimans
961 3179 988 3240 in
1011 3176 1251 3258 chronologicis,
1283 3177 1400 3238 biennio
1426 3186 1497 3256 post

138 3268 348 3350 quaestionem
383 3276 499 3330 tantum
532 3288 655 3331 movens
694 3269 730 3329 de
764 3269 975 3330 observatione
1010 3268 1194 3330 liatarorum
1231 3266 1260 3327 in
1290 3267 1495 3344 septentrione

138 3358 228 3432 (vide
260 3376 350 3440 snpra
384 3366 416 3419 et
447 3355 586 3437 Opticam
615 3357 767 3439 Kepleri),
809 3357 837 3417 in
871 3358 930 3418 alio
959 3357 1048 3430 iibro,
1087 3375 1172 3437 quern
1207 3354 1380 3433 inscripsit:
1418 3355 1494 3415 Pro-

139 3447 265 3509 dromus
289 3446 536 3508 dissertationum
550 3446 862 3526 cosmographicorum
887 3447 957 3516 irc,
981 3446 1120 3508 Francos.
1147 3440 1238 3506 1612.
1284 3441 1408 3521 Kepleri
1422 3462 1494 3503 sen-

137 3534 270 3599 teutiam
293 3535 330 3595 de
355 3554 433 3597 enno
453 3533 566 3599 Christi
592 3535 730 3597 natalitio
755 3553 918 3613 aggressus
943 3542 999 3596 est.
1047 3533 1133 3604 Quae
1158 3532 1186 3593 in
1212 3531 1266 3591 hoc
1290 3531 1402 3609 scripto
1420 3548 1494 3609 pro-

143 3623 251 3687 tulerit
286 3622 463 3693 Roestinns,
505 3645 543 3685 ea
576 3625 713 3705 leguntur·
747 3623 824 3685 iuter
857 3623 972 3701 scripta
1001 3620 1126 3700 Kepferi
1160 3617 1403 3698 chronologicas
1420 3619 1494 3680 haec

140 3721 264 3776 tantum
287 3730 385 3792 pauca
412 3732 450 3773 ex
473 3713 524 3776 iilo
549 3713 732 3775 desumenda
760 3711 944 3779 censuimus,
978 3730 993 3770 e
1018 3710 1124 3791 quibus
1149 3714 1289 3787 apparet,
1322 3719 1379 3767 rmn
1404 3725 1494 3785 aegre

121 3801 250 3865 tulisse
274 3800 449 3863 Roesfinum
477 3802 599 3883 Kepieri
634 3800 929 3881 „Responsiouem“:
960 3799 1035 3860 Deru
1066 3798 1212 3876 Keplero‚
1247 3795 1372 3856 meinem
1403 3805 1494 3873 guten

139 3890 278 3954 Fecundt
304 3890 365 3951 vnd
387 3890 581 3953 Landsmanu
612 3891 662 3971 gib
691 3890 738 3951 ich
771 3897 856 3950 sonst
885 3888 913 3949 in
942 3889 1020 3949 aileu
1050 3884 1323 3947 Mathematischen
1355 3884 1494 3945 Kt'msten

138 3998 197 4041 vor
219 3979 298 4040 aileu
320 3976 485 4041 Geiehrten
519 3980 547 4041 in
571 3980 624 4040 der
648 3980 732 4040 Welt
755 3979 886 4058 palmam
915 3978 973 4038 rnd
997 3975 1053 4037 den
1079 3975 1204 4056 Preyss,
1242 3973 1301 4033 vnd
1334 3991 1376 4032 wo
1401 3990 1433 4034 er
1465 3973 1494 4034 in

140 4067 281 4150 Physicis
307 4067 368 4128 rud
397 4068 473 4130 auch
501 4068 529 4130 in
554 4066 782 4147 Chronoiogicis
811 4066 1007 4145 zngetroffen,
1038 4064 1074 4142 ja
1101 4071 1197 4125 etwsn
1227 4061 1494 4140 uahrgeuommen,

139 4158 216 4219 dsss
253 4156 300 4218 ich
328 4157 493 4219 vbersehen
531 4157 585 4219 het
614 4158 681 4231 dra,
716 4157 771 4217 das
803 4155 909 4215 nimme
939 4154 985 4215 ich
1016 4154 1092 4214 alles
1120 4152 1174 4212 rnit
1202 4151 1359 4212 sonderem
1387 4149 1494 4212 Danck

140 4263 202 4308 von
220 4244 285 4325 jhm
310 4264 358 4306 an.
404 4245 530 4318 Deinde,
555 4264 701 4325 quaerens
725 4245 761 4305 de
784 4244 973 4323 planetarum
998 4240 1128 4309 orbibus,
1153 4240 1255 4300 addit:
1280 4238 1349 4299 Kau
1373 4257 1406 4300 er
1429 4239 1494 4299 soi-

139 4333 216 4396 ches
244 4334 302 4395 uhu
326 4334 483 4413 gelichter
507 4333 589 4395 nieht
612 4333 766 4395 berichten
792 4335 840 4405 (er
863 4352 945 4393 mnss
970 4330 1045 4392 doch
1070 4329 1134 4390 sein
1151 4327 1252 4390 Weiss
1275 4327 1313 4390 im
1329 4325 1494 4388 Schreiben

137 4422 203 4485 rod
214 4421 366 4484 Vexieren
390 4423 495 4485 immor
517 4422 644 4497 habeo),
671 4422 727 4502 tigt
750 4420 834 4482 nicht
852 4441 901 4492 an,
924 4420 972 4482 ich
987 4418 1045 4481 kan
1060 4417 1107 4481 ein
1121 4416 1201 4498 Spot
1214 4416 1269 4478 nol
1284 4424 1434 4495 ertrsgen.
