<?xml version="1.0" encoding="UTF-8"?>
<!DOCTYPE html PUBLIC "-//W3C//DTD XHTML 1.0 Transitional//EN"
    "http://www.w3.org/TR/xhtml1/DTD/xhtml1-transitional.dtd">
<html xmlns="http://www.w3.org/1999/xhtml" xml:lang="en" lang="en">
 <head>
  <title>
</title>
<meta http-equiv="Content-Type" content="text/html;charset=utf-8" />
  <meta name='ocr-system' content='tesseract 3.04.00' />
  <meta name='ocr-capabilities' content='ocr_page ocr_carea ocr_par ocr_line ocrx_word'/>
</head>
<body>
  <div class='ocr_page' id='page_1' title='image "./joanniskepleria17frisgoog_0359.png"; bbox 0 0 3278 5542; ppageno 0'>
   <div class='ocr_carea' id='block_1_1' title="bbox 138 304 1072 375">
    <p class='ocr_par' dir='ltr' id='par_1_1' title="bbox 138 304 1072 375">
     <span class='ocr_line' id='line_1_1' title="bbox 138 304 1072 375; baseline -0.01 -5"><span class='ocrx_word' id='word_1_1' title='bbox 138 304 203 370; x_wconf 81' lang='lat'>³36</span> <span class='ocrx_word' id='word_1_2' title='bbox 562 308 662 360; x_wconf 77' lang='lat' dir='ltr'>trram</span> <span class='ocrx_word' id='word_1_3' title='bbox 679 308 782 373; x_wconf 60' lang='lat' dir='ltr'>&amp;prm</span> <span class='ocrx_word' id='word_1_4' title='bbox 801 310 953 375; x_wconf 67' lang='lat' dir='ltr'>monaque</span> <span class='ocrx_word' id='word_1_5' title='bbox 969 316 1072 361; x_wconf 74' lang='lat' dir='ltr'>mamas</span> 
     </span>
    </p>
   </div>
   <div class='ocr_carea' id='block_1_2' title="bbox 136 465 1489 2146">
    <p class='ocr_par' dir='ltr' id='par_1_2' title="bbox 138 465 1487 708">
     <span class='ocr_line' id='line_1_2' title="bbox 138 465 1486 549; baseline 0.001 -22"><span class='ocrx_word' id='word_1_6' title='bbox 138 468 223 527; x_wconf 86' lang='lat' dir='ltr'>Haec</span> <span class='ocrx_word' id='word_1_7' title='bbox 246 465 346 527; x_wconf 89' lang='lat' dir='ltr'>omnia</span> <span class='ocrx_word' id='word_1_8' title='bbox 365 474 531 544; x_wconf 88' lang='lat' dir='ltr'>sequuntur</span> <span class='ocrx_word' id='word_1_9' title='bbox 553 486 590 527; x_wconf 84' lang='lat' dir='ltr'>err</span> <span class='ocrx_word' id='word_1_10' title='bbox 615 467 670 527; x_wconf 85' lang='lat' dir='ltr'>hoc</span> <span class='ocrx_word' id='word_1_11' title='bbox 694 468 860 549; x_wconf 89' lang='lat' dir='ltr'>principio,</span> <span class='ocrx_word' id='word_1_12' title='bbox 894 469 972 548; x_wconf 92' lang='lat' dir='ltr'>qnod</span> <span class='ocrx_word' id='word_1_13' title='bbox 1001 477 1034 530; x_wconf 95' lang='lat' dir='ltr'>tu</span> <span class='ocrx_word' id='word_1_14' title='bbox 1058 469 1189 531; x_wconf 91' lang='lat' dir='ltr'>nondum</span> <span class='ocrx_word' id='word_1_15' title='bbox 1212 468 1378 531; x_wconf 80' lang='lat' dir='ltr'>refutasti:</span> <span class='ocrx_word' id='word_1_16' title='bbox 1409 490 1427 531; x_wconf 92' lang='lat' dir='ltr'>a</span> <span class='ocrx_word' id='word_1_17' title='bbox 1446 470 1486 530; x_wconf 91' lang='lat' dir='ltr'>die</span> 
     </span>
     <span class='ocr_line' id='line_1_3' title="bbox 138 554 1487 638; baseline 0.001 -23"><span class='ocrx_word' id='word_1_18' title='bbox 138 554 301 633; x_wconf 88' lang='lat' dir='ltr'>significari</span> <span class='ocrx_word' id='word_1_19' title='bbox 326 574 450 629; x_wconf 90' lang='lat' dir='ltr'>annum,</span> <span class='ocrx_word' id='word_1_20' title='bbox 486 576 504 615; x_wconf 90' lang='lat' dir='ltr'>a</span> <span class='ocrx_word' id='word_1_21' title='bbox 528 555 659 617; x_wconf 90' lang='lat' dir='ltr'>motibus</span> <span class='ocrx_word' id='word_1_22' title='bbox 688 556 804 618; x_wconf 90' lang='lat' dir='ltr'>scilicet</span> <span class='ocrx_word' id='word_1_23' title='bbox 829 558 960 619; x_wconf 87' lang='lat' dir='ltr'>natalitii</span> <span class='ocrx_word' id='word_1_24' title='bbox 986 558 1060 620; x_wconf 90' lang='lat' dir='ltr'>coeli</span> <span class='ocrx_word' id='word_1_25' title='bbox 1088 576 1142 638; x_wconf 87' lang='lat' dir='ltr'>per</span> <span class='ocrx_word' id='word_1_26' title='bbox 1167 557 1249 621; x_wconf 89' lang='lat' dir='ltr'>diem</span> <span class='ocrx_word' id='word_1_27' title='bbox 1277 576 1368 621; x_wconf 89' lang='lat' dir='ltr'>nuum</span> <span class='ocrx_word' id='word_1_28' title='bbox 1389 575 1487 638; x_wconf 87' lang='lat' dir='ltr'>perque</span> 
     </span>
     <span class='ocr_line' id='line_1_4' title="bbox 139 644 823 708; baseline 0.003 -3"><span class='ocrx_word' id='word_1_29' title='bbox 139 645 205 705; x_wconf 84' lang='lat' dir='ltr'>loca</span> <span class='ocrx_word' id='word_1_30' title='bbox 230 644 372 705; x_wconf 84' lang='lat' dir='ltr'>thematis</span> <span class='ocrx_word' id='word_1_31' title='bbox 396 644 600 706; x_wconf 90' lang='lat' dir='ltr'>characteritii</span> <span class='ocrx_word' id='word_1_32' title='bbox 626 654 657 705; x_wconf 85' lang='lat' dir='ltr'>et</span> <span class='ocrx_word' id='word_1_33' title='bbox 680 645 823 708; x_wconf 89' lang='lat' dir='ltr'>natalitii.</span> 
     </span>
    </p>

    <p class='ocr_par' dir='ltr' id='par_1_3' title="bbox 136 732 1489 2146">
     <span class='ocr_line' id='line_1_5' title="bbox 226 732 1487 813; baseline 0.002 -21"><span class='ocrx_word' id='word_1_34' title='bbox 226 733 295 793; x_wconf 85' lang='lat' dir='ltr'>Jaru</span> <span class='ocrx_word' id='word_1_35' title='bbox 320 733 358 792; x_wconf 92' lang='lat' dir='ltr'>ad</span> <span class='ocrx_word' id='word_1_36' title='bbox 383 742 435 793; x_wconf 85' lang='lat' dir='ltr'>tua</span> <span class='ocrx_word' id='word_1_37' title='bbox 458 744 647 811; x_wconf 81' lang='lat' dir='ltr'>argumenta.</span> <span class='ocrx_word' id='word_1_38' title='bbox 694 736 791 813; x_wconf 73' lang='lat' dir='ltr'>Nego,</span> <span class='ocrx_word' id='word_1_39' title='bbox 815 734 964 813; x_wconf 86' lang='lat' dir='ltr'>respicere</span> <span class='ocrx_word' id='word_1_40' title='bbox 979 734 1120 812; x_wconf 89' lang='lat' dir='ltr'>planetas</span> <span class='ocrx_word' id='word_1_41' title='bbox 1144 733 1276 799; x_wconf 90' lang='lat' dir='ltr'>orbitam</span> <span class='ocrx_word' id='word_1_42' title='bbox 1290 733 1384 797; x_wconf 80' lang='lat' dir='ltr'>Solio.</span> <span class='ocrx_word' id='word_1_43' title='bbox 1418 732 1487 795; x_wconf 75' lang='lat' dir='ltr'>hm</span> 
     </span>
     <span class='ocr_line' id='line_1_6' title="bbox 138 820 1487 904; baseline 0.001 -23"><span class='ocrx_word' id='word_1_44' title='bbox 138 841 190 900; x_wconf 91' lang='lat' dir='ltr'>per</span> <span class='ocrx_word' id='word_1_45' title='bbox 214 820 354 882; x_wconf 86' lang='lat' dir='ltr'>accidens</span> <span class='ocrx_word' id='word_1_46' title='bbox 379 824 421 892; x_wconf 84' lang='lat' dir='ltr'>lit,</span> <span class='ocrx_word' id='word_1_47' title='bbox 447 831 479 881; x_wconf 92' lang='lat' dir='ltr'>ut</span> <span class='ocrx_word' id='word_1_48' title='bbox 503 822 639 883; x_wconf 81' lang='lat' dir='ltr'><strong>dividant</strong></span> <span class='ocrx_word' id='word_1_49' title='bbox 662 841 716 901; x_wconf 88' lang='lat' dir='ltr'>per</span> <span class='ocrx_word' id='word_1_50' title='bbox 740 824 881 884; x_wconf 86' lang='lat' dir='ltr'>circuitus</span> <span class='ocrx_word' id='word_1_51' title='bbox 907 842 976 882; x_wconf 82' lang='lat' dir='ltr'>suros</span> <span class='ocrx_word' id='word_1_52' title='bbox 1002 822 1274 904; x_wconf 84' lang='lat' dir='ltr'>bilariampartem</span> <span class='ocrx_word' id='word_1_53' title='bbox 1289 823 1359 896; x_wconf 87' lang='lat' dir='ltr'>hnc,</span> <span class='ocrx_word' id='word_1_54' title='bbox 1381 829 1487 902; x_wconf 86' lang='lat' dir='ltr'>partem</span> 
     </span>
     <span class='ocr_line' id='line_1_7' title="bbox 139 902 1489 986; baseline 0.001 -16"><span class='ocrx_word' id='word_1_55' title='bbox 139 911 207 973; x_wconf 89' lang='lat' dir='ltr'>illuc</span> <span class='ocrx_word' id='word_1_56' title='bbox 232 931 250 970; x_wconf 89' lang='lat' dir='ltr'>a</span> <span class='ocrx_word' id='word_1_57' title='bbox 274 902 356 971; x_wconf 84' lang='lat' dir='ltr'>Solis</span> <span class='ocrx_word' id='word_1_58' title='bbox 381 910 498 970; x_wconf 89' lang='lat' dir='ltr'>semita.</span> <span class='ocrx_word' id='word_1_59' title='bbox 548 912 612 972; x_wconf 87' lang='lat' dir='ltr'>Hoc</span> <span class='ocrx_word' id='word_1_60' title='bbox 637 913 732 972; x_wconf 87' lang='lat' dir='ltr'>solum</span> <span class='ocrx_word' id='word_1_61' title='bbox 749 912 902 986; x_wconf 83' lang='lat' dir='ltr'>affectant,</span> <span class='ocrx_word' id='word_1_62' title='bbox 929 921 961 971; x_wconf 91' lang='lat' dir='ltr'>ut</span> <span class='ocrx_word' id='word_1_63' title='bbox 980 909 1059 972; x_wconf 89' lang='lat' dir='ltr'>circa</span> <span class='ocrx_word' id='word_1_64' title='bbox 1084 922 1218 974; x_wconf 81' lang='lat' dir='ltr'>centrum</span> <span class='ocrx_word' id='word_1_65' title='bbox 1240 913 1344 974; x_wconf 90' lang='lat' dir='ltr'>mnndi</span> <span class='ocrx_word' id='word_1_66' title='bbox 1359 920 1489 973; x_wconf 86' lang='lat' dir='ltr'>maneant</span> 
     </span>
     <span class='ocr_line' id='line_1_8' title="bbox 138 999 1487 1078; baseline 0.001 -19"><span class='ocrx_word' id='word_1_67' title='bbox 138 1000 166 1060; x_wconf 88' lang='lat' dir='ltr'>iu</span> <span class='ocrx_word' id='word_1_68' title='bbox 192 999 298 1060; x_wconf 89' lang='lat' dir='ltr'>eodem</span> <span class='ocrx_word' id='word_1_69' title='bbox 323 999 413 1077; x_wconf 90' lang='lat' dir='ltr'>plano</span> <span class='ocrx_word' id='word_1_70' title='bbox 438 1002 489 1071; x_wconf 78' lang='lat' dir='ltr'>(ne</span> <span class='ocrx_word' id='word_1_71' title='bbox 514 1009 543 1060; x_wconf 92' lang='lat' dir='ltr'>te</span> <span class='ocrx_word' id='word_1_72' title='bbox 570 999 754 1078; x_wconf 82' lang='lat' dir='ltr'>Copemicns</span> <span class='ocrx_word' id='word_1_73' title='bbox 779 1001 942 1072; x_wconf 87' lang='lat' dir='ltr'>ofl&#39;endat);</span> <span class='ocrx_word' id='word_1_74' title='bbox 968 999 1046 1061; x_wconf 92' lang='lat' dir='ltr'>idem</span> <span class='ocrx_word' id='word_1_75' title='bbox 1070 1000 1123 1062; x_wconf 86' lang='lat' dir='ltr'>Sol</span> <span class='ocrx_word' id='word_1_76' title='bbox 1147 1001 1230 1074; x_wconf 86' lang='lat' dir='ltr'>lacit,</span> <span class='ocrx_word' id='word_1_77' title='bbox 1256 1001 1338 1063; x_wconf 88' lang='lat' dir='ltr'>alter</span> <span class='ocrx_word' id='word_1_78' title='bbox 1360 1000 1423 1061; x_wconf 89' lang='lat' dir='ltr'>sine</span> <span class='ocrx_word' id='word_1_79' title='bbox 1443 1018 1487 1060; x_wconf 91' lang='lat' dir='ltr'>re-</span> 
     </span>
     <span class='ocr_line' id='line_1_9' title="bbox 137 1086 1487 1169; baseline 0.001 -23"><span class='ocrx_word' id='word_1_80' title='bbox 137 1099 242 1167; x_wconf 87' lang='lat' dir='ltr'>spectu</span> <span class='ocrx_word' id='word_1_81' title='bbox 267 1087 401 1148; x_wconf 85' lang='lat' dir='ltr'>alterius.</span> <span class='ocrx_word' id='word_1_82' title='bbox 448 1089 513 1149; x_wconf 90' lang='lat' dir='ltr'>Hoc</span> <span class='ocrx_word' id='word_1_83' title='bbox 540 1108 610 1149; x_wconf 81' lang='lat' dir='ltr'>sero</span> <span class='ocrx_word' id='word_1_84' title='bbox 636 1090 782 1150; x_wconf 79' lang='lat' dir='ltr'>iacientes</span> <span class='ocrx_word' id='word_1_85' title='bbox 808 1098 947 1169; x_wconf 90' lang='lat' dir='ltr'>uterque,</span> <span class='ocrx_word' id='word_1_86' title='bbox 974 1108 1098 1149; x_wconf 90' lang='lat' dir='ltr'>necesse</span> <span class='ocrx_word' id='word_1_87' title='bbox 1123 1099 1172 1150; x_wconf 90' lang='lat' dir='ltr'>est</span> <span class='ocrx_word' id='word_1_88' title='bbox 1195 1089 1312 1151; x_wconf 88' lang='lat' dir='ltr'>orbitas</span> <span class='ocrx_word' id='word_1_89' title='bbox 1337 1098 1391 1150; x_wconf 89' lang='lat' dir='ltr'>ant</span> <span class='ocrx_word' id='word_1_90' title='bbox 1411 1086 1487 1149; x_wconf 91' lang='lat' dir='ltr'>coin·</span> 
     </span>
     <span class='ocr_line' id='line_1_10' title="bbox 137 1176 1487 1257; baseline -0.001 -19"><span class='ocrx_word' id='word_1_91' title='bbox 137 1178 254 1251; x_wconf 81' lang='lat' dir='ltr'><strong>cidere,</strong></span> <span class='ocrx_word' id='word_1_92' title='bbox 290 1186 342 1237; x_wconf 91' lang='lat' dir='ltr'>aut</span> <span class='ocrx_word' id='word_1_93' title='bbox 366 1177 462 1238; x_wconf 82' lang='lat' dir='ltr'>secari</span> <span class='ocrx_word' id='word_1_94' title='bbox 496 1178 610 1238; x_wconf 89' lang='lat' dir='ltr'>duobus</span> <span class='ocrx_word' id='word_1_95' title='bbox 635 1178 752 1257; x_wconf 87' lang='lat' dir='ltr'>punctis</span> <span class='ocrx_word' id='word_1_96' title='bbox 778 1177 925 1257; x_wconf 89' lang='lat' dir='ltr'>oppositis</span> <span class='ocrx_word' id='word_1_97' title='bbox 955 1185 985 1238; x_wconf 86' lang='lat' dir='ltr'>et</span> <span class='ocrx_word' id='word_1_98' title='bbox 1009 1177 1158 1241; x_wconf 88' lang='lat' dir='ltr'>hilariam.</span> <span class='ocrx_word' id='word_1_99' title='bbox 1206 1176 1404 1241; x_wconf 87' lang='lat' dir='ltr'>Astronomia</span> <span class='ocrx_word' id='word_1_100' title='bbox 1425 1194 1487 1237; x_wconf 82' lang='lat' dir='ltr'>rere</span> 
     </span>
     <span class='ocr_line' id='line_1_11' title="bbox 137 1264 1488 1347; baseline -0.001 -20"><span class='ocrx_word' id='word_1_101' title='bbox 137 1266 334 1327; x_wconf 75' lang='lat' dir='ltr'>disertissime</span> <span class='ocrx_word' id='word_1_102' title='bbox 367 1266 517 1340; x_wconf 82' lang='lat' dir='ltr'>affirmat,</span> <span class='ocrx_word' id='word_1_103' title='bbox 552 1267 631 1328; x_wconf 93' lang='lat' dir='ltr'>nullo</span> <span class='ocrx_word' id='word_1_104' title='bbox 665 1276 755 1345; x_wconf 90' lang='lat' dir='ltr'>pacto</span> <span class='ocrx_word' id='word_1_105' title='bbox 780 1266 949 1346; x_wconf 85' lang='lat' dir='ltr'>dispensari</span> <span class='ocrx_word' id='word_1_106' title='bbox 983 1275 1081 1328; x_wconf 89' lang='lat' dir='ltr'>motus</span> <span class='ocrx_word' id='word_1_107' title='bbox 1113 1267 1304 1347; x_wconf 88' lang='lat' dir='ltr'>planetarum</span> <span class='ocrx_word' id='word_1_108' title='bbox 1339 1266 1377 1328; x_wconf 85' lang='lat' dir='ltr'>ab</span> <span class='ocrx_word' id='word_1_109' title='bbox 1400 1264 1488 1327; x_wconf 86' lang='lat' dir='ltr'>orbita</span> 
     </span>
     <span class='ocr_line' id='line_1_12' title="bbox 136 1353 1486 1434; baseline -0.002 -18"><span class='ocrx_word' id='word_1_110' title='bbox 136 1353 228 1429; x_wconf 90' lang='lat' dir='ltr'>Solis,</span> <span class='ocrx_word' id='word_1_111' title='bbox 255 1374 320 1415; x_wconf 88' lang='lat' dir='ltr'>cnm</span> <span class='ocrx_word' id='word_1_112' title='bbox 344 1354 427 1432; x_wconf 86' lang='lat' dir='ltr'>leges</span> <span class='ocrx_word' id='word_1_113' title='bbox 453 1355 577 1415; x_wconf 81' lang='lat' dir='ltr'>realium</span> <span class='ocrx_word' id='word_1_114' title='bbox 603 1364 735 1416; x_wconf 90' lang='lat' dir='ltr'>motuum</span> <span class='ocrx_word' id='word_1_115' title='bbox 760 1356 840 1416; x_wconf 91' lang='lat' dir='ltr'>nullo</span> <span class='ocrx_word' id='word_1_116' title='bbox 864 1362 954 1434; x_wconf 89' lang='lat' dir='ltr'>pacto</span> <span class='ocrx_word' id='word_1_117' title='bbox 975 1356 1128 1433; x_wconf 80' lang='lat' dir='ltr'>pendeant</span> <span class='ocrx_word' id='word_1_118' title='bbox 1151 1376 1170 1417; x_wconf 86' lang='lat' dir='ltr'>a</span> <span class='ocrx_word' id='word_1_119' title='bbox 1193 1354 1276 1419; x_wconf 87' lang='lat' dir='ltr'>Solis</span> <span class='ocrx_word' id='word_1_120' title='bbox 1301 1354 1486 1418; x_wconf 81' lang='lat' dir='ltr'>revolutione.</span> 
     </span>
     <span class='ocr_line' id='line_1_13' title="bbox 138 1440 1486 1527; baseline -0.001 -23"><span class='ocrx_word' id='word_1_121' title='bbox 138 1445 215 1504; x_wconf 77' lang='lat' dir='ltr'>Nam</span> <span class='ocrx_word' id='word_1_122' title='bbox 240 1462 316 1522; x_wconf 90' lang='lat' dir='ltr'>quae</span> <span class='ocrx_word' id='word_1_123' title='bbox 341 1443 376 1502; x_wconf 90' lang='lat' dir='ltr'>dc</span> <span class='ocrx_word' id='word_1_124' title='bbox 402 1443 535 1524; x_wconf 86' lang='lat' dir='ltr'>epieyclo</span> <span class='ocrx_word' id='word_1_125' title='bbox 560 1444 642 1505; x_wconf 88' lang='lat' dir='ltr'>dicta</span> <span class='ocrx_word' id='word_1_126' title='bbox 666 1453 777 1505; x_wconf 88' lang='lat' dir='ltr'>sunta</span> <span class='ocrx_word' id='word_1_127' title='bbox 802 1445 966 1518; x_wconf 72' lang='lat' dir='ltr'>veteribus,</span> <span class='ocrx_word' id='word_1_128' title='bbox 1001 1443 1147 1506; x_wconf 90' lang='lat' dir='ltr'>tolluntur</span> <span class='ocrx_word' id='word_1_129' title='bbox 1170 1442 1195 1506; x_wconf 82' lang='lat' dir='ltr'>a¹</span> <span class='ocrx_word' id='word_1_130' title='bbox 1211 1444 1354 1527; x_wconf 82' lang='lat' dir='ltr'>Tychone</span> <span class='ocrx_word' id='word_1_131' title='bbox 1378 1452 1410 1505; x_wconf 86' lang='lat' dir='ltr'>et</span> <span class='ocrx_word' id='word_1_132' title='bbox 1432 1440 1486 1505; x_wconf 83' lang='lat' dir='ltr'>Co·</span> 
     </span>
     <span class='ocr_line' id='line_1_14' title="bbox 139 1531 1484 1613; baseline 0 -21"><span class='ocrx_word' id='word_1_133' title='bbox 139 1531 258 1613; x_wconf 90' lang='lat' dir='ltr'>pernico</span> <span class='ocrx_word' id='word_1_134' title='bbox 284 1532 450 1592; x_wconf 88' lang='lat' dir='ltr'>rationibus</span> <span class='ocrx_word' id='word_1_135' title='bbox 475 1532 593 1611; x_wconf 88' lang='lat' dir='ltr'>opticis.</span> <span class='ocrx_word' id='word_1_136' title='bbox 641 1532 779 1594; x_wconf 90' lang='lat' dir='ltr'>Secundo</span> <span class='ocrx_word' id='word_1_137' title='bbox 803 1532 920 1612; x_wconf 81' lang='lat' dir='ltr'>allegas</span> <span class='ocrx_word' id='word_1_138' title='bbox 945 1532 1172 1612; x_wconf 77' lang='lat' dir='ltr'>experientiam.</span> <span class='ocrx_word' id='word_1_139' title='bbox 1218 1534 1320 1613; x_wconf 82' lang='lat' dir='ltr'>Nego,</span> <span class='ocrx_word' id='word_1_140' title='bbox 1344 1542 1375 1594; x_wconf 89' lang='lat' dir='ltr'>te</span> <span class='ocrx_word' id='word_1_141' title='bbox 1394 1531 1484 1605; x_wconf 76' lang='lat' dir='ltr'>since·</span> 
     </span>
     <span class='ocr_line' id='line_1_15' title="bbox 139 1619 1486 1703; baseline 0 -21"><span class='ocrx_word' id='word_1_142' title='bbox 139 1640 204 1682; x_wconf 89' lang='lat' dir='ltr'>ram</span> <span class='ocrx_word' id='word_1_143' title='bbox 236 1639 325 1700; x_wconf 88' lang='lat' dir='ltr'>posse</span> <span class='ocrx_word' id='word_1_144' title='bbox 359 1637 485 1698; x_wconf 82' lang='lat' dir='ltr'>capere,</span> <span class='ocrx_word' id='word_1_145' title='bbox 520 1621 633 1684; x_wconf 87' lang='lat' dir='ltr'>lubrica</span> <span class='ocrx_word' id='word_1_146' title='bbox 657 1629 721 1692; x_wconf 90' lang='lat' dir='ltr'>est,</span> <span class='ocrx_word' id='word_1_147' title='bbox 756 1622 834 1702; x_wconf 93' lang='lat' dir='ltr'>quod</span> <span class='ocrx_word' id='word_1_148' title='bbox 868 1621 941 1694; x_wconf 90' lang='lat' dir='ltr'>tibi,</span> <span class='ocrx_word' id='word_1_149' title='bbox 970 1639 1023 1700; x_wconf 91' lang='lat' dir='ltr'>per</span> <span class='ocrx_word' id='word_1_150' title='bbox 1046 1631 1150 1702; x_wconf 88' lang='lat' dir='ltr'>partes</span> <span class='ocrx_word' id='word_1_151' title='bbox 1172 1621 1355 1703; x_wconf 84' lang='lat' dir='ltr'>proponenti</span> <span class='ocrx_word' id='word_1_152' title='bbox 1377 1619 1486 1701; x_wconf 85' lang='lat' dir='ltr'>experi-</span> 
     </span>
     <span class='ocr_line' id='line_1_16' title="bbox 139 1709 1483 1790; baseline -0.001 -19"><span class='ocrx_word' id='word_1_153' title='bbox 139 1717 260 1781; x_wconf 88' lang='lat' dir='ltr'>menta,</span> <span class='ocrx_word' id='word_1_154' title='bbox 294 1709 459 1787; x_wconf 84' lang='lat' dir='ltr'>probarem.</span> <span class='ocrx_word' id='word_1_155' title='bbox 508 1710 610 1772; x_wconf 85' lang='lat' dir='ltr'>Tertio</span> <span class='ocrx_word' id='word_1_156' title='bbox 643 1711 779 1790; x_wconf 83' lang='lat' dir='ltr'>confugis</span> <span class='ocrx_word' id='word_1_157' title='bbox 812 1711 851 1771; x_wconf 91' lang='lat' dir='ltr'>ad</span> <span class='ocrx_word' id='word_1_158' title='bbox 884 1709 1105 1789; x_wconf 87' lang='lat' dir='ltr'>profectiones,</span> <span class='ocrx_word' id='word_1_159' title='bbox 1138 1741 1178 1752; x_wconf 92' lang='lat'><em>-</em></span> <span class='ocrx_word' id='word_1_160' title='bbox 1212 1710 1372 1773; x_wconf 88' lang='lat' dir='ltr'>ficulneum</span> <span class='ocrx_word' id='word_1_161' title='bbox 1404 1727 1483 1788; x_wconf 83' lang='lat' dir='ltr'>argu·</span> 
     </span>
     <span class='ocr_line' id='line_1_17' title="bbox 138 1797 1484 1880; baseline -0.001 -20"><span class='ocrx_word' id='word_1_162' title='bbox 138 1808 280 1860; x_wconf 76' lang='lat' dir='ltr'>utentum.</span> <span class='ocrx_word' id='word_1_163' title='bbox 327 1797 420 1858; x_wconf 82' lang='lat' dir='ltr'>Nihili</span> <span class='ocrx_word' id='word_1_164' title='bbox 445 1807 491 1859; x_wconf 85' lang='lat' dir='ltr'>est</span> <span class='ocrx_word' id='word_1_165' title='bbox 514 1800 676 1878; x_wconf 86' lang='lat' dir='ltr'>profectio,</span> <span class='ocrx_word' id='word_1_166' title='bbox 712 1807 743 1860; x_wconf 91' lang='lat' dir='ltr'>et</span> <span class='ocrx_word' id='word_1_167' title='bbox 767 1800 792 1860; x_wconf 92' lang='lat' dir='ltr'>si</span> <span class='ocrx_word' id='word_1_168' title='bbox 826 1798 895 1880; x_wconf 91' lang='lat' dir='ltr'>quid</span> <span class='ocrx_word' id='word_1_169' title='bbox 920 1806 1019 1872; x_wconf 90' lang='lat' dir='ltr'>esset,</span> <span class='ocrx_word' id='word_1_170' title='bbox 1049 1799 1114 1879; x_wconf 88' lang='lat' dir='ltr'>jam</span> <span class='ocrx_word' id='word_1_171' title='bbox 1138 1799 1221 1874; x_wconf 83' lang='lat' dir='ltr'>dixi,</span> <span class='ocrx_word' id='word_1_172' title='bbox 1256 1806 1287 1861; x_wconf 79' lang='lat' dir='ltr'>te</span> <span class='ocrx_word' id='word_1_173' title='bbox 1312 1798 1379 1861; x_wconf 84' lang='lat' dir='ltr'>falli</span> <span class='ocrx_word' id='word_1_174' title='bbox 1401 1816 1484 1879; x_wconf 84' lang='lat' dir='ltr'>expe·</span> 
     </span>
     <span class='ocr_line' id='line_1_18' title="bbox 138 1885 1486 1969; baseline -0.003 -20"><span class='ocrx_word' id='word_1_175' title='bbox 138 1889 251 1949; x_wconf 90' lang='lat' dir='ltr'>riundo.</span> <span class='ocrx_word' id='word_1_176' title='bbox 298 1886 434 1966; x_wconf 88' lang='lat' dir='ltr'>Denique</span> <span class='ocrx_word' id='word_1_177' title='bbox 460 1889 579 1960; x_wconf 87' lang='lat' dir='ltr'>nescio,</span> <span class='ocrx_word' id='word_1_178' title='bbox 605 1889 673 1969; x_wconf 90' lang='lat' dir='ltr'>quid</span> <span class='ocrx_word' id='word_1_179' title='bbox 699 1899 729 1950; x_wconf 94' lang='lat' dir='ltr'>te</span> <span class='ocrx_word' id='word_1_180' title='bbox 754 1890 822 1968; x_wconf 89' lang='lat' dir='ltr'>polo</span> <span class='ocrx_word' id='word_1_181' title='bbox 847 1888 994 1951; x_wconf 87' lang='lat' dir='ltr'>attulerit.</span> <span class='ocrx_word' id='word_1_182' title='bbox 1042 1888 1172 1950; x_wconf 90' lang='lat' dir='ltr'>Primum</span> <span class='ocrx_word' id='word_1_183' title='bbox 1197 1907 1256 1950; x_wconf 92' lang='lat' dir='ltr'>non</span> <span class='ocrx_word' id='word_1_184' title='bbox 1280 1895 1355 1949; x_wconf 91' lang='lat' dir='ltr'>snut</span> <span class='ocrx_word' id='word_1_185' title='bbox 1377 1885 1486 1948; x_wconf 81' lang='lat' dir='ltr'>siresa</span> 
     </span>
     <span class='ocr_line' id='line_1_19' title="bbox 137 1974 1484 2057; baseline -0.001 -21"><span class='ocrx_word' id='word_1_186' title='bbox 137 1978 226 2057; x_wconf 89' lang='lat' dir='ltr'>polis.</span> <span class='ocrx_word' id='word_1_187' title='bbox 274 1975 390 2036; x_wconf 89' lang='lat' dir='ltr'>Deinde</span> <span class='ocrx_word' id='word_1_188' title='bbox 415 1975 554 2055; x_wconf 88' lang='lat' dir='ltr'>ecliptica</span> <span class='ocrx_word' id='word_1_189' title='bbox 579 1997 635 2038; x_wconf 89' lang='lat' dir='ltr'>noo</span> <span class='ocrx_word' id='word_1_190' title='bbox 661 1990 717 2039; x_wconf 88' lang='lat' dir='ltr'>est.</span> <span class='ocrx_word' id='word_1_191' title='bbox 732 1978 831 2038; x_wconf 87' lang='lat' dir='ltr'>media</span> <span class='ocrx_word' id='word_1_192' title='bbox 847 1978 924 2038; x_wconf 91' lang='lat' dir='ltr'>inter</span> <span class='ocrx_word' id='word_1_193' title='bbox 940 1977 1026 2055; x_wconf 88' lang='lat' dir='ltr'>polos</span> <span class='ocrx_word' id='word_1_194' title='bbox 1041 1979 1241 2056; x_wconf 87' lang='lat' dir='ltr'>planetarum,</span> <span class='ocrx_word' id='word_1_195' title='bbox 1267 1995 1365 2056; x_wconf 88' lang='lat' dir='ltr'>aeque</span> <span class='ocrx_word' id='word_1_196' title='bbox 1379 1974 1484 2037; x_wconf 88' lang='lat' dir='ltr'>distans</span> 
     </span>
     <span class='ocr_line' id='line_1_20' title="bbox 138 2064 1484 2146; baseline -0.001 -19"><span class='ocrx_word' id='word_1_197' title='bbox 138 2066 176 2127; x_wconf 91' lang='lat' dir='ltr'>ab</span> <span class='ocrx_word' id='word_1_198' title='bbox 201 2065 276 2138; x_wconf 90' lang='lat' dir='ltr'>illis,</span> <span class='ocrx_word' id='word_1_199' title='bbox 303 2065 356 2125; x_wconf 88' lang='lat' dir='ltr'>sed</span> <span class='ocrx_word' id='word_1_200' title='bbox 381 2064 485 2143; x_wconf 88' lang='lat' dir='ltr'>cuique</span> <span class='ocrx_word' id='word_1_201' title='bbox 509 2066 650 2145; x_wconf 88' lang='lat' dir='ltr'>planetae</span> <span class='ocrx_word' id='word_1_202' title='bbox 675 2087 746 2127; x_wconf 91' lang='lat' dir='ltr'>suus</span> <span class='ocrx_word' id='word_1_203' title='bbox 770 2067 865 2145; x_wconf 89' lang='lat' dir='ltr'>polus.</span> <span class='ocrx_word' id='word_1_204' title='bbox 913 2066 1015 2127; x_wconf 87' lang='lat' dir='ltr'>Tertio</span> <span class='ocrx_word' id='word_1_205' title='bbox 1041 2086 1094 2127; x_wconf 90' lang='lat' dir='ltr'>nec</span> <span class='ocrx_word' id='word_1_206' title='bbox 1111 2065 1254 2146; x_wconf 90' lang='lat' dir='ltr'>ecliptica</span> <span class='ocrx_word' id='word_1_207' title='bbox 1280 2085 1377 2146; x_wconf 88' lang='lat' dir='ltr'>aeque</span> <span class='ocrx_word' id='word_1_208' title='bbox 1401 2065 1484 2126; x_wconf 87' lang='lat' dir='ltr'>distat</span> 
     </span>
    </p>
   </div>
   <div class='ocr_carea' id='block_1_3' title="bbox 138 2152 1449 2234">
    <p class='ocr_par' dir='ltr' id='par_1_4' title="bbox 138 2152 1449 2234">
     <span class='ocr_line' id='line_1_21' title="bbox 138 2152 1449 2234; baseline -0.002 -19"><span class='ocrx_word' id='word_1_209' title='bbox 138 2172 256 2232; x_wconf 88' lang='lat' dir='ltr'>semper</span> <span class='ocrx_word' id='word_1_210' title='bbox 280 2154 317 2214; x_wconf 89' lang='lat' dir='ltr'>ab</span> <span class='ocrx_word' id='word_1_211' title='bbox 343 2152 447 2214; x_wconf 90' lang='lat' dir='ltr'>iisdem</span> <span class='ocrx_word' id='word_1_212' title='bbox 486 2156 606 2233; x_wconf 85' lang='lat' dir='ltr'>punctis</span> <span class='ocrx_word' id='word_1_213' title='bbox 630 2155 773 2229; x_wconf 81' lang='lat' dir='ltr'>dxarurn3</span> <span class='ocrx_word' id='word_1_214' title='bbox 803 2155 873 2216; x_wconf 91' lang='lat' dir='ltr'>olim</span> <span class='ocrx_word' id='word_1_215' title='bbox 898 2155 976 2215; x_wconf 87' lang='lat' dir='ltr'>enim</span> <span class='ocrx_word' id='word_1_216' title='bbox 1001 2155 1130 2234; x_wconf 89' lang='lat' dir='ltr'>majores</span> <span class='ocrx_word' id='word_1_217' title='bbox 1156 2155 1238 2216; x_wconf 85' lang='lat' dir='ltr'>inere</span> <span class='ocrx_word' id='word_1_218' title='bbox 1264 2153 1449 2216; x_wconf 86' lang='lat' dir='ltr'>latitudines.</span> 
     </span>
    </p>
   </div>
   <div class='ocr_carea' id='block_1_4' title="bbox 138 2241 1482 2378">
    <p class='ocr_par' dir='ltr' id='par_1_5' title="bbox 138 2241 1482 2378">
     <span class='ocr_line' id='line_1_22' title="bbox 156 2241 1482 2308; baseline 0.004 -18"><span class='ocrx_word' id='word_1_219' title='bbox 156 2252 161 2260; x_wconf 88' lang='grc'><strong>“</strong></span> <span class='ocrx_word' id='word_1_220' title='bbox 210 2243 391 2292; x_wconf 81' lang='lat' dir='ltr'>Fabricius:</span> <span class='ocrx_word' id='word_1_221' title='bbox 423 2241 486 2292; x_wconf 88' lang='lat' dir='ltr'>Mire</span> <span class='ocrx_word' id='word_1_222' title='bbox 506 2242 620 2306; x_wconf 83' lang='lat' dir='ltr'>placent,</span> <span class='ocrx_word' id='word_1_223' title='bbox 645 2258 710 2308; x_wconf 82' lang='lat' dir='ltr'>quae</span> <span class='ocrx_word' id='word_1_224' title='bbox 728 2245 880 2308; x_wconf 79' lang='lat' dir='ltr'>geometrica</span> <span class='ocrx_word' id='word_1_225' title='bbox 899 2250 924 2293; x_wconf 91' lang='lat' dir='ltr'>et</span> <span class='ocrx_word' id='word_1_226' title='bbox 942 2244 1037 2292; x_wconf 87' lang='lat' dir='ltr'>musica</span> <span class='ocrx_word' id='word_1_227' title='bbox 1055 2243 1129 2293; x_wconf 79' lang='lat' dir='ltr'>affers</span> <span class='ocrx_word' id='word_1_228' title='bbox 1148 2242 1180 2293; x_wconf 88' lang='lat' dir='ltr'>de</span> <span class='ocrx_word' id='word_1_229' title='bbox 1198 2242 1359 2307; x_wconf 76' lang='lat' dir='ltr'>aspectibus,</span> <span class='ocrx_word' id='word_1_230' title='bbox 1387 2256 1432 2292; x_wconf 83' lang='lat' dir='ltr'>nan</span> <span class='ocrx_word' id='word_1_231' title='bbox 1448 2246 1482 2295; x_wconf 62' lang='lat' dir='ltr'>Ol·</span> 
     </span>
     <span class='ocr_line' id='line_1_23' title="bbox 138 2311 520 2378; baseline -0.01 -14"><span class='ocrx_word' id='word_1_232' title='bbox 138 2315 204 2378; x_wconf 91' lang='lat' dir='ltr'>qnod</span> <span class='ocrx_word' id='word_1_233' title='bbox 222 2314 269 2361; x_wconf 87' lang='lat' dir='ltr'>illia</span> <span class='ocrx_word' id='word_1_234' title='bbox 288 2313 456 2363; x_wconf 80' lang='lat' dir='ltr'>contradicam</span> <span class='ocrx_word' id='word_1_235' title='bbox 475 2311 520 2362; x_wconf 77' lang='lat' dir='ltr'>dcc.</span> 
     </span>
    </p>
   </div>
   <div class='ocr_carea' id='block_1_5' title="bbox 139 2384 1483 2731">
    <p class='ocr_par' dir='ltr' id='par_1_6' title="bbox 139 2384 1483 2731">
     <span class='ocr_line' id='line_1_24' title="bbox 228 2384 1483 2465; baseline -0.002 -20"><span class='ocrx_word' id='word_1_236' title='bbox 228 2386 427 2464; x_wconf 89' lang='lat' dir='ltr'>Keplerus:</span> <span class='ocrx_word' id='word_1_237' title='bbox 465 2385 678 2446; x_wconf 87' lang='lat' dir='ltr'>Harmonioam</span> <span class='ocrx_word' id='word_1_238' title='bbox 702 2385 870 2446; x_wconf 82' lang='lat' dir='ltr'>doctrinam</span> <span class='ocrx_word' id='word_1_239' title='bbox 894 2385 1021 2463; x_wconf 81' lang='lat' dir='ltr'>recipis,</span> <span class='ocrx_word' id='word_1_240' title='bbox 1053 2386 1113 2447; x_wconf 92' lang='lat' dir='ltr'>vim</span> <span class='ocrx_word' id='word_1_241' title='bbox 1136 2384 1206 2447; x_wconf 91' lang='lat' dir='ltr'>inde</span> <span class='ocrx_word' id='word_1_242' title='bbox 1229 2385 1407 2465; x_wconf 81' lang='lat' dir='ltr'>aspectibus</span> <span class='ocrx_word' id='word_1_243' title='bbox 1429 2399 1483 2445; x_wconf 85' lang='lat' dir='ltr'>esar</span> 
     </span>
     <span class='ocr_line' id='line_1_25' title="bbox 139 2472 1481 2554; baseline -0.001 -19"><span class='ocrx_word' id='word_1_244' title='bbox 139 2474 259 2554; x_wconf 88' lang='lat' dir='ltr'>probas.</span> <span class='ocrx_word' id='word_1_245' title='bbox 309 2472 454 2545; x_wconf 86' lang='lat' dir='ltr'>Gaudeo,</span> <span class='ocrx_word' id='word_1_246' title='bbox 489 2483 520 2534; x_wconf 90' lang='lat' dir='ltr'>te</span> <span class='ocrx_word' id='word_1_247' title='bbox 544 2474 681 2537; x_wconf 86' lang='lat' dir='ltr'>hausisse</span> <span class='ocrx_word' id='word_1_248' title='bbox 707 2476 761 2535; x_wconf 93' lang='lat' dir='ltr'>hoc</span> <span class='ocrx_word' id='word_1_249' title='bbox 785 2473 997 2554; x_wconf 89' lang='lat' dir='ltr'>pharmacum:</span> <span class='ocrx_word' id='word_1_250' title='bbox 1040 2475 1128 2535; x_wconf 90' lang='lat' dir='ltr'>crede</span> <span class='ocrx_word' id='word_1_251' title='bbox 1153 2473 1244 2548; x_wconf 91' lang='lat' dir='ltr'>mihi,</span> <span class='ocrx_word' id='word_1_252' title='bbox 1278 2474 1310 2535; x_wconf 89' lang='lat' dir='ltr'>in</span> <span class='ocrx_word' id='word_1_253' title='bbox 1335 2482 1481 2553; x_wconf 80' lang='lat' dir='ltr'>posterum,</span> 
     </span>
     <span class='ocr_line' id='line_1_26' title="bbox 140 2558 1482 2642; baseline -0.003 -18"><span class='ocrx_word' id='word_1_254' title='bbox 140 2564 195 2624; x_wconf 89' lang='lat' dir='ltr'>nisi</span> <span class='ocrx_word' id='word_1_255' title='bbox 219 2582 272 2642; x_wconf 89' lang='lat' dir='ltr'>per</span> <span class='ocrx_word' id='word_1_256' title='bbox 295 2562 439 2623; x_wconf 85' lang='lat' dir='ltr'>rouritum</span> <span class='ocrx_word' id='word_1_257' title='bbox 463 2563 649 2636; x_wconf 86' lang='lat' dir='ltr'>reddideris,</span> <span class='ocrx_word' id='word_1_258' title='bbox 684 2563 733 2624; x_wconf 93' lang='lat' dir='ltr'>ubi</span> <span class='ocrx_word' id='word_1_259' title='bbox 759 2563 942 2624; x_wconf 89' lang='lat' dir='ltr'>ventriculus</span> <span class='ocrx_word' id='word_1_260' title='bbox 966 2563 998 2624; x_wconf 95' lang='lat' dir='ltr'>id</span> <span class='ocrx_word' id='word_1_261' title='bbox 1021 2563 1211 2638; x_wconf 80' lang='lat' dir='ltr'>concoxerit,</span> <span class='ocrx_word' id='word_1_262' title='bbox 1247 2563 1422 2642; x_wconf 89' lang='lat' dir='ltr'>aperientur</span> <span class='ocrx_word' id='word_1_263' title='bbox 1442 2558 1482 2621; x_wconf 88' lang='lat' dir='ltr'>ribi</span> 
     </span>
     <span class='ocr_line' id='line_1_27' title="bbox 140 2650 1482 2731; baseline -0.004 -18"><span class='ocrx_word' id='word_1_264' title='bbox 140 2655 167 2714; x_wconf 92' lang='lat' dir='ltr'>in</span> <span class='ocrx_word' id='word_1_265' title='bbox 194 2652 410 2729; x_wconf 84' lang='lat' dir='ltr'>meteorologia</span> <span class='ocrx_word' id='word_1_266' title='bbox 433 2652 542 2712; x_wconf 91' lang='lat' dir='ltr'>mentis</span> <span class='ocrx_word' id='word_1_267' title='bbox 567 2653 663 2726; x_wconf 90' lang='lat' dir='ltr'>oculi,</span> <span class='ocrx_word' id='word_1_268' title='bbox 698 2653 786 2730; x_wconf 86' lang='lat' dir='ltr'>inque</span> <span class='ocrx_word' id='word_1_269' title='bbox 822 2652 1057 2723; x_wconf 82' lang='lat' dir='ltr'>„Fundameutis</span> <span class='ocrx_word' id='word_1_270' title='bbox 1080 2652 1311 2731; x_wconf 84' lang='lat' dir='ltr'>Astrologiae“.</span> <span class='ocrx_word' id='word_1_271' title='bbox 1360 2650 1394 2713; x_wconf 89' lang='lat' dir='ltr'>Si</span> <span class='ocrx_word' id='word_1_272' title='bbox 1417 2650 1482 2730; x_wconf 83' lang='lat' dir='ltr'>priua</span> 
     </span>
    </p>
   </div>
   <div class='ocr_carea' id='block_1_6' title="bbox 138 2741 1482 3390">
    <p class='ocr_par' dir='ltr' id='par_1_7' title="bbox 140 2741 1010 2819">
     <span class='ocr_line' id='line_1_28' title="bbox 140 2741 1010 2819; baseline -0.001 -17"><span class='ocrx_word' id='word_1_273' title='bbox 140 2741 274 2814; x_wconf 80' lang='lat' dir='ltr'>fecisses,</span> <span class='ocrx_word' id='word_1_274' title='bbox 300 2751 382 2818; x_wconf 92' lang='lat' dir='ltr'>puto,</span> <span class='ocrx_word' id='word_1_275' title='bbox 408 2741 503 2801; x_wconf 89' lang='lat' dir='ltr'>multa</span> <span class='ocrx_word' id='word_1_276' title='bbox 528 2743 637 2802; x_wconf 88' lang='lat' dir='ltr'>luisses</span> <span class='ocrx_word' id='word_1_277' title='bbox 661 2742 708 2801; x_wconf 87' lang='lat' dir='ltr'>hic</span> <span class='ocrx_word' id='word_1_278' title='bbox 732 2741 1010 2819; x_wconf 86' lang='lat' dir='ltr'>praetermissurus.</span> 
     </span>
    </p>

    <p class='ocr_par' dir='ltr' id='par_1_8' title="bbox 138 2826 1482 3390">
     <span class='ocr_line' id='line_1_29' title="bbox 210 2826 1481 2892; baseline -0.001 -14"><span class='ocrx_word' id='word_1_279' title='bbox 210 2829 389 2878; x_wconf 82' lang='lat' dir='ltr'>Fabricius:</span> <span class='ocrx_word' id='word_1_280' title='bbox 422 2828 458 2877; x_wconf 80' lang='lat' dir='ltr'>Ex</span> <span class='ocrx_word' id='word_1_281' title='bbox 477 2830 560 2878; x_wconf 77' lang='lat' dir='ltr'>divina</span> <span class='ocrx_word' id='word_1_282' title='bbox 578 2829 731 2878; x_wconf 87' lang='lat' dir='ltr'>ordinatione</span> <span class='ocrx_word' id='word_1_283' title='bbox 751 2838 820 2879; x_wconf 88' lang='lat' dir='ltr'>certa</span> <span class='ocrx_word' id='word_1_284' title='bbox 838 2829 960 2892; x_wconf 85' lang='lat' dir='ltr'>quaedam</span> <span class='ocrx_word' id='word_1_285' title='bbox 978 2828 1035 2878; x_wconf 89' lang='lat' dir='ltr'>loca</span> <span class='ocrx_word' id='word_1_286' title='bbox 1051 2828 1238 2892; x_wconf 86' lang='lat' dir='ltr'>aphetlcasnnt</span> <span class='ocrx_word' id='word_1_287' title='bbox 1255 2828 1282 2876; x_wconf 89' lang='lat' dir='ltr'>in</span> <span class='ocrx_word' id='word_1_288' title='bbox 1300 2826 1414 2876; x_wconf 61' lang='lat' dir='ltr'>menam</span> <span class='ocrx_word' id='word_1_289' title='bbox 1425 2826 1481 2877; x_wconf 67' lang='lat' dir='ltr'>bort</span> 
     </span>
     <span class='ocr_line' id='line_1_30' title="bbox 139 2898 1481 2966; baseline -0.004 -15"><span class='ocrx_word' id='word_1_290' title='bbox 139 2909 165 2951; x_wconf 86' lang='lat' dir='ltr'>et</span> <span class='ocrx_word' id='word_1_291' title='bbox 183 2900 306 2966; x_wconf 85' lang='lat' dir='ltr'>quaedam</span> <span class='ocrx_word' id='word_1_292' title='bbox 325 2900 398 2949; x_wconf 90' lang='lat' dir='ltr'>mala.</span> <span class='ocrx_word' id='word_1_293' title='bbox 438 2900 488 2948; x_wconf 86' lang='lat' dir='ltr'>Sed</span> <span class='ocrx_word' id='word_1_294' title='bbox 506 2901 626 2964; x_wconf 89' lang='lat' dir='ltr'>quomodo</span> <span class='ocrx_word' id='word_1_295' title='bbox 646 2901 750 2949; x_wconf 84' lang='lat' dir='ltr'>discerni</span> <span class='ocrx_word' id='word_1_296' title='bbox 770 2901 891 2955; x_wconf 84' lang='lat' dir='ltr'>debeant.</span> <span class='ocrx_word' id='word_1_297' title='bbox 911 2915 960 2948; x_wconf 92' lang='lat' dir='ltr'>non</span> <span class='ocrx_word' id='word_1_298' title='bbox 979 2900 1056 2949; x_wconf 88' lang='lat' dir='ltr'>rideo.</span> <span class='ocrx_word' id='word_1_299' title='bbox 1095 2898 1231 2949; x_wconf 77' lang='lat' dir='ltr'>Multarum</span> <span class='ocrx_word' id='word_1_300' title='bbox 1250 2899 1382 2962; x_wconf 78' lang='lat' dir='ltr'>genesium</span> <span class='ocrx_word' id='word_1_301' title='bbox 1401 2908 1481 2960; x_wconf 80' lang='lat' dir='ltr'>compr·</span> 
     </span>
     <span class='ocr_line' id='line_1_31' title="bbox 139 2966 1481 3035; baseline -0.006 -13"><span class='ocrx_word' id='word_1_302' title='bbox 139 2975 234 3023; x_wconf 84' lang='lat' dir='ltr'>ratione</span> <span class='ocrx_word' id='word_1_303' title='bbox 253 2971 312 3020; x_wconf 91' lang='lat' dir='ltr'>illud</span> <span class='ocrx_word' id='word_1_304' title='bbox 330 2971 501 3035; x_wconf 88' lang='lat' dir='ltr'>inquirendum</span> <span class='ocrx_word' id='word_1_305' title='bbox 520 2980 546 3021; x_wconf 87' lang='lat' dir='ltr'>et</span> <span class='ocrx_word' id='word_1_306' title='bbox 565 2972 746 3020; x_wconf 89' lang='lat' dir='ltr'>decernendum</span> <span class='ocrx_word' id='word_1_307' title='bbox 765 2979 833 3035; x_wconf 86' lang='lat' dir='ltr'>puto.</span> <span class='ocrx_word' id='word_1_308' title='bbox 861 2978 890 3020; x_wconf 92' lang='lat' dir='ltr'>ut</span> <span class='ocrx_word' id='word_1_309' title='bbox 909 2986 938 3020; x_wconf 88' lang='lat' dir='ltr'>ex</span> <span class='ocrx_word' id='word_1_310' title='bbox 957 2971 1089 3035; x_wconf 88' lang='lat' dir='ltr'>apheticae</span> <span class='ocrx_word' id='word_1_311' title='bbox 1107 2971 1204 3019; x_wconf 76' lang='lat' dir='ltr'>virtutis</span> <span class='ocrx_word' id='word_1_312' title='bbox 1221 2967 1334 3018; x_wconf 80' lang='lat' dir='ltr'>naturali</span> <span class='ocrx_word' id='word_1_313' title='bbox 1352 2966 1481 3019; x_wconf 81' lang='lat' dir='ltr'>terminals</span> 
     </span>
     <span class='ocr_line' id='line_1_32' title="bbox 139 3035 1480 3109; baseline -0.003 -16"><span class='ocrx_word' id='word_1_314' title='bbox 139 3044 219 3109; x_wconf 78' lang='lat' dir='ltr'>ligura</span> <span class='ocrx_word' id='word_1_315' title='bbox 253 3057 368 3091; x_wconf 85' lang='lat' dir='ltr'>numerus</span> <span class='ocrx_word' id='word_1_316' title='bbox 402 3050 427 3090; x_wconf 88' lang='lat' dir='ltr'>et</span> <span class='ocrx_word' id='word_1_317' title='bbox 457 3044 616 3091; x_wconf 84' lang='lat' dir='ltr'>interstitium</span> <span class='ocrx_word' id='word_1_318' title='bbox 644 3058 725 3092; x_wconf 88' lang='lat' dir='ltr'>rerum</span> <span class='ocrx_word' id='word_1_319' title='bbox 755 3044 879 3092; x_wconf 89' lang='lat' dir='ltr'>domorum</span> <span class='ocrx_word' id='word_1_320' title='bbox 913 3043 1050 3106; x_wconf 82' lang='lat' dir='ltr'>inquiratur</span> <span class='ocrx_word' id='word_1_321' title='bbox 1080 3038 1229 3105; x_wconf 85' lang='lat' dir='ltr'>(Keplerus:</span> <span class='ocrx_word' id='word_1_322' title='bbox 1267 3038 1319 3090; x_wconf 84' lang='lat' dir='ltr'>Hic</span> <span class='ocrx_word' id='word_1_323' title='bbox 1351 3046 1380 3089; x_wconf 87' lang='lat' dir='ltr'>tu</span> <span class='ocrx_word' id='word_1_324' title='bbox 1413 3035 1480 3101; x_wconf 71' lang='lat' dir='ltr'>incipi*</span> 
     </span>
     <span class='ocr_line' id='line_1_33' title="bbox 138 3106 1482 3176; baseline -0.004 -13"><span class='ocrx_word' id='word_1_325' title='bbox 138 3118 194 3164; x_wconf 87' lang='lat' dir='ltr'>sine</span> <span class='ocrx_word' id='word_1_326' title='bbox 212 3116 321 3167; x_wconf 80' lang='lat' dir='ltr'>ratione.</span> <span class='ocrx_word' id='word_1_327' title='bbox 351 3113 452 3162; x_wconf 88' lang='lat' dir='ltr'>credens</span> <span class='ocrx_word' id='word_1_328' title='bbox 471 3114 593 3162; x_wconf 83' lang='lat' dir='ltr'>conclusis</span> <span class='ocrx_word' id='word_1_329' title='bbox 611 3121 720 3163; x_wconf 89' lang='lat' dir='ltr'>rsternm</span> <span class='ocrx_word' id='word_1_330' title='bbox 745 3116 797 3163; x_wconf 88' lang='lat' dir='ltr'>sina</span> <span class='ocrx_word' id='word_1_331' title='bbox 820 3114 917 3163; x_wconf 89' lang='lat' dir='ltr'>ratione</span> <span class='ocrx_word' id='word_1_332' title='bbox 943 3114 1062 3168; x_wconf 80' lang='lat' dir='ltr'>collectis.</span> <span class='ocrx_word' id='word_1_333' title='bbox 1091 3127 1142 3162; x_wconf 89' lang='lat' dir='ltr'>non</span> <span class='ocrx_word' id='word_1_334' title='bbox 1160 3112 1275 3161; x_wconf 76' lang='lat' dir='ltr'>divinitus</span> <span class='ocrx_word' id='word_1_335' title='bbox 1295 3106 1482 3176; x_wconf 56' lang='lat' dir='ltr'>inspiratam</span> 
     </span>
     <span class='ocr_line' id='line_1_34' title="bbox 140 3178 1481 3250; baseline -0.001 -16"><span class='ocrx_word' id='word_1_336' title='bbox 140 3202 188 3250; x_wconf 91' lang='lat' dir='ltr'>qno</span> <span class='ocrx_word' id='word_1_337' title='bbox 206 3186 278 3234; x_wconf 82' lang='lat' dir='ltr'>valde</span> <span class='ocrx_word' id='word_1_338' title='bbox 297 3184 389 3240; x_wconf 88' lang='lat' dir='ltr'>laboro,</span> <span class='ocrx_word' id='word_1_339' title='bbox 410 3192 435 3232; x_wconf 87' lang='lat' dir='ltr'>et</span> <span class='ocrx_word' id='word_1_340' title='bbox 453 3190 481 3233; x_wconf 89' lang='lat' dir='ltr'>ut</span> <span class='ocrx_word' id='word_1_341' title='bbox 499 3180 526 3233; x_wconf 86' lang='lat' dir='ltr'>t&#39;u</span> <span class='ocrx_word' id='word_1_342' title='bbox 544 3200 639 3249; x_wconf 87' lang='lat' dir='ltr'>quoque</span> <span class='ocrx_word' id='word_1_343' title='bbox 658 3186 754 3235; x_wconf 87' lang='lat' dir='ltr'>labores</span> <span class='ocrx_word' id='word_1_344' title='bbox 773 3201 839 3250; x_wconf 82' lang='lat' dir='ltr'>rogo.</span> <span class='ocrx_word' id='word_1_345' title='bbox 878 3185 1034 3234; x_wconf 84' lang='lat' dir='ltr'>Potissimam</span> <span class='ocrx_word' id='word_1_346' title='bbox 1051 3185 1100 3232; x_wconf 84' lang='lat' dir='ltr'>rim</span> <span class='ocrx_word' id='word_1_347' title='bbox 1119 3185 1184 3233; x_wconf 84' lang='lat' dir='ltr'>inter</span> <span class='ocrx_word' id='word_1_348' title='bbox 1201 3183 1289 3232; x_wconf 82' lang='lat' dir='ltr'>domus</span> <span class='ocrx_word' id='word_1_349' title='bbox 1313 3184 1396 3232; x_wconf 86' lang='lat' dir='ltr'>tribuo</span> <span class='ocrx_word' id='word_1_350' title='bbox 1408 3178 1481 3246; x_wconf 65' lang='lat' dir='ltr'>eund·</span> 
     </span>
     <span class='ocr_line' id='line_1_35' title="bbox 139 3252 1480 3320; baseline -0.004 -14"><span class='ocrx_word' id='word_1_351' title='bbox 139 3257 213 3306; x_wconf 87' lang='lat' dir='ltr'>medii</span> <span class='ocrx_word' id='word_1_352' title='bbox 232 3257 308 3311; x_wconf 88' lang='lat' dir='ltr'>coeli,</span> <span class='ocrx_word' id='word_1_353' title='bbox 334 3257 396 3318; x_wconf 84' lang='lat' dir='ltr'>qnia¹</span> <span class='ocrx_word' id='word_1_354' title='bbox 410 3256 450 3305; x_wconf 92' lang='lat' dir='ltr'>ille</span> <span class='ocrx_word' id='word_1_355' title='bbox 469 3256 536 3304; x_wconf 87' lang='lat' dir='ltr'>locus</span> <span class='ocrx_word' id='word_1_356' title='bbox 556 3271 664 3305; x_wconf 90' lang='lat' dir='ltr'>summus</span> <span class='ocrx_word' id='word_1_357' title='bbox 683 3264 722 3305; x_wconf 88' lang='lat' dir='ltr'>est</span> <span class='ocrx_word' id='word_1_358' title='bbox 740 3258 765 3306; x_wconf 90' lang='lat' dir='ltr'>in</span> <span class='ocrx_word' id='word_1_359' title='bbox 783 3256 909 3306; x_wconf 87' lang='lat' dir='ltr'>horizonte</span> <span class='ocrx_word' id='word_1_360' title='bbox 929 3255 1023 3320; x_wconf 84' lang='lat' dir='ltr'>aliquo,</span> <span class='ocrx_word' id='word_1_361' title='bbox 1047 3255 1193 3306; x_wconf 81' lang='lat' dir='ltr'>nobilitatus</span> <span class='ocrx_word' id='word_1_362' title='bbox 1211 3268 1229 3304; x_wconf 82' lang='lat' dir='ltr'>a</span> <span class='ocrx_word' id='word_1_363' title='bbox 1246 3252 1313 3304; x_wconf 82' lang='lat' dir='ltr'>Solis</span> <span class='ocrx_word' id='word_1_364' title='bbox 1331 3256 1480 3304; x_wconf 71' lang='lat' dir='ltr'>maximone</span> 
     </span>
     <span class='ocr_line' id='line_1_36' title="bbox 138 3327 596 3390; baseline -0.007 -13"><span class='ocrx_word' id='word_1_365' title='bbox 138 3327 197 3389; x_wconf 89' lang='lat' dir='ltr'>lore,</span> <span class='ocrx_word' id='word_1_366' title='bbox 217 3336 243 3378; x_wconf 85' lang='lat' dir='ltr'>st</span> <span class='ocrx_word' id='word_1_367' title='bbox 261 3328 407 3390; x_wconf 87' lang='lat' dir='ltr'>conspicuus</span> <span class='ocrx_word' id='word_1_368' title='bbox 426 3334 464 3376; x_wconf 89' lang='lat' dir='ltr'>est</span> <span class='ocrx_word' id='word_1_369' title='bbox 482 3328 596 3376; x_wconf 85' lang='lat' dir='ltr'>maxime.</span> 
     </span>
    </p>
   </div>
   <div class='ocr_carea' id='block_1_7' title="bbox 137 3394 1482 4277">
    <p class='ocr_par' dir='ltr' id='par_1_9' title="bbox 137 3394 1482 4277">
     <span class='ocr_line' id='line_1_37' title="bbox 227 3394 1481 3478; baseline -0.004 -18"><span class='ocrx_word' id='word_1_370' title='bbox 227 3400 428 3477; x_wconf 91' lang='lat' dir='ltr'>Keplerus:</span> <span class='ocrx_word' id='word_1_371' title='bbox 467 3399 613 3478; x_wconf 90' lang='lat' dir='ltr'>Propouis</span> <span class='ocrx_word' id='word_1_372' title='bbox 638 3398 710 3475; x_wconf 81' lang='lat' dir='ltr'>tibi,</span> <span class='ocrx_word' id='word_1_373' title='bbox 736 3398 900 3460; x_wconf 88' lang='lat' dir='ltr'>interstitia</span> <span class='ocrx_word' id='word_1_374' title='bbox 923 3397 1061 3460; x_wconf 90' lang='lat' dir='ltr'>domuum</span> <span class='ocrx_word' id='word_1_375' title='bbox 1085 3405 1117 3458; x_wconf 89' lang='lat' dir='ltr'>et</span> <span class='ocrx_word' id='word_1_376' title='bbox 1141 3397 1208 3458; x_wconf 90' lang='lat' dir='ltr'>loca</span> <span class='ocrx_word' id='word_1_377' title='bbox 1231 3396 1380 3459; x_wconf 86' lang='lat' dir='ltr'>thematis</span> <span class='ocrx_word' id='word_1_378' title='bbox 1404 3394 1481 3476; x_wconf 85' lang='lat' dir='ltr'>aphe-</span> 
     </span>
     <span class='ocr_line' id='line_1_38' title="bbox 138 3483 1482 3567; baseline -0.005 -15"><span class='ocrx_word' id='word_1_379' title='bbox 138 3490 201 3553; x_wconf 89' lang='lat' dir='ltr'>tica</span> <span class='ocrx_word' id='word_1_380' title='bbox 223 3490 308 3550; x_wconf 90' lang='lat' dir='ltr'>novis</span> <span class='ocrx_word' id='word_1_381' title='bbox 333 3487 479 3567; x_wconf 86' lang='lat' dir='ltr'>exemplis</span> <span class='ocrx_word' id='word_1_382' title='bbox 503 3487 661 3567; x_wconf 84' lang='lat' dir='ltr'>inquirere.</span> <span class='ocrx_word' id='word_1_383' title='bbox 709 3487 841 3562; x_wconf 88' lang='lat' dir='ltr'>Invitas,</span> <span class='ocrx_word' id='word_1_384' title='bbox 878 3498 911 3550; x_wconf 91' lang='lat' dir='ltr'>ut</span> <span class='ocrx_word' id='word_1_385' title='bbox 943 3496 973 3549; x_wconf 89' lang='lat' dir='ltr'>te</span> <span class='ocrx_word' id='word_1_386' title='bbox 1002 3487 1117 3565; x_wconf 86' lang='lat' dir='ltr'>jurem.</span> <span class='ocrx_word' id='word_1_387' title='bbox 1162 3485 1232 3549; x_wconf 91' lang='lat' dir='ltr'>Non</span> <span class='ocrx_word' id='word_1_388' title='bbox 1265 3486 1398 3559; x_wconf 83' lang='lat' dir='ltr'>faciam,</span> <span class='ocrx_word' id='word_1_389' title='bbox 1429 3483 1482 3565; x_wconf 82' lang='lat' dir='ltr'>quir</span> 
     </span>
     <span class='ocr_line' id='line_1_39' title="bbox 138 3574 1481 3656; baseline -0.004 -16"><span class='ocrx_word' id='word_1_390' title='bbox 138 3599 196 3640; x_wconf 91' lang='lat' dir='ltr'>non</span> <span class='ocrx_word' id='word_1_391' title='bbox 221 3578 321 3650; x_wconf 89' lang='lat' dir='ltr'>credo,</span> <span class='ocrx_word' id='word_1_392' title='bbox 347 3577 425 3656; x_wconf 90' lang='lat' dir='ltr'>quod</span> <span class='ocrx_word' id='word_1_393' title='bbox 449 3587 480 3638; x_wconf 90' lang='lat' dir='ltr'>tu</span> <span class='ocrx_word' id='word_1_394' title='bbox 506 3577 692 3638; x_wconf 88' lang='lat' dir='ltr'>fundamenti</span> <span class='ocrx_word' id='word_1_395' title='bbox 718 3578 782 3637; x_wconf 86' lang='lat' dir='ltr'>loco</span> <span class='ocrx_word' id='word_1_396' title='bbox 802 3578 911 3652; x_wconf 86' lang='lat' dir='ltr'>eredis,</span> <span class='ocrx_word' id='word_1_397' title='bbox 937 3596 1004 3636; x_wconf 91' lang='lat' dir='ltr'>esse</span> <span class='ocrx_word' id='word_1_398' title='bbox 1029 3576 1138 3656; x_wconf 84' lang='lat' dir='ltr'>aliqua.</span> <span class='ocrx_word' id='word_1_399' title='bbox 1186 3574 1232 3635; x_wconf 79' lang='lat' dir='ltr'>&#39;lh</span> <span class='ocrx_word' id='word_1_400' title='bbox 1254 3574 1281 3635; x_wconf 87' lang='lat' dir='ltr'>si</span> <span class='ocrx_word' id='word_1_401' title='bbox 1306 3575 1481 3637; x_wconf 74' lang='lat' dir='ltr'>harmonicen</span> 
     </span>
     <span class='ocr_line' id='line_1_40' title="bbox 139 3663 1481 3741; baseline -0.005 -11"><span class='ocrx_word' id='word_1_402' title='bbox 139 3668 324 3741; x_wconf 81' lang='lat' dir='ltr'>concurreris,</span> <span class='ocrx_word' id='word_1_403' title='bbox 350 3685 441 3728; x_wconf 84' lang='lat' dir='ltr'>exues</span> <span class='ocrx_word' id='word_1_404' title='bbox 466 3666 542 3727; x_wconf 90' lang='lat' dir='ltr'>hauc</span> <span class='ocrx_word' id='word_1_405' title='bbox 567 3665 787 3726; x_wconf 88' lang='lat' dir='ltr'>credulitatem.</span> <span class='ocrx_word' id='word_1_406' title='bbox 835 3667 879 3726; x_wconf 82' lang='lat' dir='ltr'>Tu</span> <span class='ocrx_word' id='word_1_407' title='bbox 903 3665 997 3740; x_wconf 89' lang='lat' dir='ltr'>enim,</span> <span class='ocrx_word' id='word_1_408' title='bbox 1023 3663 1172 3726; x_wconf 89' lang='lat' dir='ltr'>conclusis</span> <span class='ocrx_word' id='word_1_409' title='bbox 1196 3672 1336 3725; x_wconf 89' lang='lat' dir='ltr'>veterum</span> <span class='ocrx_word' id='word_1_410' title='bbox 1359 3664 1423 3726; x_wconf 89' lang='lat' dir='ltr'>sine</span> <span class='ocrx_word' id='word_1_411' title='bbox 1443 3680 1481 3723; x_wconf 85' lang='lat' dir='ltr'>ra·</span> 
     </span>
     <span class='ocr_line' id='line_1_41' title="bbox 137 3752 1481 3835; baseline -0.005 -16"><span class='ocrx_word' id='word_1_412' title='bbox 137 3758 218 3820; x_wconf 92' lang='lat' dir='ltr'>tione</span> <span class='ocrx_word' id='word_1_413' title='bbox 252 3756 388 3817; x_wconf 86' lang='lat' dir='ltr'>collectis</span> <span class='ocrx_word' id='word_1_414' title='bbox 422 3756 548 3835; x_wconf 90' lang='lat' dir='ltr'>ideoque</span> <span class='ocrx_word' id='word_1_415' title='bbox 577 3774 635 3815; x_wconf 91' lang='lat' dir='ltr'>non</span> <span class='ocrx_word' id='word_1_416' title='bbox 664 3754 809 3816; x_wconf 88' lang='lat' dir='ltr'>divinitus</span> <span class='ocrx_word' id='word_1_417' title='bbox 833 3753 1006 3834; x_wconf 86' lang='lat' dir='ltr'>inspiratis,</span> <span class='ocrx_word' id='word_1_418' title='bbox 1041 3764 1143 3816; x_wconf 87' lang='lat' dir='ltr'>tamen</span> <span class='ocrx_word' id='word_1_419' title='bbox 1166 3752 1282 3832; x_wconf 91' lang='lat' dir='ltr'>primns</span> <span class='ocrx_word' id='word_1_420' title='bbox 1306 3753 1354 3815; x_wconf 86' lang='lat' dir='ltr'>via</span> <span class='ocrx_word' id='word_1_421' title='bbox 1378 3752 1481 3815; x_wconf 80' lang='lat' dir='ltr'>credar</span> 
     </span>
     <span class='ocr_line' id='line_1_42' title="bbox 137 3840 1482 3925; baseline -0.005 -19"><span class='ocrx_word' id='word_1_422' title='bbox 137 3848 201 3907; x_wconf 92' lang='lat' dir='ltr'>sine</span> <span class='ocrx_word' id='word_1_423' title='bbox 225 3845 360 3917; x_wconf 87' lang='lat' dir='ltr'>ratione,</span> <span class='ocrx_word' id='word_1_424' title='bbox 391 3845 461 3925; x_wconf 88' lang='lat' dir='ltr'>quia</span> <span class='ocrx_word' id='word_1_425' title='bbox 484 3844 559 3905; x_wconf 91' lang='lat' dir='ltr'>dicis</span> <span class='ocrx_word' id='word_1_426' title='bbox 583 3843 707 3918; x_wconf 91' lang='lat' dir='ltr'>„divina</span> <span class='ocrx_word' id='word_1_427' title='bbox 730 3844 898 3905; x_wconf 89' lang='lat' dir='ltr'>relatione“</span> <span class='ocrx_word' id='word_1_428' title='bbox 931 3844 1010 3904; x_wconf 93' lang='lat' dir='ltr'>haud</span> <span class='ocrx_word' id='word_1_429' title='bbox 1036 3843 1123 3905; x_wconf 92' lang='lat' dir='ltr'>dubie</span> <span class='ocrx_word' id='word_1_430' title='bbox 1148 3840 1222 3902; x_wconf 86' lang='lat' dir='ltr'>deri.</span> <span class='ocrx_word' id='word_1_431' title='bbox 1268 3840 1421 3904; x_wconf 88' lang='lat' dir='ltr'>Rationes</span> <span class='ocrx_word' id='word_1_432' title='bbox 1442 3858 1482 3899; x_wconf 86' lang='lat' dir='ltr'>re·</span> 
     </span>
     <span class='ocr_line' id='line_1_43' title="bbox 137 3931 1481 4007; baseline -0.006 -12"><span class='ocrx_word' id='word_1_433' title='bbox 137 3945 234 3995; x_wconf 90' lang='lat' dir='ltr'>terum</span> <span class='ocrx_word' id='word_1_434' title='bbox 259 3934 326 3994; x_wconf 88' lang='lat' dir='ltr'>ride</span> <span class='ocrx_word' id='word_1_435' title='bbox 353 3935 379 3993; x_wconf 93' lang='lat' dir='ltr'>in</span> <span class='ocrx_word' id='word_1_436' title='bbox 405 3934 580 3995; x_wconf 86' lang='lat' dir='ltr'>Ptolemaeo</span> <span class='ocrx_word' id='word_1_437' title='bbox 605 3943 636 3993; x_wconf 90' lang='lat' dir='ltr'>et</span> <span class='ocrx_word' id='word_1_438' title='bbox 660 3934 738 4007; x_wconf 89' lang='lat' dir='ltr'>aliis,</span> <span class='ocrx_word' id='word_1_439' title='bbox 763 3944 884 3994; x_wconf 89' lang='lat' dir='ltr'>etcum</span> <span class='ocrx_word' id='word_1_440' title='bbox 909 3932 1090 3993; x_wconf 79' lang='lat' dir='ltr'>harmonicis</span> <span class='ocrx_word' id='word_1_441' title='bbox 1114 3931 1238 4003; x_wconf 88' lang='lat' dir='ltr'>coul&#39;er;</span> <span class='ocrx_word' id='word_1_442' title='bbox 1264 3932 1340 4004; x_wconf 88' lang='lat' dir='ltr'>scio,</span> <span class='ocrx_word' id='word_1_443' title='bbox 1366 3934 1481 3994; x_wconf 83' lang='lat' dir='ltr'>deseres</span> 
     </span>
     <span class='ocr_line' id='line_1_44' title="bbox 138 4018 1482 4101; baseline -0.004 -17"><span class='ocrx_word' id='word_1_444' title='bbox 138 4023 272 4084; x_wconf 90' lang='lat' dir='ltr'>Medium</span> <span class='ocrx_word' id='word_1_445' title='bbox 295 4023 370 4082; x_wconf 90' lang='lat' dir='ltr'>coeli</span> <span class='ocrx_word' id='word_1_446' title='bbox 395 4022 422 4081; x_wconf 91' lang='lat' dir='ltr'>in</span> <span class='ocrx_word' id='word_1_447' title='bbox 447 4041 548 4100; x_wconf 79' lang='lat' dir='ltr'>regem</span> <span class='ocrx_word' id='word_1_448' title='bbox 571 4021 669 4099; x_wconf 86' lang='lat' dir='ltr'>eligis,</span> <span class='ocrx_word' id='word_1_449' title='bbox 694 4022 770 4101; x_wconf 88' lang='lat' dir='ltr'>quod</span> <span class='ocrx_word' id='word_1_450' title='bbox 796 4023 878 4082; x_wconf 87' lang='lat' dir='ltr'>calor</span> <span class='ocrx_word' id='word_1_451' title='bbox 897 4020 978 4082; x_wconf 86' lang='lat' dir='ltr'>Solis</span> <span class='ocrx_word' id='word_1_452' title='bbox 1003 4020 1044 4082; x_wconf 91' lang='lat' dir='ltr'>ibi</span> <span class='ocrx_word' id='word_1_453' title='bbox 1067 4019 1227 4081; x_wconf 85' lang='lat' dir='ltr'>maximus.</span> <span class='ocrx_word' id='word_1_454' title='bbox 1276 4018 1423 4084; x_wconf 85' lang='lat' dir='ltr'>Crassum</span> <span class='ocrx_word' id='word_1_455' title='bbox 1443 4032 1482 4079; x_wconf 83' lang='lat' dir='ltr'>ar·</span> 
     </span>
     <span class='ocr_line' id='line_1_45' title="bbox 138 4107 1480 4192; baseline 0 -20"><span class='ocrx_word' id='word_1_456' title='bbox 138 4120 330 4192; x_wconf 77' lang='lat' dir='ltr'>gumentum3</span> <span class='ocrx_word' id='word_1_457' title='bbox 364 4110 422 4170; x_wconf 92' lang='lat' dir='ltr'>imo</span> <span class='ocrx_word' id='word_1_458' title='bbox 452 4112 526 4171; x_wconf 86' lang='lat' dir='ltr'>hora</span> <span class='ocrx_word' id='word_1_459' title='bbox 554 4112 686 4171; x_wconf 85' lang='lat' dir='ltr'>secunda</span> <span class='ocrx_word' id='word_1_460' title='bbox 714 4111 796 4173; x_wconf 92' lang='lat' dir='ltr'>calor</span> <span class='ocrx_word' id='word_1_461' title='bbox 827 4110 933 4189; x_wconf 89' lang='lat' dir='ltr'>major.</span> <span class='ocrx_word' id='word_1_462' title='bbox 980 4108 1149 4170; x_wconf 88' lang='lat' dir='ltr'>lucidentia</span> <span class='ocrx_word' id='word_1_463' title='bbox 1173 4107 1294 4187; x_wconf 87' lang='lat' dir='ltr'>quidem</span> <span class='ocrx_word' id='word_1_464' title='bbox 1319 4109 1480 4172; x_wconf 70' lang='lat' dir='ltr'>ratissima</span> 
     </span>
     <span class='ocr_line' id='line_1_46' title="bbox 137 4196 1481 4277; baseline -0.005 -16"><span class='ocrx_word' id='word_1_465' title='bbox 137 4204 184 4261; x_wconf 90' lang='lat' dir='ltr'>At</span> <span class='ocrx_word' id='word_1_466' title='bbox 207 4208 239 4259; x_wconf 88' lang='lat' dir='ltr'>et</span> <span class='ocrx_word' id='word_1_467' title='bbox 262 4200 317 4259; x_wconf 90' lang='lat' dir='ltr'>hoc</span> <span class='ocrx_word' id='word_1_468' title='bbox 343 4218 487 4260; x_wconf 90' lang='lat' dir='ltr'>crassum.</span> <span class='ocrx_word' id='word_1_469' title='bbox 534 4200 715 4260; x_wconf 82' lang='lat' dir='ltr'>Harmonice</span> <span class='ocrx_word' id='word_1_470' title='bbox 739 4200 802 4260; x_wconf 88' lang='lat' dir='ltr'>sic:</span> <span class='ocrx_word' id='word_1_471' title='bbox 833 4208 917 4260; x_wconf 88' lang='lat' dir='ltr'>ortus</span> <span class='ocrx_word' id='word_1_472' title='bbox 936 4198 1063 4277; x_wconf 88' lang='lat' dir='ltr'>jacenti,</span> <span class='ocrx_word' id='word_1_473' title='bbox 1088 4199 1132 4258; x_wconf 91' lang='lat' dir='ltr'>M.</span> <span class='ocrx_word' id='word_1_474' title='bbox 1149 4196 1184 4260; x_wconf 87' lang='lat' dir='ltr'>C.</span> <span class='ocrx_word' id='word_1_475' title='bbox 1210 4197 1309 4258; x_wconf 88' lang='lat' dir='ltr'>stanti</span> <span class='ocrx_word' id='word_1_476' title='bbox 1332 4198 1481 4260; x_wconf 82' lang='lat' dir='ltr'>hominist</span> 
     </span>
    </p>
   </div>
   <div class='ocr_carea' id='block_1_8' title="bbox 138 4287 612 4367">
    <p class='ocr_par' dir='ltr' id='par_1_10' title="bbox 138 4287 612 4367">
     <span class='ocr_line' id='line_1_47' title="bbox 138 4287 612 4367; baseline -0.004 -17"><span class='ocrx_word' id='word_1_477' title='bbox 138 4288 302 4350; x_wconf 89' lang='lat' dir='ltr'>ambulanti</span> <span class='ocrx_word' id='word_1_478' title='bbox 327 4297 358 4347; x_wconf 89' lang='lat' dir='ltr'>et</span> <span class='ocrx_word' id='word_1_479' title='bbox 381 4288 482 4367; x_wconf 87' lang='lat' dir='ltr'>agenti</span> <span class='ocrx_word' id='word_1_480' title='bbox 507 4287 612 4348; x_wconf 90' lang='lat' dir='ltr'>simile.</span> 
     </span>
    </p>
   </div>
   <div class='ocr_carea' id='block_1_9' title="bbox 137 4371 1479 4724">
    <p class='ocr_par' dir='ltr' id='par_1_11' title="bbox 137 4371 1479 4724">
     <span class='ocr_line' id='line_1_48' title="bbox 207 4371 1479 4440; baseline -0.003 -15"><span class='ocrx_word' id='word_1_481' title='bbox 207 4375 397 4425; x_wconf 84' lang='lat' dir='ltr'>Fabricius:</span> <span class='ocrx_word' id='word_1_482' title='bbox 428 4375 504 4439; x_wconf 89' lang='lat' dir='ltr'>Cupio</span> <span class='ocrx_word' id='word_1_483' title='bbox 531 4390 694 4440; x_wconf 85' lang='lat' dir='ltr'>cognoscere,</span> <span class='ocrx_word' id='word_1_484' title='bbox 712 4389 744 4424; x_wconf 92' lang='lat' dir='ltr'>an</span> <span class='ocrx_word' id='word_1_485' title='bbox 764 4382 874 4432; x_wconf 84' lang='lat' dir='ltr'>statuas,</span> <span class='ocrx_word' id='word_1_486' title='bbox 895 4375 1045 4439; x_wconf 75' lang='lat' dir='ltr'>imaginaria</span> <span class='ocrx_word' id='word_1_487' title='bbox 1069 4375 1113 4424; x_wconf 90' lang='lat' dir='ltr'>illa</span> <span class='ocrx_word' id='word_1_488' title='bbox 1131 4379 1225 4437; x_wconf 88' lang='lat' dir='ltr'>puncta</span> <span class='ocrx_word' id='word_1_489' title='bbox 1243 4376 1354 4426; x_wconf 67' lang='lat' dir='ltr'>utircia</span> <span class='ocrx_word' id='word_1_490' title='bbox 1370 4373 1405 4424; x_wconf 79' lang='lat' dir='ltr'>ll.</span> <span class='ocrx_word' id='word_1_491' title='bbox 1422 4371 1479 4421; x_wconf 71' lang='lat' dir='ltr'>ds</span> 
     </span>
     <span class='ocr_line' id='line_1_49' title="bbox 138 4441 1479 4510; baseline -0.005 -11"><span class='ocrx_word' id='word_1_492' title='bbox 138 4448 313 4503; x_wconf 86' lang='lat' dir='ltr'>ascendentis,</span> <span class='ocrx_word' id='word_1_493' title='bbox 340 4462 383 4509; x_wconf 90' lang='lat' dir='ltr'>per</span> <span class='ocrx_word' id='word_1_494' title='bbox 408 4462 435 4496; x_wconf 87' lang='lat' dir='ltr'>se</span> <span class='ocrx_word' id='word_1_495' title='bbox 462 4447 495 4496; x_wconf 94' lang='lat' dir='ltr'>ad</span> <span class='ocrx_word' id='word_1_496' title='bbox 513 4446 548 4495; x_wconf 83' lang='lat' dir='ltr'>M.</span> <span class='ocrx_word' id='word_1_497' title='bbox 570 4446 597 4494; x_wconf 85' lang='lat' dir='ltr'>C.</span> <span class='ocrx_word' id='word_1_498' title='bbox 618 4453 643 4495; x_wconf 85' lang='lat' dir='ltr'>et</span> <span class='ocrx_word' id='word_1_499' title='bbox 662 4446 800 4495; x_wconf 87' lang='lat' dir='ltr'>ascendens</span> <span class='ocrx_word' id='word_1_500' title='bbox 819 4446 913 4495; x_wconf 87' lang='lat' dir='ltr'>directa</span> <span class='ocrx_word' id='word_1_501' title='bbox 937 4448 985 4493; x_wconf 84' lang='lat' dir='ltr'>rim</span> <span class='ocrx_word' id='word_1_502' title='bbox 1004 4445 1129 4510; x_wconf 88' lang='lat' dir='ltr'>quandam</span> <span class='ocrx_word' id='word_1_503' title='bbox 1147 4445 1258 4503; x_wconf 87' lang='lat' dir='ltr'>habere,</span> <span class='ocrx_word' id='word_1_504' title='bbox 1285 4446 1385 4496; x_wconf 81' lang='lat' dir='ltr'>etiamsi</span> <span class='ocrx_word' id='word_1_505' title='bbox 1401 4446 1426 4495; x_wconf 86' lang='lat' dir='ltr'>la</span> <span class='ocrx_word' id='word_1_506' title='bbox 1440 4441 1479 4492; x_wconf 62' lang='grc' dir='ltr'>Ιώ</span> 
     </span>
     <span class='ocr_line' id='line_1_50' title="bbox 137 4514 1476 4581; baseline -0.004 -11"><span class='ocrx_word' id='word_1_507' title='bbox 137 4521 296 4570; x_wconf 90' lang='lat' dir='ltr'>antisciornm</span> <span class='ocrx_word' id='word_1_508' title='bbox 312 4519 372 4567; x_wconf 89' lang='lat' dir='ltr'>locis</span> <span class='ocrx_word' id='word_1_509' title='bbox 391 4518 450 4566; x_wconf 90' lang='lat' dir='ltr'>nulli</span> <span class='ocrx_word' id='word_1_510' title='bbox 469 4518 585 4581; x_wconf 87' lang='lat' dir='ltr'>planetae</span> <span class='ocrx_word' id='word_1_511' title='bbox 606 4519 720 4572; x_wconf 82' lang='lat' dir='ltr'>existant,</span> <span class='ocrx_word' id='word_1_512' title='bbox 741 4517 778 4565; x_wconf 82' lang='lat' dir='ltr'>sal</span> <span class='ocrx_word' id='word_1_513' title='bbox 797 4531 830 4565; x_wconf 89' lang='lat' dir='ltr'>an</span> <span class='ocrx_word' id='word_1_514' title='bbox 848 4517 965 4581; x_wconf 87' lang='lat' dir='ltr'>planetae</span> <span class='ocrx_word' id='word_1_515' title='bbox 983 4517 1033 4567; x_wconf 92' lang='lat' dir='ltr'>illic</span> <span class='ocrx_word' id='word_1_516' title='bbox 1052 4517 1186 4566; x_wconf 82' lang='lat' dir='ltr'>existentes</span> <span class='ocrx_word' id='word_1_517' title='bbox 1204 4517 1308 4580; x_wconf 82' lang='lat' dir='ltr'>majoris</span> <span class='ocrx_word' id='word_1_518' title='bbox 1326 4518 1419 4569; x_wconf 71' lang='lat' dir='ltr'>rirtndr</span> <span class='ocrx_word' id='word_1_519' title='bbox 1435 4514 1476 4565; x_wconf 74' lang='lat' dir='ltr'>na</span> 
     </span>
     <span class='ocr_line' id='line_1_51' title="bbox 139 4582 1476 4655; baseline -0.003 -16"><span class='ocrx_word' id='word_1_520' title='bbox 139 4605 195 4640; x_wconf 89' lang='lat' dir='ltr'>cnm</span> <span class='ocrx_word' id='word_1_521' title='bbox 214 4591 284 4655; x_wconf 89' lang='lat' dir='ltr'>qnasi</span> <span class='ocrx_word' id='word_1_522' title='bbox 303 4591 328 4637; x_wconf 88' lang='lat' dir='ltr'>in</span> <span class='ocrx_word' id='word_1_523' title='bbox 347 4591 405 4653; x_wconf 87' lang='lat' dir='ltr'>ipsis</span> <span class='ocrx_word' id='word_1_524' title='bbox 424 4590 521 4654; x_wconf 80' lang='lat' dir='ltr'>angulis</span> <span class='ocrx_word' id='word_1_525' title='bbox 540 4603 594 4638; x_wconf 88' lang='lat' dir='ltr'>esse</span> <span class='ocrx_word' id='word_1_526' title='bbox 613 4589 785 4637; x_wconf 87' lang='lat' dir='ltr'>existimantur</span> <span class='ocrx_word' id='word_1_527' title='bbox 807 4589 832 4636; x_wconf 90' lang='lat' dir='ltr'>in</span> <span class='ocrx_word' id='word_1_528' title='bbox 852 4587 1004 4637; x_wconf 74' lang='lat' dir='ltr'>directione?</span> <span class='ocrx_word' id='word_1_529' title='bbox 1042 4585 1103 4650; x_wconf 57' lang='lat' dir='ltr'>(Ka</span> <span class='ocrx_word' id='word_1_530' title='bbox 1129 4585 1188 4636; x_wconf 84' lang='lat' dir='ltr'>Non</span> <span class='ocrx_word' id='word_1_531' title='bbox 1205 4588 1243 4637; x_wconf 88' lang='lat' dir='ltr'>sic</span> <span class='ocrx_word' id='word_1_532' title='bbox 1260 4589 1296 4637; x_wconf 89' lang='lat' dir='ltr'>mi</span> <span class='ocrx_word' id='word_1_533' title='bbox 1313 4586 1403 4639; x_wconf 86' lang='lat' dir='ltr'>borno!</span> <span class='ocrx_word' id='word_1_534' title='bbox 1434 4582 1476 4635; x_wconf 71' lang='grc' dir='ltr'>ΡΙ·</span> 
     </span>
     <span class='ocr_line' id='line_1_52' title="bbox 137 4656 935 4724; baseline -0.006 -13"><span class='ocrx_word' id='word_1_535' title='bbox 137 4668 212 4712; x_wconf 87' lang='lat' dir='ltr'>netas</span> <span class='ocrx_word' id='word_1_536' title='bbox 231 4662 363 4709; x_wconf 75' lang='lat' dir='ltr'>antiochum</span> <span class='ocrx_word' id='word_1_537' title='bbox 382 4675 431 4709; x_wconf 89' lang='lat' dir='ltr'>non</span> <span class='ocrx_word' id='word_1_538' title='bbox 450 4668 565 4724; x_wconf 87' lang='lat' dir='ltr'>operatur</span> <span class='ocrx_word' id='word_1_539' title='bbox 581 4660 629 4708; x_wconf 86' lang='lat' dir='ltr'>nisi</span> <span class='ocrx_word' id='word_1_540' title='bbox 648 4659 680 4708; x_wconf 91' lang='lat' dir='ltr'>ad</span> <span class='ocrx_word' id='word_1_541' title='bbox 700 4659 812 4708; x_wconf 88' lang='lat' dir='ltr'>cardines</span> <span class='ocrx_word' id='word_1_542' title='bbox 830 4656 935 4719; x_wconf 86' lang='lat' dir='ltr'>mundi.)</span> 
     </span>
    </p>
   </div>
   <div class='ocr_carea' id='block_1_10' title="bbox 137 4722 1474 4902">
    <p class='ocr_par' dir='ltr' id='par_1_12' title="bbox 137 4722 1474 4902">
     <span class='ocr_line' id='line_1_53' title="bbox 227 4722 1474 4823; baseline -0.003 -32"><span class='ocrx_word' id='word_1_543' title='bbox 227 4733 424 4809; x_wconf 89' lang='lat' dir='ltr'>Keplerus:</span> <span class='ocrx_word' id='word_1_544' title='bbox 458 4732 504 4792; x_wconf 87' lang='lat' dir='ltr'>De</span> <span class='ocrx_word' id='word_1_545' title='bbox 533 4731 670 4792; x_wconf 88' lang='lat' dir='ltr'>antisciis</span> <span class='ocrx_word' id='word_1_546' title='bbox 698 4750 744 4792; x_wconf 91' lang='lat' dir='ltr'>me</span> <span class='ocrx_word' id='word_1_547' title='bbox 775 4750 834 4791; x_wconf 89' lang='lat' dir='ltr'>non</span> <span class='ocrx_word' id='word_1_548' title='bbox 863 4731 1040 4810; x_wconf 90' lang='lat' dir='ltr'>percepisti,</span> <span class='ocrx_word' id='word_1_549' title='bbox 1070 4729 1167 4791; x_wconf 88' lang='lat' dir='ltr'>dicam</span> <span class='ocrx_word' id='word_1_550' title='bbox 1195 4729 1321 4792; x_wconf 89' lang='lat' dir='ltr'>clarius.</span> <span class='ocrx_word' id='word_1_551' title='bbox 1359 4722 1474 4823; x_wconf 69' lang='lat' dir='ltr'>Antistia</span> 
     </span>
     <span class='ocr_line' id='line_1_54' title="bbox 137 4816 1473 4902; baseline -0.001 -15"><span class='ocrx_word' id='word_1_552' title='bbox 137 4821 211 4887; x_wconf 87' lang='lat' dir='ltr'>nihil</span> <span class='ocrx_word' id='word_1_553' title='bbox 238 4820 418 4902; x_wconf 89' lang='lat' dir='ltr'>promittunt</span> <span class='ocrx_word' id='word_1_554' title='bbox 446 4820 510 4883; x_wconf 87' lang='lat' dir='ltr'>Soli</span> <span class='ocrx_word' id='word_1_555' title='bbox 538 4821 586 4880; x_wconf 91' lang='lat' dir='ltr'>vel</span> <span class='ocrx_word' id='word_1_556' title='bbox 617 4820 740 4896; x_wconf 83' lang='lat' dir='ltr'>Lunae,</span> <span class='ocrx_word' id='word_1_557' title='bbox 772 4819 826 4881; x_wconf 90' lang='lat' dir='ltr'>sed</span> <span class='ocrx_word' id='word_1_558' title='bbox 858 4828 976 4882; x_wconf 89' lang='lat' dir='ltr'>tantum</span> <span class='ocrx_word' id='word_1_559' title='bbox 1005 4818 1180 4882; x_wconf 89' lang='lat' dir='ltr'>ascendenti</span> <span class='ocrx_word' id='word_1_560' title='bbox 1209 4828 1243 4880; x_wconf 90' lang='lat' dir='ltr'>et</span> <span class='ocrx_word' id='word_1_561' title='bbox 1268 4819 1316 4883; x_wconf 79' lang='lat' dir='ltr'>ln.</span> <span class='ocrx_word' id='word_1_562' title='bbox 1341 4817 1378 4885; x_wconf 82' lang='grc' dir='ltr'>Ο.</span> <span class='ocrx_word' id='word_1_563' title='bbox 1399 4816 1473 4899; x_wconf 64' lang='lat' dir='ltr'>ticli·</span> 
     </span>
    </p>
   </div>
   <div class='ocr_carea' id='block_1_11' title="bbox 0 0 1644 5542">
    <p class='ocr_par' dir='ltr' id='par_1_13' title="bbox 0 0 1644 5542">
     <span class='ocr_line' id='line_1_55' title="bbox 0 0 1644 5542; baseline 0 0"><span class='ocrx_word' id='word_1_564' title='bbox 0 0 1644 5542; x_wconf 95' lang='lat' dir='ltr'> </span> 
     </span>
    </p>
   </div>
  </div>
 </body>
</html>
