3278 5542
144 336 210 406 stt
567 340 1079 409 mommorenciacensem

142 503 401 574 transscendens,
425 520 482 584 quo
507 503 625 583 longius
647 505 677 565 in
701 510 755 565 tua
777 503 975 585 persuasione
998 509 1160 583 provectus
1183 501 1295 575 ineris,
1328 499 1386 563 hoe
1407 500 1492 581 mag's

142 601 172 654 te
196 593 267 654 mihi
292 592 355 654 iore
379 599 553 672 suspectum
577 592 767 655 credulitatis
791 592 909 654 nimiae.
956 589 1018 654 Sed
1041 591 1134 655 bens!
1171 589 1489 666 Psaramounis,

143 682 263 743 inarmis
282 681 398 744 adsim.
438 679 513 744 Cum
530 680 608 742 enim
622 682 733 744 nemini
754 689 784 743 te
799 682 984 761 parciturum
999 681 1044 742 ais
1065 681 1176 760 (comp.
1192 679 1237 743 lit.
1252 679 1345 742 Fabr.
1364 697 1396 760 p.
1411 674 1490 752 sol),

142 770 243 831 cautio
271 769 343 832 mibi
372 781 420 833 est
448 771 632 845 adhibenda,
667 791 704 832 ne
733 780 766 833 et
796 790 842 832 me
868 770 990 832 bostem
1020 769 1076 831 tibi
1107 769 1236 849 deligas.
1288 768 1381 830 Nora
1409 786 1491 848 eaque

142 859 275 921 absurda
296 878 344 921 me
369 877 485 940 quoqne
508 859 538 922 in
562 858 807 939 meteorologicis
837 858 998 921 adduxisse
1026 867 1121 939 puto:
1159 857 1255 920 multa
1286 875 1406 938 quoque
1433 857 1491 918 inn-

141 949 285 1010 damenta
307 949 434 1031 physica
472 956 504 1010 et
533 949 718 1029 theologiam
748 949 863 1011 eminus
892 947 1066 1028 spectantia
1093 946 1263 1027 aperuisse;
1307 964 1402 1027 qnare
1429 946 1490 1007 bace

140 1037 242 1186 pmnia
263 1055 310 1098 me
334 1056 392 1098 non
417 1045 535 1100 tantum
558 1036 739 1118 aequissimo
763 1044 937 1118 spectatore
970 1036 1139 1099 sedetiam
1170 1035 1306 1098 nonnihil
1338 1042 1489 1117 praeeunte

153 1144 261 1188 sceris.

210 1230 402 1282 Fabricius:
432 1231 471 1282 'l'n
489 1231 571 1282 nullos
594 1231 732 1296 aphetaa
757 1231 888 1288 concedis,
916 1229 1161 1296 praeterbnrnidum
1180 1229 1304 1288 mdicales
1335 1226 1486 1294 maana

141 1310 179 1352 eet
196 1309 312 1367 respectu
329 1303 451 1353 interioria
469 1309 495 1354 et
513 1304 682 1354 concurrentia
702 1316 804 1359 samu.
823 1317 854 1353 ea
872 1309 944 1367 parte
966 1303 1085 1354 concedo.
1123 1301 1258 1352 Humida·
1276 1300 1390 1351 radicale
1407 1299 1486 1351 uttan

140 1374 221 1424 calido
240 1375 339 1433 innato,
358 1380 384 1423 et
402 1374 500 1440 quando
519 1376 645 1439 utriusque
664 1376 758 1437 optima
777 1381 816 1424 est
833 1376 972 1438 proportio,
991 1380 1052 1424 tunc
1070 1375 1123 1424 rita
1140 1373 1265 1439 longaeva
1283 1372 1485 1437 munima

140 1460 197 1495 eant
215 1445 316 1495 violenti
335 1460 407 1495 casus
425 1461 474 1496 non
494 1446 651 1496 abscindunt·
688 1445 739 1496 Sed
756 1446 831 1502 unde,
851 1461 953 1510 quaeso,
972 1445 1101 1495 humidum
1119 1444 1180 1494 illud
1199 1451 1225 1495 et
1242 1443 1354 1507 edilium
1372 1441 1482 1499 daneta

139 1516 206 1566 unde
225 1516 334 1566 animam
352 1531 422 1565 suam
440 1516 536 1567 babet?
574 1516 708 1567 Constituit
727 1531 784 1581 ergo
799 1517 866 1566 Dens
886 1516 947 1566 duos
966 1518 1112 1580 praecipuae
1130 1515 1225 1565 humidi
1245 1521 1273 1564 et
1291 1514 1368 1565 calidi
1386 1512 1482 1564 radicalis

139 1595 261 1637 meteres:
286 1587 370 1650 lipro
389 1588 501 1646 humido,
530 1585 624 1652 &pro
643 1587 724 1638 calido
742 1590 837 1638 innato.
874 1588 908 1637 Hi
926 1588 975 1637 duo
994 1589 1106 1637 excitant
1131 1588 1240 1637 animam
1259 1592 1287 1636 et
1304 1584 1481 1643 rivillcanlilia

139 1672 203 1722 qnae
222 1657 271 1707 dixi
288 1658 411 1710 radicalia
428 1660 562 1717 naturalia,
582 1660 655 1723 idque
673 1674 716 1722 pro
729 1661 819 1709 virtute
839 1665 865 1709 et
877 1661 959 1723 positu
978 1674 1022 1708 suo
1034 1659 1128 1708 fortiori
1140 1657 1180 1709 rel
1191 1657 1349 1708 imbecilliori
1366 1659 1392 1707 ia
1403 1656 1478 1721 gnei

140 1730 295 1780 Concurrunt
312 1745 370 1795 ergo
391 1731 456 1781 dnae
474 1745 567 1782 causae
585 1732 651 1781 ritae
669 1737 768 1781 nostm
787 1730 932 1781 cannales:
960 1730 1086 1794 corporale
1106 1738 1133 1780 et
1155 1729 1258 1781 aatrale.
1297 1727 1426 1792 corporale
1439 1729 1479 1776 aiae

140 1801 225 1851 nsunt
244 1803 314 1865 qnasi
333 1808 454 1852 mortuum
473 1809 526 1860 est,
546 1817 577 1852 ea
594 1803 635 1851 illo
655 1817 711 1852 vero
729 1802 874 1851 vivificatur.
912 1803 1028 1852 Animam
1047 1808 1075 1850 ιιι
1092 1802 1200 1866 eorporis
1218 1801 1296 1851 vitam
1313 1813 1397 1851 nonne
1414 1795 1479 1849 desti

140 1871 205 1933 Quid
222 1872 335 1937 prohibet
352 1888 420 1939 ergo,
441 1871 473 1934 Θ
494 1881 520 1924 et
537 1874 560 1934 li
579 1874 662 1925 dicere
680 1873 746 1923 ritae
764 1873 885 1924 naturalia
904 1872 1099 1937 significaturos,
1119 1873 1178 1938 quia
1195 1871 1227 1922 (le
1245 1871 1376 1922 debilitate
1393 1869 1427 1921 rel
1441 1869 1477 1918 ior·

139 1944 243 1993 titudine
262 1945 329 1993 ritae
348 1944 470 1995 naturalis
488 1945 632 2010 significant
650 1952 676 1993 st
691 1944 814 2007 judicant
851 1944 899 1994 Pro
918 1943 1095 1994 comtimtlone
1115 1958 1174 2010 ergo
1192 1943 1280 1993 borum
1299 1942 1401 1992 herum
1417 1947 1476 1991 astro

137 2014 218 2079 logice
236 2014 268 2065 (le
286 2016 338 2065 rita
352 2016 515 2080 indicandum
533 2023 601 2080 puto.
639 2013 682 2065 Sol
705 2015 797 2066 lumine
824 2022 850 2066 et
873 2016 956 2065 calore
984 2030 1028 2065 sno
1048 2022 1151 2066 externo
1176 2014 1269 2080 ubique
1294 2015 1322 2064 in
1340 2013 1477 2077 eclipticas

138 2085 294 2137 rusticalibus
321 2089 417 2138 ratione
439 2087 573 2138 horizontis
603 2102 653 2137 non
676 2094 715 2136 est
738 2102 817 2151 aeque
839 2094 936 2151 potens.
975 2087 1041 2152 Ergo
1060 2086 1161 2137 astralia
1178 2086 1243 2137 illins
1263 2086 1300 2136 ria
1321 2099 1367 2150 pro
1391 2085 1474 2133 vitare

138 2156 234 2221 ganda,
260 2171 302 2222 pro
329 2160 408 2209 calido
434 2160 522 2210 innato
546 2158 686 2225 vegetando
714 2165 741 2208 et
764 2158 920 2209 testificando
946 2174 996 2208 uon
1024 2159 1071 2208 erit
1093 2157 1183 2223 ubique
1204 2158 1230 2207 in
1248 2157 1363 2209 mamete
1380 2153 1474 2221 vqualis

139 2228 231 2292 Angnli
248 2235 315 2278 certe
339 2227 497 2281 lmaxlmse
514 2231 610 2280 virtutis
628 2237 700 2286 sunt,
728 2231 835 2280 maxime
860 2245 917 2279 vero
938 2229 1035 2279 decima
1063 2229 1163 2286 domus,
1188 2235 1245 2293 post
1262 2228 1283 2278 1.
1303 2228 1405 2285 domnas
1429 2225 1474 2275 tus

138 2305 238 2364 propter
258 2300 362 2364 primam
387 2303 548 2352 emersionem
576 2307 602 2351 et
630 2300 807 2351 ‹dscmsioneru
845 2301 1016 2361 tenebrarum,
1045 2300 1089 2350 illa
1115 2306 1216 2365 propter
1240 2299 1323 2351 lnoem
1346 2304 1373 2350 et
1394 2297 1474 2349 edom

138 2384 281 2420 murinum.

227 2459 429 2539 Keplerus:
453 2460 500 2521 Da
515 2461 636 2541 aphetis
651 2460 779 2534 memini,
805 2479 852 2522 me
868 2459 905 2521 ad
921 2477 1029 2521 nomen
1052 2455 1165 2539 ἀφιζω,
1186 2459 1348 2539 docendae,
1372 2476 1471 2539 respex-

139 2548 211 2610 isse.
250 2547 411 2611 Sententia
434 2547 506 2622 tuit,
538 2549 695 2612 terminum
720 2569 787 2611 esse
812 2549 1042 2629 astrologicum,
1073 2549 1122 2631 qui
1146 2549 1389 2613 inconsideratos
1409 2545 1472 2609 deoi-

138 2638 216 2716 piat,
256 2637 343 2718 qnasi
375 2638 521 2718 astrologi
551 2640 719 2702 exturbatis
753 2638 890 2720 genuinis
924 2657 1021 2700 rernm
1050 2639 1151 2701 causis
1179 2638 1219 2702 ad
1249 2638 1326 2702 baec
1356 2638 1474 2713 dunno

138 2725 327 2806 confugiant,
361 2726 457 2789 vitant
481 2745 538 2789 nou
563 2748 600 2790 ex
624 2729 817 2790 immanentis
840 2726 979 2801 animae,
1013 2728 1067 2790 sed
1091 2727 1318 2808 exagitatione
1341 2727 1414 2791 coeli
1433 2726 1473 2786 ds·

138 2816 259 2878 ducant.
306 2816 373 2878 Hoc
395 2825 427 2878 te
451 2835 509 2878 non
531 2827 605 2898 puto
628 2818 881 2898 impugnaturum.
928 2816 971 2877 Et
992 2823 1113 2892 umen,
1139 2817 1227 2898 quasi
1251 2817 1292 2879 ad
1316 2818 1474 2898 impugnan-

138 2904 207 2967 dum
225 2905 295 2980 boc,
330 2906 409 2986 quod
434 2904 515 2981 dixi,
550 2905 661 2985 deusne
684 2907 843 2986 genuinum
867 2924 934 2966 esse
958 2905 1108 2967 humidum
1137 2906 1287 2977 radicale,
1322 2910 1475 2987 argumento

138 2994 302 3056 instructus
327 3014 374 3066 es,
399 2995 503 3056 sidera
526 2995 600 3057 dant
624 2995 743 3057 humido
768 2994 892 3056 radicali
916 2994 1060 3074 vigorem.
1108 2995 1175 3056 Hoc
1198 2995 1270 3069 tibi,
1304 2996 1346 3057 mi
1369 2989 1475 3062 Fabrici,

137 3082 344 3163 philosophice
367 3101 405 3143 ex
428 3084 495 3162 ipso
519 3085 611 3146 etiam
634 3085 707 3146 Pico
731 3085 857 3156 dicenti,
891 3084 1036 3158 concedo,
1068 3083 1123 3144 sed
1147 3102 1254 3164 parurn
1277 3085 1308 3145 in
1332 3079 1477 3159 astrologia

136 3170 193 3232 tibi
216 3172 352 3250 prodest.
399 3172 466 3233 Non
491 3172 571 3234 enirn
593 3173 640 3234 ita
663 3173 764 3234 sidera
789 3174 864 3234 fiunt
888 3173 1026 3252 epirotae,
1051 3180 1085 3234 nt
1108 3172 1240 3235 animare
1265 3181 1298 3235 et
1321 3171 1476 3236 inversis-

142 3259 253 3321 rnidum
277 3258 409 3322 radicale
435 3280 471 3321 ex
495 3280 528 3322 se
552 3262 628 3342 ipsis
652 3262 811 3335 desinant;
837 3262 907 3333 imo,
932 3261 957 3321 si
982 3262 1038 3323 hoc
1061 3263 1224 3336 sufficeret,
1249 3261 1303 3324 illa
1326 3265 1477 3343 pergerent

139 3366 232 3429 qnare
255 3356 353 3410 totum
376 3349 432 3410 hoc
456 3350 628 3430 sphericum
658 3350 776 3414 facinus
810 3369 867 3411 uon
901 3350 1083 3413 ordinarium
1107 3368 1174 3412 esse
1198 3368 1326 3413 necesse
1350 3360 1412 3426 est,
1437 3345 1477 3409 sed

140 3436 383 3500 accidentalium.
431 3437 510 3500 Sunt
533 3459 627 3501 causa
649 3440 764 3514 mortis,
790 3447 824 3501 ut
847 3437 901 3501 Sol
926 3448 975 3501 est
997 3458 1090 3501 causa
1113 3438 1236 3519 eclipsis
1260 3439 1384 3514 Lunae,
1406 3441 1477 3518 procl

139 3533 172 3587 tu
202 3525 322 3607 quidem
350 3527 416 3607 jain
450 3547 488 3588 ex
515 3530 672 3608 praedicto
705 3529 899 3590 fundamento
927 3528 1135 3607 philosophico
1166 3537 1275 3591 contra
1297 3548 1346 3591 me
1368 3544 1475 3609 pugnas

138 3615 218 3678 Nam
241 3614 271 3677 in
294 3616 431 3679 terminis
455 3617 569 3698 loquor.
617 3618 651 3680 In
675 3617 870 3698 sequentibus
894 3616 983 3696 plane
998 3636 1123 3691 mecum,
1148 3617 1203 3679 sed
1226 3636 1335 3698 parurn
1357 3614 1475 3680 cauteiu

138 3711 222 3766 tuam
245 3723 320 3769 rem.
366 3705 528 3768 Materiale
552 3706 732 3787 apheticum,
756 3706 907 3767 humidum
930 3705 1080 3782 radicale,
1104 3706 1229 3768 formale
1253 3706 1321 3786 ejus
1344 3707 1374 3769 in
1395 3711 1475 3767 mate-

138 3793 213 3855 riam
237 3812 327 3874 opus,
361 3794 490 3857 calidum
513 3794 662 3869 nativum,
698 3795 879 3874 adjuvantes
908 3813 1017 3856 causas
1041 3795 1157 3868 sidera,
1192 3804 1224 3857 et
1251 3794 1386 3876 quidem,
1415 3789 1474 3875 quoi

139 3882 261 3962 egregie
283 3883 374 3944 tinnit
397 3883 426 3944 in
452 3883 574 3946 auribus
596 3883 692 3958 meis,
718 3884 909 3945 stimulantes
934 3883 1064 3946 animam
1087 3892 1119 3945 et
1142 3883 1330 3947 excitantes:
1368 3882 1473 3946 dinus

138 3972 354 4046 tantummodo,
380 3980 413 4033 ut
436 3990 502 4053 ego,
527 3972 633 4034 stellas
658 3991 776 4048 canere,
801 3972 931 4034 animam
955 3973 1080 4044 saltare,
1104 3993 1140 4034 ne
1163 3974 1213 4036 hic
1236 3973 1378 4036 stimulus
1399 3969 1471 4033 sitin

138 4058 214 4139 ipsis
246 4078 300 4140 per
323 4079 356 4121 se
381 4060 545 4137 sideribus,
579 4061 633 4122 sed
665 4061 766 4140 potius
783 4063 829 4124 ¹in
859 4062 958 4124 animo
990 4061 1138 4135 hominis,
1170 4072 1205 4124 nt
1236 4082 1310 4125 rosa
1340 4062 1471 4126 intuor.

138 4147 245 4227 ignara
268 4148 344 4231 ipsa,
369 4149 492 4212 animat.
539 4150 638 4212 Unum
662 4169 769 4212 cavere
792 4158 823 4212 te
843 4151 950 4230 jubeo,
984 4169 1022 4211 ns
1057 4151 1242 4232 astrologica
1264 4150 1398 4234 physicis
1417 4164 1471 4210 eon·

139 4236 265 4312 lundas,
291 4238 437 4317 quomodo
461 4239 584 4313 dixisti,
610 4239 746 4320 adjuvari
770 4240 900 4301 calorem
925 4240 1060 4301 nativum
1084 4241 1196 4315 astris3
1231 4240 1258 4302 is
1282 4259 1343 4303 non
1366 4252 1470 4301 enerva-

138 4336 187 4388 tur
212 4324 273 4388 situ
296 4326 435 4401 siderum,
461 4328 532 4408 qnia
554 4328 610 4390 hoc
635 4328 749 4390 iaciunt
771 4348 829 4390 nou
855 4329 899 4391 uti
923 4329 1013 4390 situm
1036 4337 1138 4403 uncta
1162 4331 1218 4391 sed
1241 4330 1287 4392 uti
1310 4328 1375 4406 Sol,
1397 4327 1470 4391 luna

138 4423 170 4478 et
192 4414 222 4477 id
247 4435 284 4477 ex
307 4435 340 4476 se
364 4415 488 4479 habent.
535 4417 581 4478 Ex
606 4416 678 4479 Sole
702 4428 822 4479 emanat
846 4418 942 4480 virtus
965 4418 994 4479 in
1018 4417 1191 4480 universum
1210 4419 1363 4495 mnndum,
1384 4424 1416 4482 ut
1432 4432 1471 4475 tt·

138 4507 197 4580 lor,
230 4512 265 4568 nt
285 4513 396 4566 motus.
442 4507 488 4567 At
510 4508 655 4586 quomodo
687 4506 779 4569 certis
811 4507 901 4579 locis,
933 4506 1085 4587 personis,
1119 4507 1304 4587 temporibus
1342 4504 1472 4571 scindas

138 4594 264 4668 animos,
288 4594 319 4655 id
342 4594 377 4655 fit
398 4593 516 4657 ratione
539 4595 617 4657 situs
641 4596 782 4676 ipsorum,
808 4597 856 4676 qui
882 4595 956 4675 ipsis
981 4596 1093 4658 accidit
1115 4614 1245 4677 vereque
1268 4597 1300 4658 in
1316 4597 1412 4660 animo
1428 4596 1469 4660 ati

137 4682 187 4762 qni
212 4682 271 4743 illis
295 4683 404 4744 sitibus
427 4683 516 4755 (sunt
538 4693 641 4746 nutem
663 4693 806 4765 aspectus
831 4693 862 4747 et
885 4684 1085 4747 modiationes
1108 4685 1199 4760 coeli)
1224 4680 1385 4749 movent(
1409 4681 1473 4747 tine

138 4784 170 4832 tu
195 4771 256 4832 noli
280 4771 479 4843 confunderes
516 4773 586 4853 qnid
610 4774 688 4836 enirn
712 4782 868 4854 sequatur,
901 4773 997 4835 vides.
1043 4772 1076 4836 Si
1105 4773 1188 4854 prior
1216 4774 1296 4837 enirn
1326 4775 1380 4838 illa
1399 4772 1474 4834 vinu

140 4879 159 4920 a
181 4859 242 4922 situ
266 4858 348 4923 Sulis
371 4860 499 4940 pendet,
529 4869 622 4936 certa,
647 4862 718 4943 qnia
738 4860 803 4936 Sol,
829 4870 863 4925 et
883 4863 924 4925 ad
946 4862 1044 4927 visum
1067 4870 1101 4925 et
1121 4863 1162 4925 ad
1184 4863 1420 4944 agundum
1434 4874 1475 4919 vt·
