<?xml version="1.0" encoding="UTF-8"?>
<!DOCTYPE html PUBLIC "-//W3C//DTD XHTML 1.0 Transitional//EN"
    "http://www.w3.org/TR/xhtml1/DTD/xhtml1-transitional.dtd">
<html xmlns="http://www.w3.org/1999/xhtml" xml:lang="en" lang="en">
 <head>
  <title>
</title>
<meta http-equiv="Content-Type" content="text/html;charset=utf-8" />
  <meta name='ocr-system' content='tesseract 3.04.00' />
  <meta name='ocr-capabilities' content='ocr_page ocr_carea ocr_par ocr_line ocrx_word'/>
</head>
<body>
  <div class='ocr_page' id='page_1' title='image "./joanniskepleria17frisgoog_0385.png"; bbox 0 0 3278 5542; ppageno 0'>
   <div class='ocr_carea' id='block_1_1' title="bbox 136 331 1075 398">
    <p class='ocr_par' dir='ltr' id='par_1_1' title="bbox 136 331 1075 398">
     <span class='ocr_line' id='line_1_1' title="bbox 136 331 1075 398; baseline -0.016 0"><span class='ocrx_word' id='word_1_1' title='bbox 136 331 201 398; x_wconf 73' lang='lat'><strong>362</strong></span> <span class='ocrx_word' id='word_1_2' title='bbox 562 332 663 383; x_wconf 84' lang='lat' dir='ltr'><strong>Litarsa</strong></span> <span class='ocrx_word' id='word_1_3' title='bbox 679 332 783 398; x_wconf 76' lang='lat' dir='ltr'><strong>Ksplert</strong></span> <span class='ocrx_word' id='word_1_4' title='bbox 802 332 954 398; x_wconf 77' lang='lat' dir='ltr'><strong>aliorumque</strong></span> <span class='ocrx_word' id='word_1_5' title='bbox 969 334 1075 384; x_wconf 64' lang='lat' dir='ltr'><strong>mutuat</strong></span> 
     </span>
    </p>
   </div>
   <div class='ocr_carea' id='block_1_2' title="bbox 99 489 1488 4917">
    <p class='ocr_par' dir='ltr' id='par_1_2' title="bbox 99 489 1488 1989">
     <span class='ocr_line' id='line_1_2' title="bbox 133 489 1488 572; baseline -0.006 -16"><span class='ocrx_word' id='word_1_6' title='bbox 133 495 342 566; x_wconf 88' lang='lat' dir='ltr'><strong>Ptolemaeus;</strong></span> <span class='ocrx_word' id='word_1_7' title='bbox 364 490 499 552; x_wconf 86' lang='lat' dir='ltr'><strong>invenies</strong></span> <span class='ocrx_word' id='word_1_8' title='bbox 523 490 668 552; x_wconf 87' lang='lat' dir='ltr'><strong>distinata</strong></span> <span class='ocrx_word' id='word_1_9' title='bbox 690 512 906 570; x_wconf 73' lang='grc' dir='ltr'><strong><em>τεταρτημορια</em></strong></span> <span class='ocrx_word' id='word_1_10' title='bbox 930 492 1158 572; x_wconf 75' lang='lat' dir='ltr'><strong>(quadrantes),</strong></span> <span class='ocrx_word' id='word_1_11' title='bbox 1189 491 1221 552; x_wconf 91' lang='lat' dir='ltr'><strong>iu</strong></span> <span class='ocrx_word' id='word_1_12' title='bbox 1245 489 1356 569; x_wconf 93' lang='lat' dir='ltr'><strong>quibus</strong></span> <span class='ocrx_word' id='word_1_13' title='bbox 1378 509 1488 560; x_wconf 70' lang='lat' dir='ltr'><strong>mosoc</strong></span> 
     </span>
     <span class='ocr_line' id='line_1_3' title="bbox 140 577 1486 660; baseline -0.003 -20"><span class='ocrx_word' id='word_1_14' title='bbox 140 583 328 657; x_wconf 78' lang='lat' dir='ltr'><strong>(versantur)</strong></span> <span class='ocrx_word' id='word_1_15' title='bbox 352 582 512 660; x_wconf 86' lang='lat' dir='ltr'><strong>planctae;</strong></span> <span class='ocrx_word' id='word_1_16' title='bbox 537 580 719 659; x_wconf 79' lang='lat' dir='ltr'>quadrantes</span> <span class='ocrx_word' id='word_1_17' title='bbox 739 580 831 659; x_wconf 85' lang='lat' dir='ltr'><strong>igitur</strong></span> <span class='ocrx_word' id='word_1_18' title='bbox 849 581 974 642; x_wconf 84' lang='lat' dir='ltr'>zodiaci.</span> <span class='ocrx_word' id='word_1_19' title='bbox 1023 579 1137 650; x_wconf 78' lang='lat' dir='ltr'><strong>Quales</strong></span> <span class='ocrx_word' id='word_1_20' title='bbox 1161 579 1255 641; x_wconf 84' lang='lat' dir='ltr'><strong>vero?</strong></span> <span class='ocrx_word' id='word_1_21' title='bbox 1299 577 1486 654; x_wconf 72' lang='grc' dir='ltr'><strong>Ἀπηλιωπκα,</strong></span> 
     </span>
     <span class='ocr_line' id='line_1_4' title="bbox 135 666 1485 748; baseline -0.004 -16"><span class='ocrx_word' id='word_1_22' title='bbox 135 674 252 748; x_wconf 70' lang='lat' dir='ltr'><strong>latona,</strong></span> <span class='ocrx_word' id='word_1_23' title='bbox 276 669 355 742; x_wconf 76' lang='lat' dir='ltr'><strong>dou,</strong></span> <span class='ocrx_word' id='word_1_24' title='bbox 378 667 605 742; x_wconf 71' lang='grc' dir='ltr'><strong><em>ἀποκεκλικοτα,</em></strong></span> <span class='ocrx_word' id='word_1_25' title='bbox 628 667 833 744; x_wconf 79' lang='grc' dir='ltr'><em>ἀποκληματα,</em></span> <span class='ocrx_word' id='word_1_26' title='bbox 857 670 913 731; x_wconf 90' lang='lat' dir='ltr'><strong>hoc</strong></span> <span class='ocrx_word' id='word_1_27' title='bbox 937 680 1001 744; x_wconf 87' lang='lat' dir='ltr'><strong>est,</strong></span> <span class='ocrx_word' id='word_1_28' title='bbox 1026 669 1064 730; x_wconf 90' lang='lat' dir='ltr'><strong>ab</strong></span> <span class='ocrx_word' id='word_1_29' title='bbox 1088 668 1244 730; x_wconf 84' lang='lat' dir='ltr'><strong>horizonte</strong></span> <span class='ocrx_word' id='word_1_30' title='bbox 1268 666 1367 728; x_wconf 82' lang='lat' dir='ltr'><strong>ortivo</strong></span> <span class='ocrx_word' id='word_1_31' title='bbox 1391 674 1422 726; x_wconf 90' lang='lat' dir='ltr'><strong>et</strong></span> <span class='ocrx_word' id='word_1_32' title='bbox 1442 683 1485 725; x_wconf 89' lang='lat' dir='ltr'><strong>oc-</strong></span> 
     </span>
     <span class='ocr_line' id='line_1_5' title="bbox 135 753 1484 838; baseline -0.005 -17"><span class='ocrx_word' id='word_1_33' title='bbox 135 760 222 822; x_wconf 90' lang='lat' dir='ltr'><strong>ciduo</strong></span> <span class='ocrx_word' id='word_1_34' title='bbox 246 759 383 837; x_wconf 87' lang='lat' dir='ltr'><strong>incepta,</strong></span> <span class='ocrx_word' id='word_1_35' title='bbox 418 757 446 817; x_wconf 93' lang='lat' dir='ltr'><strong>in</strong></span> <span class='ocrx_word' id='word_1_36' title='bbox 472 756 696 838; x_wconf 91' lang='lat' dir='ltr'><strong>nonagesimum</strong></span> <span class='ocrx_word' id='word_1_37' title='bbox 721 757 812 836; x_wconf 88' lang='lat' dir='ltr'><strong>igitur</strong></span> <span class='ocrx_word' id='word_1_38' title='bbox 835 766 922 820; x_wconf 84' lang='lat' dir='ltr'><strong>extra</strong></span> <span class='ocrx_word' id='word_1_39' title='bbox 945 757 1140 820; x_wconf 88' lang='lat' dir='ltr'><strong>meridianum</strong></span> <span class='ocrx_word' id='word_1_40' title='bbox 1164 755 1372 818; x_wconf 75' lang='lat' dir='ltr'><strong>terminantia.</strong></span> <span class='ocrx_word' id='word_1_41' title='bbox 1418 753 1484 816; x_wconf 79' lang='lat' dir='ltr'><strong>llan</strong></span> 
     </span>
     <span class='ocr_line' id='line_1_6' title="bbox 135 841 1483 926; baseline -0.006 -16"><span class='ocrx_word' id='word_1_42' title='bbox 135 869 193 910; x_wconf 93' lang='lat' dir='ltr'><strong>non</strong></span> <span class='ocrx_word' id='word_1_43' title='bbox 219 847 327 908; x_wconf 91' lang='lat' dir='ltr'><strong>dicitur</strong></span> <span class='ocrx_word' id='word_1_44' title='bbox 350 867 593 925; x_wconf 75' lang='lat' dir='ltr'><strong>asrapaqpopaor,</strong></span> <span class='ocrx_word' id='word_1_45' title='bbox 618 846 674 907; x_wconf 91' lang='lat' dir='ltr'><strong>nisi</strong></span> <span class='ocrx_word' id='word_1_46' title='bbox 696 848 849 926; x_wconf 84' lang='lat' dir='ltr'><strong>perfectus</strong></span> <span class='ocrx_word' id='word_1_47' title='bbox 874 848 1039 926; x_wconf 89' lang='lat' dir='ltr'><strong>quadrans,</strong></span> <span class='ocrx_word' id='word_1_48' title='bbox 1067 865 1122 906; x_wconf 88' lang='lat' dir='ltr'><strong>neo</strong></span> <span class='ocrx_word' id='word_1_49' title='bbox 1145 864 1218 925; x_wconf 90' lang='lat' dir='ltr'><strong>pure</strong></span> <span class='ocrx_word' id='word_1_50' title='bbox 1243 844 1415 915; x_wconf 64' lang='lat' dir='ltr'><strong>detortum,</strong></span> <span class='ocrx_word' id='word_1_51' title='bbox 1438 841 1483 902; x_wconf 88' lang='lat' dir='ltr'><strong>nisi</strong></span> 
     </span>
     <span class='ocr_line' id='line_1_7' title="bbox 135 928 1483 1015; baseline -0.006 -16"><span class='ocrx_word' id='word_1_52' title='bbox 135 935 370 1015; x_wconf 86' lang='lat' dir='ltr'><strong>anonagesimo</strong></span> <span class='ocrx_word' id='word_1_53' title='bbox 395 935 542 1013; x_wconf 89' lang='lat' dir='ltr'><strong>inceptus.</strong></span> <span class='ocrx_word' id='word_1_54' title='bbox 590 934 767 997; x_wconf 88' lang='lat' dir='ltr'><strong>Decimo:</strong></span> <span class='ocrx_word' id='word_1_55' title='bbox 801 944 849 996; x_wconf 91' lang='lat' dir='ltr'><strong>est</strong></span> <span class='ocrx_word' id='word_1_56' title='bbox 877 937 979 1015; x_wconf 88' lang='lat' dir='ltr'><strong>aliqua</strong></span> <span class='ocrx_word' id='word_1_57' title='bbox 1003 937 1121 1009; x_wconf 90' lang='lat' dir='ltr'><strong>domus,</strong></span> <span class='ocrx_word' id='word_1_58' title='bbox 1151 953 1230 1014; x_wconf 76' lang='lat' dir='ltr'><strong>qnae</strong></span> <span class='ocrx_word' id='word_1_59' title='bbox 1258 932 1370 995; x_wconf 87' lang='lat' dir='ltr'><strong>dicitur</strong></span> <span class='ocrx_word' id='word_1_60' title='bbox 1392 928 1483 992; x_wconf 76' lang='lat' dir='ltr'><strong>incra</strong></span> 
     </span>
     <span class='ocr_line' id='line_1_8' title="bbox 137 1020 1482 1104; baseline -0.004 -19"><span class='ocrx_word' id='word_1_61' title='bbox 137 1047 233 1104; x_wconf 71' lang='lat' dir='ltr'><strong>qopoa</strong></span> <span class='ocrx_word' id='word_1_62' title='bbox 265 1023 476 1103; x_wconf 72' lang='lat' dir='ltr'><strong>draqepautua</strong></span> <span class='ocrx_word' id='word_1_63' title='bbox 508 1044 579 1084; x_wconf 90' lang='lat' dir='ltr'><strong>vero</strong></span> <span class='ocrx_word' id='word_1_64' title='bbox 604 1024 743 1086; x_wconf 86' lang='lat' dir='ltr'><strong>tribuitur</strong></span> <span class='ocrx_word' id='word_1_65' title='bbox 771 1024 867 1102; x_wconf 88' lang='lat' dir='ltr'><strong>signis</strong></span> <span class='ocrx_word' id='word_1_66' title='bbox 889 1025 1015 1086; x_wconf 81' lang='lat' dir='ltr'><strong>zodiaci.</strong></span> <span class='ocrx_word' id='word_1_67' title='bbox 1062 1024 1176 1084; x_wconf 91' lang='lat' dir='ltr'><strong>Domus</strong></span> <span class='ocrx_word' id='word_1_68' title='bbox 1200 1022 1296 1102; x_wconf 87' lang='lat' dir='ltr'><strong>igitur</strong></span> <span class='ocrx_word' id='word_1_69' title='bbox 1319 1020 1482 1098; x_wconf 78' lang='lat' dir='ltr'><strong>intelligitur</strong></span> 
     </span>
     <span class='ocr_line' id='line_1_9' title="bbox 135 1107 1480 1192; baseline -0.006 -17"><span class='ocrx_word' id='word_1_70' title='bbox 135 1116 171 1175; x_wconf 94' lang='lat' dir='ltr'><strong>de</strong></span> <span class='ocrx_word' id='word_1_71' title='bbox 201 1133 271 1174; x_wconf 88' lang='lat' dir='ltr'><strong>arcu</strong></span> <span class='ocrx_word' id='word_1_72' title='bbox 298 1111 433 1185; x_wconf 82' lang='lat' dir='ltr'><strong>zodiaci,</strong></span> <span class='ocrx_word' id='word_1_73' title='bbox 467 1112 516 1173; x_wconf 90' lang='lat' dir='ltr'><strong>ille</strong></span> <span class='ocrx_word' id='word_1_74' title='bbox 545 1131 615 1173; x_wconf 82' lang='lat' dir='ltr'><strong>vero</strong></span> <span class='ocrx_word' id='word_1_75' title='bbox 645 1113 753 1174; x_wconf 91' lang='lat' dir='ltr'><strong>dicitur</strong></span> <span class='ocrx_word' id='word_1_76' title='bbox 783 1118 1037 1192; x_wconf 73' lang='lat' dir='ltr'><strong>todennaqpopaoa</strong></span> <span class='ocrx_word' id='word_1_77' title='bbox 1085 1111 1314 1174; x_wconf 88' lang='lat' dir='ltr'><strong>Undecimo:</strong></span> <span class='ocrx_word' id='word_1_78' title='bbox 1347 1110 1393 1171; x_wconf 86' lang='lat' dir='ltr'><strong>sic</strong></span> <span class='ocrx_word' id='word_1_79' title='bbox 1423 1107 1480 1168; x_wconf 81' lang='lat' dir='ltr'><strong>alit·</strong></span> 
     </span>
     <span class='ocr_line' id='line_1_10' title="bbox 135 1196 1480 1282; baseline -0.005 -19"><span class='ocrx_word' id='word_1_80' title='bbox 135 1203 271 1282; x_wconf 89' lang='lat' dir='ltr'><strong>appellat</strong></span> <span class='ocrx_word' id='word_1_81' title='bbox 303 1223 338 1262; x_wconf 79' lang='lat' dir='ltr'><strong>aa</strong></span> <span class='ocrx_word' id='word_1_82' title='bbox 370 1205 590 1274; x_wconf 75' lang='lat' dir='ltr'><strong>aaaodaquouur</strong></span> <span class='ocrx_word' id='word_1_83' title='bbox 622 1196 733 1274; x_wconf 70' lang='lat' dir='ltr'><strong>[atros.</strong></span> <span class='ocrx_word' id='word_1_84' title='bbox 780 1204 880 1263; x_wconf 73' lang='lat' dir='ltr'><strong>Zatca</strong></span> <span class='ocrx_word' id='word_1_85' title='bbox 913 1212 984 1262; x_wconf 90' lang='lat' dir='ltr'><strong>sunt</strong></span> <span class='ocrx_word' id='word_1_86' title='bbox 1011 1200 1126 1262; x_wconf 84' lang='lat' dir='ltr'><strong>zodiaci</strong></span> <span class='ocrx_word' id='word_1_87' title='bbox 1149 1210 1254 1279; x_wconf 86' lang='lat' dir='ltr'><strong>partes</strong></span> <span class='ocrx_word' id='word_1_88' title='bbox 1279 1197 1480 1261; x_wconf 87' lang='lat' dir='ltr'><strong>duodecimae:</strong></span> 
     </span>
     <span class='ocr_line' id='line_1_11' title="bbox 136 1286 1480 1370; baseline -0.005 -18"><span class='ocrx_word' id='word_1_89' title='bbox 136 1309 211 1369; x_wconf 89' lang='lat' dir='ltr'><strong>ergo</strong></span> <span class='ocrx_word' id='word_1_90' title='bbox 237 1292 352 1362; x_wconf 89' lang='lat' dir='ltr'><strong>domus,</strong></span> <span class='ocrx_word' id='word_1_91' title='bbox 377 1308 453 1370; x_wconf 91' lang='lat' dir='ltr'><strong>qnae</strong></span> <span class='ocrx_word' id='word_1_92' title='bbox 478 1295 698 1365; x_wconf 76' lang='lat' dir='ltr'><strong>aurodoqrooov</strong></span> <span class='ocrx_word' id='word_1_93' title='bbox 713 1291 830 1365; x_wconf 91' lang='lat' dir='ltr'><strong>dicitur,</strong></span> <span class='ocrx_word' id='word_1_94' title='bbox 856 1298 904 1351; x_wconf 90' lang='lat' dir='ltr'><strong>est</strong></span> <span class='ocrx_word' id='word_1_95' title='bbox 926 1290 1041 1351; x_wconf 89' lang='lat' dir='ltr'><strong>zodiaci</strong></span> <span class='ocrx_word' id='word_1_96' title='bbox 1056 1307 1127 1368; x_wconf 88' lang='lat' dir='ltr'><strong>pars</strong></span> <span class='ocrx_word' id='word_1_97' title='bbox 1141 1288 1213 1351; x_wconf 83' lang='grc' dir='ltr'><strong>ΧΠ.</strong></span> <span class='ocrx_word' id='word_1_98' title='bbox 1270 1286 1480 1350; x_wconf 87' lang='lat' dir='ltr'><strong>Duodeciuo</strong></span> 
     </span>
     <span class='ocr_line' id='line_1_12' title="bbox 99 1374 1479 1458; baseline -0.006 -17"><span class='ocrx_word' id='word_1_99' title='bbox 99 1381 103 1387; x_wconf 80' lang='grc'><strong>’</strong></span> <span class='ocrx_word' id='word_1_100' title='bbox 135 1380 215 1441; x_wconf 89' lang='lat' dir='ltr'><strong>ratio</strong></span> <span class='ocrx_word' id='word_1_101' title='bbox 246 1378 386 1452; x_wconf 85' lang='lat' dir='ltr'><strong>accedat,</strong></span> <span class='ocrx_word' id='word_1_102' title='bbox 424 1397 490 1438; x_wconf 93' lang='lat' dir='ltr'><strong>cum</strong></span> <span class='ocrx_word' id='word_1_103' title='bbox 515 1379 551 1438; x_wconf 89' lang='lat' dir='ltr'><strong>de</strong></span> <span class='ocrx_word' id='word_1_104' title='bbox 576 1379 636 1439; x_wconf 90' lang='lat' dir='ltr'><strong>situ</strong></span> <span class='ocrx_word' id='word_1_105' title='bbox 666 1379 796 1458; x_wconf 88' lang='lat' dir='ltr'><strong>partium</strong></span> <span class='ocrx_word' id='word_1_106' title='bbox 820 1379 935 1440; x_wconf 88' lang='lat' dir='ltr'><strong>zodiaci</strong></span> <span class='ocrx_word' id='word_1_107' title='bbox 969 1379 1153 1456; x_wconf 89' lang='lat' dir='ltr'><strong>disputatur,</strong></span> <span class='ocrx_word' id='word_1_108' title='bbox 1186 1378 1265 1438; x_wconf 87' lang='lat' dir='ltr'><strong>unde</strong></span> <span class='ocrx_word' id='word_1_109' title='bbox 1300 1376 1363 1437; x_wconf 84' lang='lat' dir='ltr'><strong>illie</strong></span> <span class='ocrx_word' id='word_1_110' title='bbox 1395 1374 1479 1455; x_wconf 88' lang='lat' dir='ltr'><strong>potius</strong></span> 
     </span>
     <span class='ocr_line' id='line_1_13' title="bbox 135 1464 1479 1545; baseline -0.005 -16"><span class='ocrx_word' id='word_1_111' title='bbox 135 1467 278 1545; x_wconf 87' lang='lat' dir='ltr'><strong>incipiat,</strong></span> <span class='ocrx_word' id='word_1_112' title='bbox 314 1486 402 1545; x_wconf 92' lang='lat' dir='ltr'><strong>quam</strong></span> <span class='ocrx_word' id='word_1_113' title='bbox 426 1487 444 1525; x_wconf 90' lang='lat' dir='ltr'><strong>a</strong></span> <span class='ocrx_word' id='word_1_114' title='bbox 467 1476 577 1545; x_wconf 92' lang='lat' dir='ltr'><strong>puncto</strong></span> <span class='ocrx_word' id='word_1_115' title='bbox 610 1467 768 1529; x_wconf 87' lang='lat' dir='ltr'><strong>altissimo.</strong></span> <span class='ocrx_word' id='word_1_116' title='bbox 818 1468 895 1528; x_wconf 90' lang='lat' dir='ltr'><strong>Hinc</strong></span> <span class='ocrx_word' id='word_1_117' title='bbox 918 1467 1112 1529; x_wconf 90' lang='lat' dir='ltr'><strong>Ptolemaeus</strong></span> <span class='ocrx_word' id='word_1_118' title='bbox 1137 1465 1218 1534; x_wconf 88' lang='lat' dir='ltr'><strong>alibi,</strong></span> <span class='ocrx_word' id='word_1_119' title='bbox 1248 1484 1316 1526; x_wconf 89' lang='lat' dir='ltr'><strong>cum</strong></span> <span class='ocrx_word' id='word_1_120' title='bbox 1341 1465 1432 1526; x_wconf 87' lang='lat' dir='ltr'><strong>stiam</strong></span> <span class='ocrx_word' id='word_1_121' title='bbox 1452 1464 1479 1522; x_wconf 89' lang='lat' dir='ltr'><strong>de</strong></span> 
     </span>
     <span class='ocr_line' id='line_1_14' title="bbox 135 1551 1478 1636; baseline -0.004 -18"><span class='ocrx_word' id='word_1_122' title='bbox 135 1576 235 1626; x_wconf 68' lang='lat' dir='ltr'><strong>sonora</strong></span> <span class='ocrx_word' id='word_1_123' title='bbox 259 1551 558 1636; x_wconf 71' lang='grc' dir='ltr'><strong><em>σνσχηματιζομενοις</em></strong></span> <span class='ocrx_word' id='word_1_124' title='bbox 582 1556 661 1636; x_wconf 88' lang='lat' dir='ltr'><strong>agit,</strong></span> <span class='ocrx_word' id='word_1_125' title='bbox 696 1558 831 1635; x_wconf 85' lang='lat' dir='ltr'><strong>appellat</strong></span> <span class='ocrx_word' id='word_1_126' title='bbox 854 1577 905 1618; x_wconf 76' lang='lat' dir='ltr'><strong>zos</strong></span> <span class='ocrx_word' id='word_1_127' title='bbox 935 1577 1009 1617; x_wconf 80' lang='lat' dir='ltr'><strong>rosa</strong></span> <span class='ocrx_word' id='word_1_128' title='bbox 1040 1575 1168 1633; x_wconf 78' lang='lat' dir='ltr'><strong>aopoqrqr</strong></span> <span class='ocrx_word' id='word_1_129' title='bbox 1192 1573 1284 1616; x_wconf 77' lang='lat' dir='ltr'><strong>aanor</strong></span> <span class='ocrx_word' id='word_1_130' title='bbox 1316 1554 1478 1634; x_wconf 84' lang='lat' dir='ltr'><strong>quadratum</strong></span> 
     </span>
     <span class='ocr_line' id='line_1_15' title="bbox 135 1641 1479 1723; baseline -0.006 -17"><span class='ocrx_word' id='word_1_131' title='bbox 135 1646 172 1706; x_wconf 92' lang='lat' dir='ltr'><strong>ab</strong></span> <span class='ocrx_word' id='word_1_132' title='bbox 207 1645 382 1723; x_wconf 90' lang='lat' dir='ltr'><strong>horoscopo.</strong></span> <span class='ocrx_word' id='word_1_133' title='bbox 429 1644 662 1705; x_wconf 90' lang='lat' dir='ltr'><strong>Tredecimo:</strong></span> <span class='ocrx_word' id='word_1_134' title='bbox 698 1666 716 1704; x_wconf 90' lang='lat' dir='ltr'><strong>a</strong></span> <span class='ocrx_word' id='word_1_135' title='bbox 746 1664 819 1706; x_wconf 91' lang='lat' dir='ltr'><strong>voce</strong></span> <span class='ocrx_word' id='word_1_136' title='bbox 848 1645 941 1706; x_wconf 89' lang='lat' dir='ltr'><strong>Medii</strong></span> <span class='ocrx_word' id='word_1_137' title='bbox 962 1642 1057 1706; x_wconf 89' lang='lat' dir='ltr'><strong>Coeli.</strong></span> <span class='ocrx_word' id='word_1_138' title='bbox 1105 1641 1139 1704; x_wconf 86' lang='lat' dir='ltr'><strong>Si</strong></span> <span class='ocrx_word' id='word_1_139' title='bbox 1163 1643 1241 1703; x_wconf 92' lang='lat' dir='ltr'><strong>enim</strong></span> <span class='ocrx_word' id='word_1_140' title='bbox 1274 1643 1417 1705; x_wconf 78' lang='lat' dir='ltr'><strong>zodiacus</strong></span> <span class='ocrx_word' id='word_1_141' title='bbox 1441 1650 1479 1700; x_wconf 88' lang='lat' dir='ltr'><strong>est</strong></span> 
     </span>
     <span class='ocr_line' id='line_1_16' title="bbox 132 1731 1477 1812; baseline -0.005 -17"><span class='ocrx_word' id='word_1_142' title='bbox 132 1734 160 1795; x_wconf 91' lang='lat' dir='ltr'><strong>in</strong></span> <span class='ocrx_word' id='word_1_143' title='bbox 186 1734 289 1794; x_wconf 90' lang='lat' dir='ltr'><strong>domos</strong></span> <span class='ocrx_word' id='word_1_144' title='bbox 314 1732 536 1793; x_wconf 88' lang='lat' dir='ltr'><strong>distribuendus</strong></span> <span class='ocrx_word' id='word_1_145' title='bbox 559 1743 683 1812; x_wconf 90' lang='lat' dir='ltr'><strong>propter</strong></span> <span class='ocrx_word' id='word_1_146' title='bbox 706 1734 895 1812; x_wconf 91' lang='lat' dir='ltr'><strong>planetarum</strong></span> <span class='ocrx_word' id='word_1_147' title='bbox 926 1734 954 1794; x_wconf 92' lang='lat' dir='ltr'><strong>in</strong></span> <span class='ocrx_word' id='word_1_148' title='bbox 980 1750 1015 1792; x_wconf 91' lang='lat' dir='ltr'><strong>eo</strong></span> <span class='ocrx_word' id='word_1_149' title='bbox 1039 1731 1225 1794; x_wconf 83' lang='lat' dir='ltr'><strong>versantium</strong></span> <span class='ocrx_word' id='word_1_150' title='bbox 1249 1739 1355 1792; x_wconf 90' lang='lat' dir='ltr'><strong>status</strong></span> <span class='ocrx_word' id='word_1_151' title='bbox 1379 1748 1477 1809; x_wconf 86' lang='lat' dir='ltr'><strong>expen-</strong></span> 
     </span>
     <span class='ocr_line' id='line_1_17' title="bbox 132 1818 1477 1900; baseline -0.005 -17"><span class='ocrx_word' id='word_1_152' title='bbox 132 1823 256 1896; x_wconf 90' lang='lat' dir='ltr'><strong>dendos,</strong></span> <span class='ocrx_word' id='word_1_153' title='bbox 281 1829 402 1900; x_wconf 86' lang='lat' dir='ltr'><strong>oportet</strong></span> <span class='ocrx_word' id='word_1_154' title='bbox 423 1821 527 1900; x_wconf 89' lang='lat' dir='ltr'><strong>ntique</strong></span> <span class='ocrx_word' id='word_1_155' title='bbox 552 1821 618 1899; x_wconf 90' lang='lat' dir='ltr'><strong>ejus</strong></span> <span class='ocrx_word' id='word_1_156' title='bbox 638 1823 767 1884; x_wconf 89' lang='lat' dir='ltr'><strong>madium</strong></span> <span class='ocrx_word' id='word_1_157' title='bbox 787 1842 844 1883; x_wconf 93' lang='lat' dir='ltr'><strong>non</strong></span> <span class='ocrx_word' id='word_1_158' title='bbox 861 1823 981 1883; x_wconf 90' lang='lat' dir='ltr'><strong>verbale</strong></span> <span class='ocrx_word' id='word_1_159' title='bbox 1001 1839 1070 1882; x_wconf 88' lang='lat' dir='ltr'><strong>esse</strong></span> <span class='ocrx_word' id='word_1_160' title='bbox 1093 1821 1125 1881; x_wconf 91' lang='lat' dir='ltr'><strong>in</strong></span> <span class='ocrx_word' id='word_1_161' title='bbox 1139 1820 1316 1895; x_wconf 86' lang='lat' dir='ltr'><strong>meridiano,</strong></span> <span class='ocrx_word' id='word_1_162' title='bbox 1342 1819 1397 1880; x_wconf 91' lang='lat' dir='ltr'><strong>sed</strong></span> <span class='ocrx_word' id='word_1_163' title='bbox 1411 1818 1477 1879; x_wconf 87' lang='lat' dir='ltr'><strong>realc</strong></span> 
     </span>
     <span class='ocr_line' id='line_1_18' title="bbox 133 1908 722 1989; baseline -0.002 -18"><span class='ocrx_word' id='word_1_164' title='bbox 133 1919 221 1972; x_wconf 83' lang='lat' dir='ltr'><strong>extra</strong></span> <span class='ocrx_word' id='word_1_165' title='bbox 244 1910 440 1971; x_wconf 90' lang='lat' dir='ltr'><strong>meridianum</strong></span> <span class='ocrx_word' id='word_1_166' title='bbox 464 1908 493 1970; x_wconf 92' lang='lat' dir='ltr'><strong>in</strong></span> <span class='ocrx_word' id='word_1_167' title='bbox 518 1910 722 1989; x_wconf 88' lang='lat' dir='ltr'><strong>nonagesimo.</strong></span> 
     </span>
    </p>

    <p class='ocr_par' dir='ltr' id='par_1_3' title="bbox 129 1994 1477 4010">
     <span class='ocr_line' id='line_1_19' title="bbox 223 1994 1475 2080; baseline -0.006 -20"><span class='ocrx_word' id='word_1_168' title='bbox 223 1997 324 2072; x_wconf 90' lang='lat' dir='ltr'><strong>Satis,</strong></span> <span class='ocrx_word' id='word_1_169' title='bbox 359 1999 481 2080; x_wconf 90' lang='lat' dir='ltr'><strong>opinor,</strong></span> <span class='ocrx_word' id='word_1_170' title='bbox 512 1999 635 2060; x_wconf 92' lang='lat' dir='ltr'><strong>obtinui</strong></span> <span class='ocrx_word' id='word_1_171' title='bbox 667 1999 873 2078; x_wconf 81' lang='lat' dir='ltr'><strong>propositnm3</strong></span> <span class='ocrx_word' id='word_1_172' title='bbox 915 2017 991 2058; x_wconf 90' lang='lat' dir='ltr'><strong>nnnc</strong></span> <span class='ocrx_word' id='word_1_173' title='bbox 1025 1997 1182 2058; x_wconf 85' lang='lat' dir='ltr'><strong>audiamus</strong></span> <span class='ocrx_word' id='word_1_174' title='bbox 1215 2013 1306 2074; x_wconf 92' lang='lat' dir='ltr'><strong>porro</strong></span> <span class='ocrx_word' id='word_1_175' title='bbox 1335 1994 1475 2057; x_wconf 86' lang='lat' dir='ltr'><strong>Stadium:</strong></span> 
     </span>
     <span class='ocr_line' id='line_1_20' title="bbox 132 2083 1477 2167; baseline -0.005 -18"><span class='ocrx_word' id='word_1_176' title='bbox 132 2089 366 2161; x_wconf 85' lang='lat' dir='ltr'><strong>„Ptolemaeus,</strong></span> <span class='ocrx_word' id='word_1_177' title='bbox 404 2087 454 2148; x_wconf 92' lang='lat' dir='ltr'><strong>ubi</strong></span> <span class='ocrx_word' id='word_1_178' title='bbox 487 2087 524 2148; x_wconf 89' lang='lat' dir='ltr'><strong>de</strong></span> <span class='ocrx_word' id='word_1_179' title='bbox 556 2088 735 2149; x_wconf 87' lang='lat' dir='ltr'><strong>deductione</strong></span> <span class='ocrx_word' id='word_1_180' title='bbox 767 2096 995 2167; x_wconf 85' lang='lat' dir='ltr'><strong>prorogatornnr</strong></span> <span class='ocrx_word' id='word_1_181' title='bbox 1019 2086 1102 2164; x_wconf 88' lang='lat' dir='ltr'><strong>agit,</strong></span> <span class='ocrx_word' id='word_1_182' title='bbox 1141 2086 1184 2146; x_wconf 90' lang='grc' dir='ltr'><strong>Μ.</strong></span> <span class='ocrx_word' id='word_1_183' title='bbox 1210 2083 1247 2151; x_wconf 81' lang='lat' dir='ltr'><strong>C.</strong></span> <span class='ocrx_word' id='word_1_184' title='bbox 1273 2085 1303 2145; x_wconf 91' lang='lat' dir='ltr'><strong>in</strong></span> <span class='ocrx_word' id='word_1_185' title='bbox 1328 2084 1477 2146; x_wconf 89' lang='lat' dir='ltr'><strong>meridiano</strong></span> 
     </span>
     <span class='ocr_line' id='line_1_21' title="bbox 132 2172 1475 2255; baseline -0.004 -18"><span class='ocrx_word' id='word_1_186' title='bbox 132 2177 325 2238; x_wconf 88' lang='lat' dir='ltr'><strong>coustituit.“</strong></span> <span class='ocrx_word' id='word_1_187' title='bbox 371 2176 431 2237; x_wconf 88' lang='lat' dir='ltr'><strong>Est</strong></span> <span class='ocrx_word' id='word_1_188' title='bbox 452 2194 524 2254; x_wconf 89' lang='lat' dir='ltr'><strong>ergo</strong></span> <span class='ocrx_word' id='word_1_189' title='bbox 550 2177 660 2255; x_wconf 86' lang='lat' dir='ltr'><strong>duplex</strong></span> <span class='ocrx_word' id='word_1_190' title='bbox 684 2177 725 2238; x_wconf 88' lang='lat' dir='ltr'><strong>M.</strong></span> <span class='ocrx_word' id='word_1_191' title='bbox 753 2176 788 2238; x_wconf 88' lang='lat' dir='ltr'><strong>C.</strong></span> <span class='ocrx_word' id='word_1_192' title='bbox 813 2196 868 2255; x_wconf 91' lang='lat' dir='ltr'><strong>pro</strong></span> <span class='ocrx_word' id='word_1_193' title='bbox 892 2174 1003 2254; x_wconf 89' lang='lat' dir='ltr'><strong>duplici</strong></span> <span class='ocrx_word' id='word_1_194' title='bbox 1025 2174 1177 2248; x_wconf 88' lang='lat' dir='ltr'><strong>instituto,</strong></span> <span class='ocrx_word' id='word_1_195' title='bbox 1208 2173 1326 2234; x_wconf 90' lang='lat' dir='ltr'><strong>duobus</strong></span> <span class='ocrx_word' id='word_1_196' title='bbox 1350 2172 1475 2242; x_wconf 85' lang='lat' dir='ltr'><strong>motibus,</strong></span> 
     </span>
     <span class='ocr_line' id='line_1_22' title="bbox 132 2259 1475 2345; baseline -0.004 -20"><span class='ocrx_word' id='word_1_197' title='bbox 132 2266 248 2326; x_wconf 89' lang='lat' dir='ltr'><strong>duobus</strong></span> <span class='ocrx_word' id='word_1_198' title='bbox 272 2265 423 2343; x_wconf 87' lang='lat' dir='ltr'><strong>primariis</strong></span> <span class='ocrx_word' id='word_1_199' title='bbox 447 2264 565 2326; x_wconf 89' lang='lat' dir='ltr'><strong>circulis</strong></span> <span class='ocrx_word' id='word_1_200' title='bbox 589 2283 747 2344; x_wconf 90' lang='lat' dir='ltr'><strong>eorumque</strong></span> <span class='ocrx_word' id='word_1_201' title='bbox 770 2266 859 2345; x_wconf 87' lang='lat' dir='ltr'><strong>polis,</strong></span> <span class='ocrx_word' id='word_1_202' title='bbox 883 2273 915 2326; x_wconf 89' lang='lat' dir='ltr'><strong>et</strong></span> <span class='ocrx_word' id='word_1_203' title='bbox 940 2263 1130 2325; x_wconf 87' lang='lat' dir='ltr'><strong>latitudinum</strong></span> <span class='ocrx_word' id='word_1_204' title='bbox 1153 2261 1409 2342; x_wconf 88' lang='lat' dir='ltr'><strong>verticalibusque</strong></span> <span class='ocrx_word' id='word_1_205' title='bbox 1427 2259 1475 2320; x_wconf 88' lang='lat' dir='ltr'><strong>cir·</strong></span> 
     </span>
     <span class='ocr_line' id='line_1_23' title="bbox 132 2348 1476 2432; baseline -0.006 -18"><span class='ocrx_word' id='word_1_206' title='bbox 132 2354 217 2415; x_wconf 90' lang='lat' dir='ltr'><strong>culis.</strong></span> <span class='ocrx_word' id='word_1_207' title='bbox 263 2352 344 2415; x_wconf 91' lang='lat' dir='ltr'><strong>Nam</strong></span> <span class='ocrx_word' id='word_1_208' title='bbox 372 2354 399 2414; x_wconf 94' lang='lat' dir='ltr'><strong>si</strong></span> <span class='ocrx_word' id='word_1_209' title='bbox 428 2354 465 2414; x_wconf 89' lang='lat' dir='ltr'><strong>de</strong></span> <span class='ocrx_word' id='word_1_210' title='bbox 499 2353 558 2414; x_wconf 87' lang='lat' dir='ltr'><strong>situ</strong></span> <span class='ocrx_word' id='word_1_211' title='bbox 588 2354 704 2432; x_wconf 85' lang='lat' dir='ltr'><strong>agimus</strong></span> <span class='ocrx_word' id='word_1_212' title='bbox 733 2355 865 2429; x_wconf 89' lang='lat' dir='ltr'><strong>zodiaci,</strong></span> <span class='ocrx_word' id='word_1_213' title='bbox 900 2355 943 2415; x_wconf 90' lang='lat' dir='ltr'><strong>M.</strong></span> <span class='ocrx_word' id='word_1_214' title='bbox 970 2351 1005 2415; x_wconf 86' lang='lat' dir='ltr'><strong>O.</strong></span> <span class='ocrx_word' id='word_1_215' title='bbox 1036 2360 1084 2412; x_wconf 88' lang='lat' dir='ltr'><strong>est</strong></span> <span class='ocrx_word' id='word_1_216' title='bbox 1112 2351 1142 2411; x_wconf 93' lang='lat' dir='ltr'><strong>in</strong></span> <span class='ocrx_word' id='word_1_217' title='bbox 1166 2350 1262 2430; x_wconf 89' lang='lat' dir='ltr'><strong>gradu</strong></span> <span class='ocrx_word' id='word_1_218' title='bbox 1287 2348 1476 2428; x_wconf 87' lang='lat' dir='ltr'><strong>nonagesimi;</strong></span> 
     </span>
     <span class='ocr_line' id='line_1_24' title="bbox 133 2438 1475 2521; baseline -0.004 -19"><span class='ocrx_word' id='word_1_219' title='bbox 133 2443 180 2502; x_wconf 93' lang='lat' dir='ltr'><strong>sin</strong></span> <span class='ocrx_word' id='word_1_220' title='bbox 206 2449 306 2503; x_wconf 89' lang='lat' dir='ltr'><strong>autem</strong></span> <span class='ocrx_word' id='word_1_221' title='bbox 331 2443 367 2503; x_wconf 91' lang='lat' dir='ltr'><strong>de</strong></span> <span class='ocrx_word' id='word_1_222' title='bbox 391 2450 474 2503; x_wconf 90' lang='lat' dir='ltr'><strong>motu</strong></span> <span class='ocrx_word' id='word_1_223' title='bbox 497 2442 601 2521; x_wconf 90' lang='lat' dir='ltr'><strong>primo,</strong></span> <span class='ocrx_word' id='word_1_224' title='bbox 627 2452 661 2504; x_wconf 92' lang='lat' dir='ltr'><strong>ut</strong></span> <span class='ocrx_word' id='word_1_225' title='bbox 682 2442 711 2502; x_wconf 92' lang='lat' dir='ltr'><strong>in</strong></span> <span class='ocrx_word' id='word_1_226' title='bbox 737 2443 875 2505; x_wconf 87' lang='lat' dir='ltr'><strong>doctrina</strong></span> <span class='ocrx_word' id='word_1_227' title='bbox 899 2441 1105 2514; x_wconf 88' lang='lat' dir='ltr'><strong>directionum,</strong></span> <span class='ocrx_word' id='word_1_228' title='bbox 1131 2448 1185 2501; x_wconf 91' lang='lat' dir='ltr'><strong>aut</strong></span> <span class='ocrx_word' id='word_1_229' title='bbox 1208 2438 1233 2500; x_wconf 91' lang='lat' dir='ltr'><strong>si</strong></span> <span class='ocrx_word' id='word_1_230' title='bbox 1253 2439 1475 2508; x_wconf 83' lang='lat' dir='ltr'><strong>consideramus,</strong></span> 
     </span>
     <span class='ocr_line' id='line_1_25' title="bbox 134 2526 1473 2612; baseline -0.004 -22"><span class='ocrx_word' id='word_1_231' title='bbox 134 2539 277 2610; x_wconf 89' lang='lat' dir='ltr'><strong>quantum</strong></span> <span class='ocrx_word' id='word_1_232' title='bbox 303 2530 397 2592; x_wconf 87' lang='lat' dir='ltr'><strong>distet</strong></span> <span class='ocrx_word' id='word_1_233' title='bbox 419 2529 491 2605; x_wconf 89' lang='lat' dir='ltr'><strong>Sol,</strong></span> <span class='ocrx_word' id='word_1_234' title='bbox 517 2532 620 2605; x_wconf 90' lang='lat' dir='ltr'><strong>Luna,</strong></span> <span class='ocrx_word' id='word_1_235' title='bbox 644 2531 693 2591; x_wconf 87' lang='lat' dir='ltr'><strong>vel</strong></span> <span class='ocrx_word' id='word_1_236' title='bbox 717 2533 868 2610; x_wconf 86' lang='lat' dir='ltr'><strong>planetae,</strong></span> <span class='ocrx_word' id='word_1_237' title='bbox 893 2531 1009 2591; x_wconf 89' lang='lat' dir='ltr'><strong>ratione</strong></span> <span class='ocrx_word' id='word_1_238' title='bbox 1032 2536 1134 2589; x_wconf 89' lang='lat' dir='ltr'><strong>motus</strong></span> <span class='ocrx_word' id='word_1_239' title='bbox 1157 2527 1244 2607; x_wconf 89' lang='lat' dir='ltr'><strong>primi</strong></span> <span class='ocrx_word' id='word_1_240' title='bbox 1269 2547 1289 2588; x_wconf 92' lang='lat' dir='ltr'><strong>a</strong></span> <span class='ocrx_word' id='word_1_241' title='bbox 1315 2526 1473 2612; x_wconf 84' lang='lat' dir='ltr'><strong>meridiano,</strong></span> 
     </span>
     <span class='ocr_line' id='line_1_26' title="bbox 133 2614 1474 2698; baseline -0.007 -17"><span class='ocrx_word' id='word_1_242' title='bbox 133 2621 170 2681; x_wconf 91' lang='lat' dir='ltr'><strong>ab</strong></span> <span class='ocrx_word' id='word_1_243' title='bbox 196 2638 230 2678; x_wconf 90' lang='lat' dir='ltr'><strong>eo</strong></span> <span class='ocrx_word' id='word_1_244' title='bbox 255 2637 298 2679; x_wconf 86' lang='lat' dir='ltr'><strong>sc.</strong></span> <span class='ocrx_word' id='word_1_245' title='bbox 322 2627 444 2698; x_wconf 90' lang='lat' dir='ltr'><strong>puncto,</strong></span> <span class='ocrx_word' id='word_1_246' title='bbox 469 2620 498 2680; x_wconf 95' lang='lat' dir='ltr'><strong>in</strong></span> <span class='ocrx_word' id='word_1_247' title='bbox 524 2637 580 2698; x_wconf 93' lang='lat' dir='ltr'><strong>quo</strong></span> <span class='ocrx_word' id='word_1_248' title='bbox 606 2620 648 2680; x_wconf 93' lang='lat' dir='ltr'><strong>illi</strong></span> <span class='ocrx_word' id='word_1_249' title='bbox 672 2639 706 2679; x_wconf 93' lang='lat' dir='ltr'><strong>eo</strong></span> <span class='ocrx_word' id='word_1_250' title='bbox 731 2621 779 2680; x_wconf 89' lang='lat' dir='ltr'><strong>die</strong></span> <span class='ocrx_word' id='word_1_251' title='bbox 803 2621 865 2681; x_wconf 88' lang='lat' dir='ltr'><strong>fieri</strong></span> <span class='ocrx_word' id='word_1_252' title='bbox 890 2626 1018 2698; x_wconf 88' lang='lat' dir='ltr'><strong>possunt</strong></span> <span class='ocrx_word' id='word_1_253' title='bbox 1041 2615 1192 2689; x_wconf 87' lang='lat' dir='ltr'><strong>altissimi,</strong></span> <span class='ocrx_word' id='word_1_254' title='bbox 1218 2622 1252 2676; x_wconf 90' lang='lat' dir='ltr'><strong>ut</strong></span> <span class='ocrx_word' id='word_1_255' title='bbox 1277 2616 1311 2676; x_wconf 86' lang='lat' dir='ltr'><strong>fit</strong></span> <span class='ocrx_word' id='word_1_256' title='bbox 1334 2616 1365 2678; x_wconf 93' lang='lat' dir='ltr'><strong>in</strong></span> <span class='ocrx_word' id='word_1_257' title='bbox 1389 2614 1474 2692; x_wconf 87' lang='lat' dir='ltr'><strong>eapite</strong></span> 
     </span>
     <span class='ocr_line' id='line_1_27' title="bbox 132 2703 1476 2785; baseline -0.007 -15"><span class='ocrx_word' id='word_1_258' title='bbox 132 2710 169 2770; x_wconf 90' lang='lat' dir='ltr'><strong>de</strong></span> <span class='ocrx_word' id='word_1_259' title='bbox 193 2707 393 2785; x_wconf 81' lang='lat' dir='ltr'><strong>dignitatibus</strong></span> <span class='ocrx_word' id='word_1_260' title='bbox 417 2717 449 2769; x_wconf 89' lang='lat' dir='ltr'><strong>et</strong></span> <span class='ocrx_word' id='word_1_261' title='bbox 472 2708 561 2769; x_wconf 88' lang='lat' dir='ltr'><strong>alibi:</strong></span> <span class='ocrx_word' id='word_1_262' title='bbox 587 2719 657 2769; x_wconf 89' lang='lat' dir='ltr'><strong>tunc</strong></span> <span class='ocrx_word' id='word_1_263' title='bbox 681 2709 724 2769; x_wconf 91' lang='lat' dir='ltr'><strong>M.</strong></span> <span class='ocrx_word' id='word_1_264' title='bbox 751 2707 786 2770; x_wconf 81' lang='lat'><strong>0.</strong></span> <span class='ocrx_word' id='word_1_265' title='bbox 812 2715 861 2770; x_wconf 89' lang='lat' dir='ltr'><strong>est</strong></span> <span class='ocrx_word' id='word_1_266' title='bbox 885 2709 915 2769; x_wconf 91' lang='lat' dir='ltr'><strong>in</strong></span> <span class='ocrx_word' id='word_1_267' title='bbox 939 2706 1118 2778; x_wconf 87' lang='lat' dir='ltr'><strong>meridiano,</strong></span> <span class='ocrx_word' id='word_1_268' title='bbox 1142 2705 1214 2784; x_wconf 87' lang='lat' dir='ltr'><strong>quia</strong></span> <span class='ocrx_word' id='word_1_269' title='bbox 1236 2722 1273 2765; x_wconf 86' lang='lat' dir='ltr'><strong>eo</strong></span> <span class='ocrx_word' id='word_1_270' title='bbox 1298 2705 1347 2765; x_wconf 88' lang='lat' dir='ltr'><strong>die</strong></span> <span class='ocrx_word' id='word_1_271' title='bbox 1370 2703 1476 2784; x_wconf 81' lang='lat' dir='ltr'><strong>planeta</strong></span> 
     </span>
     <span class='ocr_line' id='line_1_28' title="bbox 131 2789 1474 2876; baseline -0.008 -18"><span class='ocrx_word' id='word_1_272' title='bbox 131 2815 190 2858; x_wconf 90' lang='lat' dir='ltr'><strong>non</strong></span> <span class='ocrx_word' id='word_1_273' title='bbox 215 2796 347 2858; x_wconf 89' lang='lat' dir='ltr'><strong>absolvit</strong></span> <span class='ocrx_word' id='word_1_274' title='bbox 370 2797 544 2870; x_wconf 88' lang='lat' dir='ltr'><strong>zodiacum,</strong></span> <span class='ocrx_word' id='word_1_275' title='bbox 579 2798 633 2858; x_wconf 91' lang='lat' dir='ltr'><strong>sed</strong></span> <span class='ocrx_word' id='word_1_276' title='bbox 662 2798 857 2876; x_wconf 88' lang='lat' dir='ltr'><strong>parallelum,</strong></span> <span class='ocrx_word' id='word_1_277' title='bbox 892 2798 974 2876; x_wconf 92' lang='lat' dir='ltr'><strong>cujus</strong></span> <span class='ocrx_word' id='word_1_278' title='bbox 1007 2803 1150 2874; x_wconf 84' lang='lat' dir='ltr'><strong>punctum</strong></span> <span class='ocrx_word' id='word_1_279' title='bbox 1182 2793 1367 2855; x_wconf 89' lang='lat' dir='ltr'><strong>altissimum</strong></span> <span class='ocrx_word' id='word_1_280' title='bbox 1390 2798 1434 2852; x_wconf 88' lang='lat' dir='ltr'><strong>est</strong></span> <span class='ocrx_word' id='word_1_281' title='bbox 1452 2789 1474 2848; x_wconf 91' lang='lat' dir='ltr'><strong>in</strong></span> 
     </span>
     <span class='ocr_line' id='line_1_29' title="bbox 131 2881 1473 2962; baseline -0.008 -15"><span class='ocrx_word' id='word_1_282' title='bbox 131 2883 305 2947; x_wconf 89' lang='lat' dir='ltr'><strong>meridiano.</strong></span> <span class='ocrx_word' id='word_1_283' title='bbox 354 2884 483 2947; x_wconf 90' lang='lat' dir='ltr'><strong>Secutus</strong></span> <span class='ocrx_word' id='word_1_284' title='bbox 507 2895 556 2947; x_wconf 86' lang='lat' dir='ltr'><strong>cst</strong></span> <span class='ocrx_word' id='word_1_285' title='bbox 579 2887 635 2946; x_wconf 87' lang='lat' dir='ltr'><strong>hoc</strong></span> <span class='ocrx_word' id='word_1_286' title='bbox 660 2884 818 2947; x_wconf 81' lang='lat' dir='ltr'><strong>Cardenus</strong></span> <span class='ocrx_word' id='word_1_287' title='bbox 843 2886 871 2946; x_wconf 94' lang='lat' dir='ltr'><strong>in</strong></span> <span class='ocrx_word' id='word_1_288' title='bbox 896 2884 1032 2946; x_wconf 79' lang='lat' dir='ltr'><strong>carituris</strong></span> <span class='ocrx_word' id='word_1_289' title='bbox 1055 2882 1225 2962; x_wconf 87' lang='lat' dir='ltr'><strong>genesium,</strong></span> <span class='ocrx_word' id='word_1_290' title='bbox 1252 2889 1285 2942; x_wconf 91' lang='lat' dir='ltr'><strong>et</strong></span> <span class='ocrx_word' id='word_1_291' title='bbox 1307 2881 1394 2942; x_wconf 89' lang='lat' dir='ltr'><strong>multi</strong></span> <span class='ocrx_word' id='word_1_292' title='bbox 1416 2890 1473 2938; x_wconf 88' lang='lat' dir='ltr'><strong>aute</strong></span> 
     </span>
     <span class='ocr_line' id='line_1_30' title="bbox 130 2965 1471 3054; baseline -0.004 -19"><span class='ocrx_word' id='word_1_293' title='bbox 130 2993 208 3035; x_wconf 89' lang='lat' dir='ltr'><strong>enm.</strong></span> <span class='ocrx_word' id='word_1_294' title='bbox 255 2973 431 3051; x_wconf 81' lang='lat' dir='ltr'><strong>Exemplum</strong></span> <span class='ocrx_word' id='word_1_295' title='bbox 455 2994 492 3035; x_wconf 81' lang='lat' dir='ltr'><strong>ex</strong></span> <span class='ocrx_word' id='word_1_296' title='bbox 517 2994 583 3035; x_wconf 89' lang='lat' dir='ltr'><strong>mea</strong></span> <span class='ocrx_word' id='word_1_297' title='bbox 597 2974 723 3054; x_wconf 88' lang='lat' dir='ltr'><strong>genesi:</strong></span> <span class='ocrx_word' id='word_1_298' title='bbox 747 2993 804 3035; x_wconf 91' lang='lat' dir='ltr'><strong>non</strong></span> <span class='ocrx_word' id='word_1_299' title='bbox 829 2982 877 3034; x_wconf 91' lang='lat' dir='ltr'><strong>est</strong></span> <span class='ocrx_word' id='word_1_300' title='bbox 901 2975 990 3035; x_wconf 87' lang='lat' dir='ltr'><strong>altior</strong></span> <span class='ocrx_word' id='word_1_301' title='bbox 1013 2973 1125 3052; x_wconf 85' lang='lat' dir='ltr'><strong>gradus</strong></span> <span class='ocrx_word' id='word_1_302' title='bbox 1139 2969 1256 3032; x_wconf 87' lang='lat' dir='ltr'><strong>zodiaci</strong></span> <span class='ocrx_word' id='word_1_303' title='bbox 1274 2989 1364 3050; x_wconf 89' lang='lat' dir='ltr'><strong>qnam</strong></span> <span class='ocrx_word' id='word_1_304' title='bbox 1379 2965 1471 3037; x_wconf 65' lang='lat' dir='ltr'><strong>tuba,</strong></span> 
     </span>
     <span class='ocr_line' id='line_1_31' title="bbox 131 3051 1473 3142; baseline -0.005 -20"><span class='ocrx_word' id='word_1_305' title='bbox 131 3062 201 3142; x_wconf 91' lang='lat' dir='ltr'><strong>quia</strong></span> <span class='ocrx_word' id='word_1_306' title='bbox 224 3061 317 3123; x_wconf 92' lang='lat' dir='ltr'><strong>oritur</strong></span> <span class='ocrx_word' id='word_1_307' title='bbox 341 3057 453 3135; x_wconf 74' lang='lat'>25011.</span> <span class='ocrx_word' id='word_1_308' title='bbox 502 3065 545 3124; x_wconf 84' lang='lat' dir='ltr'><strong>At</strong></span> <span class='ocrx_word' id='word_1_309' title='bbox 569 3064 680 3141; x_wconf 85' lang='lat' dir='ltr'><strong>gradus</strong></span> <span class='ocrx_word' id='word_1_310' title='bbox 704 3063 746 3124; x_wconf 88' lang='lat' dir='ltr'><strong>M.</strong></span> <span class='ocrx_word' id='word_1_311' title='bbox 773 3061 807 3124; x_wconf 84' lang='lat' dir='ltr'><strong>O.</strong></span> <span class='ocrx_word' id='word_1_312' title='bbox 843 3062 1001 3130; x_wconf 83' lang='lat' dir='ltr'><strong>(Cardauo</strong></span> <span class='ocrx_word' id='word_1_313' title='bbox 1025 3060 1135 3123; x_wconf 91' lang='lat' dir='ltr'><strong>dicitur</strong></span> <span class='ocrx_word' id='word_1_314' title='bbox 1158 3077 1219 3119; x_wconf 89' lang='lat' dir='ltr'><strong>cor</strong></span> <span class='ocrx_word' id='word_1_315' title='bbox 1241 3058 1338 3125; x_wconf 88' lang='lat' dir='ltr'><strong>coeli)</strong></span> <span class='ocrx_word' id='word_1_316' title='bbox 1366 3051 1473 3118; x_wconf 54' lang='lat'><strong>22⁰2</strong></span> 
     </span>
     <span class='ocr_line' id='line_1_32' title="bbox 131 3143 1472 3231; baseline -0.006 -20"><span class='ocrx_word' id='word_1_317' title='bbox 131 3151 208 3211; x_wconf 85' lang='lat' dir='ltr'><strong>satis</strong></span> <span class='ocrx_word' id='word_1_318' title='bbox 232 3168 340 3229; x_wconf 90' lang='lat' dir='ltr'><strong>magno</strong></span> <span class='ocrx_word' id='word_1_319' title='bbox 366 3170 436 3212; x_wconf 85' lang='lat' dir='ltr'><strong>arcu</strong></span> <span class='ocrx_word' id='word_1_320' title='bbox 461 3160 510 3212; x_wconf 88' lang='lat' dir='ltr'><strong>est</strong></span> <span class='ocrx_word' id='word_1_321' title='bbox 533 3151 684 3220; x_wconf 90' lang='lat' dir='ltr'><strong>humilior,</strong></span> <span class='ocrx_word' id='word_1_322' title='bbox 718 3149 939 3231; x_wconf 70' lang='lat' dir='ltr'><strong>qua1n25⁰&gt;(.</strong></span> <span class='ocrx_word' id='word_1_323' title='bbox 987 3149 1041 3211; x_wconf 91' lang='lat' dir='ltr'><strong>Sol</strong></span> <span class='ocrx_word' id='word_1_324' title='bbox 1066 3146 1189 3209; x_wconf 89' lang='lat' dir='ltr'><strong>veroin</strong></span> <span class='ocrx_word' id='word_1_325' title='bbox 1218 3143 1321 3223; x_wconf 64' lang='lat'><strong>15⁰5</strong></span> <span class='ocrx_word' id='word_1_326' title='bbox 1345 3146 1373 3207; x_wconf 93' lang='lat' dir='ltr'><strong>in</strong></span> <span class='ocrx_word' id='word_1_327' title='bbox 1395 3143 1472 3205; x_wconf 87' lang='lat' dir='ltr'><strong>meri-</strong></span> 
     </span>
     <span class='ocr_line' id='line_1_33' title="bbox 131 3232 1472 3319; baseline -0.006 -20"><span class='ocrx_word' id='word_1_328' title='bbox 131 3239 221 3299; x_wconf 90' lang='lat' dir='ltr'><strong>diano</strong></span> <span class='ocrx_word' id='word_1_329' title='bbox 246 3239 365 3317; x_wconf 91' lang='lat' dir='ltr'><strong>quidem</strong></span> <span class='ocrx_word' id='word_1_330' title='bbox 389 3240 424 3300; x_wconf 88' lang='lat' dir='ltr'><strong>fit</strong></span> <span class='ocrx_word' id='word_1_331' title='bbox 447 3239 630 3314; x_wconf 89' lang='lat' dir='ltr'><strong>altissimus,</strong></span> <span class='ocrx_word' id='word_1_332' title='bbox 657 3252 690 3300; x_wconf 90' lang='lat' dir='ltr'><strong>at</strong></span> <span class='ocrx_word' id='word_1_333' title='bbox 713 3261 749 3301; x_wconf 91' lang='lat' dir='ltr'><strong>ne</strong></span> <span class='ocrx_word' id='word_1_334' title='bbox 774 3240 851 3300; x_wconf 89' lang='lat' dir='ltr'><strong>hano</strong></span> <span class='ocrx_word' id='word_1_335' title='bbox 876 3239 994 3319; x_wconf 91' lang='lat' dir='ltr'><strong>quidem</strong></span> <span class='ocrx_word' id='word_1_336' title='bbox 1019 3258 1053 3299; x_wconf 87' lang='lat' dir='ltr'><strong>eo</strong></span> <span class='ocrx_word' id='word_1_337' title='bbox 1078 3238 1125 3299; x_wconf 88' lang='lat' dir='ltr'><strong>dia</strong></span> <span class='ocrx_word' id='word_1_338' title='bbox 1149 3235 1325 3315; x_wconf 86' lang='lat' dir='ltr'><strong>assequitur</strong></span> <span class='ocrx_word' id='word_1_339' title='bbox 1349 3232 1472 3295; x_wconf 86' lang='lat' dir='ltr'><strong>altitudi-</strong></span> 
     </span>
     <span class='ocr_line' id='line_1_34' title="bbox 131 3315 1474 3406; baseline -0.006 -20"><span class='ocrx_word' id='word_1_340' title='bbox 131 3345 209 3400; x_wconf 86' lang='lat' dir='ltr'><strong>nem,</strong></span> <span class='ocrx_word' id='word_1_341' title='bbox 236 3345 323 3405; x_wconf 90' lang='lat' dir='ltr'><strong>quam</strong></span> <span class='ocrx_word' id='word_1_342' title='bbox 348 3328 440 3388; x_wconf 92' lang='lat' dir='ltr'><strong>habet</strong></span> <span class='ocrx_word' id='word_1_343' title='bbox 464 3324 593 3400; x_wconf 44' lang='lat'><strong>22⁰&amp;</strong></span> <span class='ocrx_word' id='word_1_344' title='bbox 618 3330 671 3389; x_wconf 92' lang='lat' dir='ltr'><strong>sed</strong></span> <span class='ocrx_word' id='word_1_345' title='bbox 696 3330 790 3390; x_wconf 91' lang='lat' dir='ltr'><strong>multo</strong></span> <span class='ocrx_word' id='word_1_346' title='bbox 814 3328 968 3389; x_wconf 87' lang='lat' dir='ltr'><strong>minorem.</strong></span> <span class='ocrx_word' id='word_1_347' title='bbox 1016 3328 1123 3406; x_wconf 88' lang='lat' dir='ltr'><strong>ltaque</strong></span> <span class='ocrx_word' id='word_1_348' title='bbox 1148 3324 1266 3385; x_wconf 88' lang='lat' dir='ltr'><strong>ratione</strong></span> <span class='ocrx_word' id='word_1_349' title='bbox 1281 3324 1360 3386; x_wconf 89' lang='lat' dir='ltr'><strong>situs</strong></span> <span class='ocrx_word' id='word_1_350' title='bbox 1375 3315 1474 3385; x_wconf 59' lang='lat' dir='ltr'><strong>22·ae</strong></span> 
     </span>
     <span class='ocr_line' id='line_1_35' title="bbox 132 3411 1474 3495; baseline -0.005 -21"><span class='ocrx_word' id='word_1_351' title='bbox 132 3415 245 3476; x_wconf 85' lang='lat' dir='ltr'><strong>nnllam</strong></span> <span class='ocrx_word' id='word_1_352' title='bbox 269 3416 363 3476; x_wconf 90' lang='lat' dir='ltr'><strong>habet</strong></span> <span class='ocrx_word' id='word_1_353' title='bbox 386 3416 561 3491; x_wconf 80' lang='lat' dir='ltr'><strong>efficaciam,</strong></span> <span class='ocrx_word' id='word_1_354' title='bbox 588 3427 619 3478; x_wconf 92' lang='lat' dir='ltr'><strong>nt</strong></span> <span class='ocrx_word' id='word_1_355' title='bbox 643 3417 734 3478; x_wconf 87' lang='lat' dir='ltr'><strong>habet</strong></span> <span class='ocrx_word' id='word_1_356' title='bbox 757 3437 899 3495; x_wconf 88' lang='lat' dir='ltr'><strong>magnam</strong></span> <span class='ocrx_word' id='word_1_357' title='bbox 923 3416 1040 3477; x_wconf 90' lang='lat' dir='ltr'><strong>ratione</strong></span> <span class='ocrx_word' id='word_1_358' title='bbox 1066 3422 1173 3475; x_wconf 91' lang='lat' dir='ltr'><strong>motus.</strong></span> <span class='ocrx_word' id='word_1_359' title='bbox 1222 3411 1264 3475; x_wconf 85' lang='lat' dir='ltr'><strong>Et</strong></span> <span class='ocrx_word' id='word_1_360' title='bbox 1286 3420 1378 3484; x_wconf 84' lang='lat' dir='ltr'><strong>uota,</strong></span> <span class='ocrx_word' id='word_1_361' title='bbox 1400 3415 1430 3471; x_wconf 85' lang='lat' dir='ltr'><strong>ut</strong></span> <span class='ocrx_word' id='word_1_362' title='bbox 1448 3424 1474 3467; x_wconf 83' lang='lat' dir='ltr'><strong>se</strong></span> 
     </span>
     <span class='ocr_line' id='line_1_36' title="bbox 130 3500 1473 3584; baseline -0.009 -20"><span class='ocrx_word' id='word_1_363' title='bbox 130 3504 223 3564; x_wconf 90' lang='lat' dir='ltr'><strong>habet</strong></span> <span class='ocrx_word' id='word_1_364' title='bbox 247 3505 323 3565; x_wconf 90' lang='lat' dir='ltr'><strong>situs</strong></span> <span class='ocrx_word' id='word_1_365' title='bbox 348 3506 385 3566; x_wconf 90' lang='lat' dir='ltr'><strong>ad</strong></span> <span class='ocrx_word' id='word_1_366' title='bbox 410 3524 536 3584; x_wconf 90' lang='lat' dir='ltr'><strong>corpus,</strong></span> <span class='ocrx_word' id='word_1_367' title='bbox 572 3505 615 3567; x_wconf 88' lang='lat' dir='ltr'><strong>sio</strong></span> <span class='ocrx_word' id='word_1_368' title='bbox 644 3526 677 3566; x_wconf 92' lang='lat' dir='ltr'><strong>se</strong></span> <span class='ocrx_word' id='word_1_369' title='bbox 707 3507 798 3567; x_wconf 91' lang='lat' dir='ltr'><strong>habet</strong></span> <span class='ocrx_word' id='word_1_370' title='bbox 822 3515 934 3578; x_wconf 88' lang='lat' dir='ltr'><strong>motus,</strong></span> <span class='ocrx_word' id='word_1_371' title='bbox 970 3505 1007 3564; x_wconf 88' lang='lat' dir='ltr'><strong>ad</strong></span> <span class='ocrx_word' id='word_1_372' title='bbox 1037 3504 1140 3564; x_wconf 88' lang='lat' dir='ltr'><strong>vitam.</strong></span> <span class='ocrx_word' id='word_1_373' title='bbox 1186 3501 1221 3562; x_wconf 89' lang='lat' dir='ltr'><strong>ln</strong></span> <span class='ocrx_word' id='word_1_374' title='bbox 1245 3500 1473 3562; x_wconf 84' lang='lat' dir='ltr'><strong>consideratione</strong></span> 
     </span>
     <span class='ocr_line' id='line_1_37' title="bbox 129 3586 1473 3674; baseline -0.008 -21"><span class='ocrx_word' id='word_1_375' title='bbox 129 3592 221 3673; x_wconf 90' lang='lat' dir='ltr'><strong>igitur</strong></span> <span class='ocrx_word' id='word_1_376' title='bbox 247 3594 380 3672; x_wconf 87' lang='lat' dir='ltr'><strong>corporis</strong></span> <span class='ocrx_word' id='word_1_377' title='bbox 404 3604 436 3654; x_wconf 90' lang='lat' dir='ltr'><strong>et</strong></span> <span class='ocrx_word' id='word_1_378' title='bbox 460 3613 535 3674; x_wconf 92' lang='lat' dir='ltr'><strong>quae</strong></span> <span class='ocrx_word' id='word_1_379' title='bbox 559 3595 725 3655; x_wconf 88' lang='lat' dir='ltr'><strong>adhaerent</strong></span> <span class='ocrx_word' id='word_1_380' title='bbox 747 3613 801 3673; x_wconf 94' lang='lat' dir='ltr'><strong>pro</strong></span> <span class='ocrx_word' id='word_1_381' title='bbox 825 3595 868 3655; x_wconf 91' lang='lat' dir='ltr'><strong>M.</strong></span> <span class='ocrx_word' id='word_1_382' title='bbox 895 3592 930 3655; x_wconf 87' lang='lat' dir='ltr'><strong>G.</strong></span> <span class='ocrx_word' id='word_1_383' title='bbox 956 3593 1168 3671; x_wconf 87' lang='lat' dir='ltr'><strong>nonagesimus</strong></span> <span class='ocrx_word' id='word_1_384' title='bbox 1183 3598 1232 3650; x_wconf 90' lang='lat' dir='ltr'><strong>est</strong></span> <span class='ocrx_word' id='word_1_385' title='bbox 1250 3586 1473 3651; x_wconf 86' lang='lat' dir='ltr'><strong>considerandus</strong></span> 
     </span>
     <span class='ocr_line' id='line_1_38' title="bbox 130 3676 1472 3760; baseline -0.007 -18"><span class='ocrx_word' id='word_1_386' title='bbox 130 3680 240 3760; x_wconf 89' lang='lat' dir='ltr'><strong>magis:</strong></span> <span class='ocrx_word' id='word_1_387' title='bbox 266 3694 299 3744; x_wconf 89' lang='lat' dir='ltr'><strong>at</strong></span> <span class='ocrx_word' id='word_1_388' title='bbox 323 3683 351 3744; x_wconf 93' lang='lat' dir='ltr'><strong>iu</strong></span> <span class='ocrx_word' id='word_1_389' title='bbox 376 3683 616 3744; x_wconf 88' lang='lat' dir='ltr'><strong>consideratione</strong></span> <span class='ocrx_word' id='word_1_390' title='bbox 640 3685 736 3756; x_wconf 90' lang='lat' dir='ltr'><strong>vitae,</strong></span> <span class='ocrx_word' id='word_1_391' title='bbox 763 3685 790 3745; x_wconf 93' lang='lat' dir='ltr'><strong>h.</strong></span> <span class='ocrx_word' id='word_1_392' title='bbox 817 3703 843 3744; x_wconf 88' lang='lat' dir='ltr'><strong>e.</strong></span> <span class='ocrx_word' id='word_1_393' title='bbox 868 3683 1021 3743; x_wconf 90' lang='lat' dir='ltr'><strong>actionum</strong></span> <span class='ocrx_word' id='word_1_394' title='bbox 1038 3679 1188 3750; x_wconf 86' lang='lat' dir='ltr'><strong>hominis,</strong></span> <span class='ocrx_word' id='word_1_395' title='bbox 1213 3686 1245 3738; x_wconf 90' lang='lat' dir='ltr'><strong>et</strong></span> <span class='ocrx_word' id='word_1_396' title='bbox 1268 3696 1348 3757; x_wconf 87' lang='lat' dir='ltr'><strong>quae</strong></span> <span class='ocrx_word' id='word_1_397' title='bbox 1371 3676 1472 3739; x_wconf 87' lang='lat' dir='ltr'><strong>adbae-</strong></span> 
     </span>
     <span class='ocr_line' id='line_1_39' title="bbox 129 3762 1473 3852; baseline -0.007 -20"><span class='ocrx_word' id='word_1_398' title='bbox 129 3779 210 3844; x_wconf 88' lang='lat' dir='ltr'><strong>rent,</strong></span> <span class='ocrx_word' id='word_1_399' title='bbox 236 3780 270 3831; x_wconf 92' lang='lat' dir='ltr'><strong>ut</strong></span> <span class='ocrx_word' id='word_1_400' title='bbox 293 3782 324 3832; x_wconf 90' lang='lat' dir='ltr'><strong>et</strong></span> <span class='ocrx_word' id='word_1_401' title='bbox 346 3772 376 3832; x_wconf 95' lang='lat' dir='ltr'><strong>in</strong></span> <span class='ocrx_word' id='word_1_402' title='bbox 402 3773 641 3843; x_wconf 79' lang='lat' dir='ltr'><strong>directionibus,</strong></span> <span class='ocrx_word' id='word_1_403' title='bbox 664 3772 783 3832; x_wconf 92' lang='lat' dir='ltr'><strong>omuino</strong></span> <span class='ocrx_word' id='word_1_404' title='bbox 807 3772 975 3852; x_wconf 85' lang='lat' dir='ltr'><strong>praepollet</strong></span> <span class='ocrx_word' id='word_1_405' title='bbox 1000 3771 1041 3831; x_wconf 93' lang='grc' dir='ltr'><strong>Μ.</strong></span> <span class='ocrx_word' id='word_1_406' title='bbox 1068 3767 1104 3830; x_wconf 85' lang='lat' dir='ltr'><strong>G.</strong></span> <span class='ocrx_word' id='word_1_407' title='bbox 1129 3767 1159 3828; x_wconf 92' lang='lat' dir='ltr'><strong>in</strong></span> <span class='ocrx_word' id='word_1_408' title='bbox 1184 3766 1362 3828; x_wconf 88' lang='lat' dir='ltr'><strong>meridiano.</strong></span> <span class='ocrx_word' id='word_1_409' title='bbox 1407 3762 1473 3826; x_wconf 83' lang='lat' dir='ltr'><strong>Dili·</strong></span> 
     </span>
     <span class='ocr_line' id='line_1_40' title="bbox 130 3854 1472 3940; baseline 0.003 -24"><span class='ocrx_word' id='word_1_410' title='bbox 130 3869 238 3938; x_wconf 85' lang='lat' dir='ltr'><strong>genter</strong></span> <span class='ocrx_word' id='word_1_411' title='bbox 261 3861 352 3938; x_wconf 88' lang='lat' dir='ltr'><strong>igitur</strong></span> <span class='ocrx_word' id='word_1_412' title='bbox 376 3861 625 3922; x_wconf 89' lang='lat' dir='ltr'><strong>considerandum</strong></span> <span class='ocrx_word' id='word_1_413' title='bbox 651 3862 738 3940; x_wconf 88' lang='lat' dir='ltr'><strong>qualo</strong></span> <span class='ocrx_word' id='word_1_414' title='bbox 763 3862 805 3922; x_wconf 92' lang='lat' dir='ltr'><strong>M.</strong></span> <span class='ocrx_word' id='word_1_415' title='bbox 832 3859 867 3922; x_wconf 86' lang='lat' dir='ltr'><strong>O.</strong></span> <span class='ocrx_word' id='word_1_416' title='bbox 894 3858 1000 3940; x_wconf 91' lang='lat' dir='ltr'><strong>quovis</strong></span> <span class='ocrx_word' id='word_1_417' title='bbox 1015 3854 1183 3919; x_wconf 88' lang='lat' dir='ltr'><strong>Ptolemaei</strong></span> <span class='ocrx_word' id='word_1_418' title='bbox 1207 3856 1273 3916; x_wconf 89' lang='lat' dir='ltr'><strong>loco</strong></span> <span class='ocrx_word' id='word_1_419' title='bbox 1298 3854 1472 3919; x_wconf 71' lang='lat' dir='ltr'><strong>adhibeatur,</strong></span> 
     </span>
     <span class='ocr_line' id='line_1_41' title="bbox 131 3948 709 4010; baseline 0.005 -5"><span class='ocrx_word' id='word_1_420' title='bbox 131 3953 163 4006; x_wconf 89' lang='lat' dir='ltr'><strong>et</strong></span> <span class='ocrx_word' id='word_1_421' title='bbox 187 3948 308 4008; x_wconf 89' lang='lat' dir='ltr'><strong>sublata</strong></span> <span class='ocrx_word' id='word_1_422' title='bbox 333 3949 389 4010; x_wconf 91' lang='lat' dir='ltr'><strong>erit</strong></span> <span class='ocrx_word' id='word_1_423' title='bbox 413 3951 507 4010; x_wconf 90' lang='lat' dir='ltr'><strong>omnis</strong></span> <span class='ocrx_word' id='word_1_424' title='bbox 532 3950 709 4010; x_wconf 66' lang='lat' dir='ltr'><strong>difficultas</strong></span> 
     </span>
    </p>

    <p class='ocr_par' dir='ltr' id='par_1_4' title="bbox 131 4027 1476 4559">
     <span class='ocr_line' id='line_1_42' title="bbox 221 4027 1475 4114; baseline -0.011 -18"><span class='ocrx_word' id='word_1_425' title='bbox 221 4036 327 4114; x_wconf 87' lang='lat' dir='ltr'><strong>Pergit</strong></span> <span class='ocrx_word' id='word_1_426' title='bbox 351 4035 491 4098; x_wconf 85' lang='lat' dir='ltr'><strong>Stadios:</strong></span> <span class='ocrx_word' id='word_1_427' title='bbox 527 4038 709 4099; x_wconf 90' lang='lat' dir='ltr'><strong>meridianus</strong></span> <span class='ocrx_word' id='word_1_428' title='bbox 735 4037 772 4097; x_wconf 90' lang='lat' dir='ltr'><strong>ab</strong></span> <span class='ocrx_word' id='word_1_429' title='bbox 797 4035 951 4097; x_wconf 88' lang='lat' dir='ltr'><strong>horizonta</strong></span> <span class='ocrx_word' id='word_1_430' title='bbox 980 4052 1100 4110; x_wconf 90' lang='lat' dir='ltr'><strong>semper</strong></span> <span class='ocrx_word' id='word_1_431' title='bbox 1128 4051 1182 4092; x_wconf 85' lang='lat' dir='ltr'><strong>sex</strong></span> <span class='ocrx_word' id='word_1_432' title='bbox 1204 4031 1290 4092; x_wconf 88' lang='lat' dir='ltr'><strong>horis</strong></span> <span class='ocrx_word' id='word_1_433' title='bbox 1314 4027 1475 4110; x_wconf 81' lang='lat' dir='ltr'><strong>aequalibus</strong></span> 
     </span>
     <span class='ocr_line' id='line_1_43' title="bbox 132 4120 1473 4199; baseline -0.006 -17"><span class='ocrx_word' id='word_1_434' title='bbox 132 4122 237 4193; x_wconf 79' lang='lat' dir='ltr'><strong>distat,</strong></span> <span class='ocrx_word' id='word_1_435' title='bbox 261 4135 294 4185; x_wconf 87' lang='lat' dir='ltr'><strong>ut</strong></span> <span class='ocrx_word' id='word_1_436' title='bbox 318 4125 408 4185; x_wconf 91' lang='lat' dir='ltr'><strong>docet</strong></span> <span class='ocrx_word' id='word_1_437' title='bbox 429 4126 657 4187; x_wconf 88' lang='lat' dir='ltr'><strong>Ptolemaeus.“</strong></span> <span class='ocrx_word' id='word_1_438' title='bbox 704 4128 748 4186; x_wconf 87' lang='lat' dir='ltr'><strong>At</strong></span> <span class='ocrx_word' id='word_1_439' title='bbox 771 4126 855 4192; x_wconf 84' lang='lat' dir='ltr'><strong>haec,</strong></span> <span class='ocrx_word' id='word_1_440' title='bbox 881 4143 898 4184; x_wconf 95' lang='lat' dir='ltr'><strong>o</strong></span> <span class='ocrx_word' id='word_1_441' title='bbox 920 4122 1018 4195; x_wconf 90' lang='lat' dir='ltr'><strong>Stadi,</strong></span> <span class='ocrx_word' id='word_1_442' title='bbox 1044 4120 1221 4199; x_wconf 75' lang='lat' dir='ltr'><strong>daupuloyia</strong></span> <span class='ocrx_word' id='word_1_443' title='bbox 1245 4128 1304 4190; x_wconf 87' lang='lat' dir='ltr'><strong>est,</strong></span> <span class='ocrx_word' id='word_1_444' title='bbox 1329 4137 1387 4180; x_wconf 92' lang='lat' dir='ltr'><strong>non</strong></span> <span class='ocrx_word' id='word_1_445' title='bbox 1401 4133 1473 4179; x_wconf 87' lang='lat' dir='ltr'><strong>usur·</strong></span> 
     </span>
     <span class='ocr_line' id='line_1_44' title="bbox 132 4207 1474 4289; baseline -0.008 -17"><span class='ocrx_word' id='word_1_446' title='bbox 132 4222 208 4289; x_wconf 90' lang='lat' dir='ltr'><strong>pata</strong></span> <span class='ocrx_word' id='word_1_447' title='bbox 232 4233 250 4272; x_wconf 92' lang='lat' dir='ltr'><strong>a</strong></span> <span class='ocrx_word' id='word_1_448' title='bbox 273 4213 449 4274; x_wconf 88' lang='lat' dir='ltr'><strong>Ptolomaeo</strong></span> <span class='ocrx_word' id='word_1_449' title='bbox 475 4215 630 4276; x_wconf 85' lang='lat' dir='ltr'><strong>hocloco.</strong></span> <span class='ocrx_word' id='word_1_450' title='bbox 668 4215 767 4276; x_wconf 89' lang='lat' dir='ltr'><strong>Nullis</strong></span> <span class='ocrx_word' id='word_1_451' title='bbox 792 4214 873 4274; x_wconf 88' lang='lat' dir='ltr'><strong>horis</strong></span> <span class='ocrx_word' id='word_1_452' title='bbox 898 4213 1014 4274; x_wconf 88' lang='lat' dir='ltr'><strong>distant</strong></span> <span class='ocrx_word' id='word_1_453' title='bbox 1037 4211 1067 4272; x_wconf 95' lang='lat' dir='ltr'><strong>hi</strong></span> <span class='ocrx_word' id='word_1_454' title='bbox 1082 4209 1195 4278; x_wconf 87' lang='lat' dir='ltr'><strong>circuli,</strong></span> <span class='ocrx_word' id='word_1_455' title='bbox 1220 4207 1277 4268; x_wconf 89' lang='lat' dir='ltr'><strong>sed</strong></span> <span class='ocrx_word' id='word_1_456' title='bbox 1299 4207 1388 4269; x_wconf 91' lang='lat' dir='ltr'><strong>simul</strong></span> <span class='ocrx_word' id='word_1_457' title='bbox 1409 4209 1474 4265; x_wconf 86' lang='lat' dir='ltr'><strong>sunt</strong></span> 
     </span>
     <span class='ocr_line' id='line_1_45' title="bbox 131 4290 1475 4378; baseline -0.005 -17"><span class='ocrx_word' id='word_1_458' title='bbox 131 4300 262 4362; x_wconf 87' lang='lat' dir='ltr'><strong>Planeta</strong></span> <span class='ocrx_word' id='word_1_459' title='bbox 296 4320 366 4362; x_wconf 84' lang='lat' dir='ltr'><strong>vero</strong></span> <span class='ocrx_word' id='word_1_460' title='bbox 399 4320 465 4363; x_wconf 90' lang='lat' dir='ltr'><strong>cum</strong></span> <span class='ocrx_word' id='word_1_461' title='bbox 499 4311 548 4363; x_wconf 88' lang='lat' dir='ltr'><strong>est</strong></span> <span class='ocrx_word' id='word_1_462' title='bbox 579 4303 608 4363; x_wconf 92' lang='lat' dir='ltr'><strong>in</strong></span> <span class='ocrx_word' id='word_1_463' title='bbox 641 4302 813 4369; x_wconf 88' lang='lat' dir='ltr'><strong>horizonte,</strong></span> <span class='ocrx_word' id='word_1_464' title='bbox 847 4301 935 4362; x_wconf 90' lang='lat' dir='ltr'><strong>abest</strong></span> <span class='ocrx_word' id='word_1_465' title='bbox 969 4323 988 4362; x_wconf 91' lang='lat' dir='ltr'><strong>a</strong></span> <span class='ocrx_word' id='word_1_466' title='bbox 1017 4299 1183 4360; x_wconf 88' lang='lat' dir='ltr'><strong>meridiano</strong></span> <span class='ocrx_word' id='word_1_467' title='bbox 1212 4314 1335 4376; x_wconf 87' lang='lat' dir='ltr'><strong>semper</strong></span> <span class='ocrx_word' id='word_1_468' title='bbox 1368 4290 1475 4378; x_wconf 69' lang='lat' dir='ltr'><strong>(ihods</strong></span> 
     </span>
     <span class='ocr_line' id='line_1_46' title="bbox 131 4384 1476 4470; baseline -0.003 -21"><span class='ocrx_word' id='word_1_469' title='bbox 131 4409 188 4450; x_wconf 94' lang='lat' dir='ltr'><strong>non</strong></span> <span class='ocrx_word' id='word_1_470' title='bbox 205 4390 383 4470; x_wconf 89' lang='lat' dir='ltr'><strong>aequalibus</strong></span> <span class='ocrx_word' id='word_1_471' title='bbox 399 4410 518 4470; x_wconf 88' lang='lat' dir='ltr'><strong>semper</strong></span> <span class='ocrx_word' id='word_1_472' title='bbox 537 4400 568 4451; x_wconf 91' lang='lat' dir='ltr'><strong>et</strong></span> <span class='ocrx_word' id='word_1_473' title='bbox 583 4391 719 4452; x_wconf 90' lang='lat' dir='ltr'><strong>omnibus</strong></span> <span class='ocrx_word' id='word_1_474' title='bbox 744 4392 859 4463; x_wconf 90' lang='lat' dir='ltr'><strong>diebos,</strong></span> <span class='ocrx_word' id='word_1_475' title='bbox 885 4392 938 4451; x_wconf 92' lang='lat' dir='ltr'><strong>sed</strong></span> <span class='ocrx_word' id='word_1_476' title='bbox 963 4387 1180 4468; x_wconf 86' lang='lat' dir='ltr'><strong>temporalibus</strong></span> <span class='ocrx_word' id='word_1_477' title='bbox 1204 4384 1415 4465; x_wconf 83' lang='lat' dir='ltr'><strong>inaequalibus</strong></span> <span class='ocrx_word' id='word_1_478' title='bbox 1432 4396 1476 4461; x_wconf 74' lang='lat' dir='ltr'><strong>ptr</strong></span> 
     </span>
     <span class='ocr_line' id='line_1_47' title="bbox 131 4473 1349 4559; baseline -0.003 -19"><span class='ocrx_word' id='word_1_479' title='bbox 131 4479 196 4540; x_wconf 91' lang='lat' dir='ltr'><strong>dies</strong></span> <span class='ocrx_word' id='word_1_480' title='bbox 220 4481 367 4551; x_wconf 84' lang='lat' dir='ltr'><strong>diversos,</strong></span> <span class='ocrx_word' id='word_1_481' title='bbox 394 4500 468 4559; x_wconf 91' lang='lat' dir='ltr'><strong>quae</strong></span> <span class='ocrx_word' id='word_1_482' title='bbox 493 4488 595 4540; x_wconf 88' lang='lat' dir='ltr'><strong>tamen</strong></span> <span class='ocrx_word' id='word_1_483' title='bbox 620 4489 689 4540; x_wconf 81' lang='lat' dir='ltr'><strong>sunt·</strong></span> <span class='ocrx_word' id='word_1_484' title='bbox 713 4481 855 4559; x_wconf 86' lang='lat' dir='ltr'><strong>aequales</strong></span> <span class='ocrx_word' id='word_1_485' title='bbox 881 4479 908 4539; x_wconf 92' lang='lat' dir='ltr'><strong>in</strong></span> <span class='ocrx_word' id='word_1_486' title='bbox 935 4480 982 4539; x_wconf 91' lang='lat' dir='ltr'><strong>die</strong></span> <span class='ocrx_word' id='word_1_487' title='bbox 1008 4496 1065 4538; x_wconf 91' lang='lat' dir='ltr'><strong>uuo</strong></span> <span class='ocrx_word' id='word_1_488' title='bbox 1091 4476 1169 4536; x_wconf 89' lang='lat' dir='ltr'><strong>inter</strong></span> <span class='ocrx_word' id='word_1_489' title='bbox 1192 4494 1225 4536; x_wconf 93' lang='lat' dir='ltr'><strong>se</strong></span> <span class='ocrx_word' id='word_1_490' title='bbox 1249 4473 1349 4555; x_wconf 84' lang='lat' dir='ltr'><strong>ipsae.</strong></span> 
     </span>
    </p>

    <p class='ocr_par' dir='ltr' id='par_1_5' title="bbox 131 4562 1480 4917">
     <span class='ocr_line' id='line_1_48' title="bbox 221 4562 1475 4648; baseline -0.008 -19"><span class='ocrx_word' id='word_1_491' title='bbox 221 4567 306 4639; x_wconf 85' lang='lat' dir='ltr'><strong>Quae</strong></span> <span class='ocrx_word' id='word_1_492' title='bbox 332 4569 360 4628; x_wconf 92' lang='lat' dir='ltr'><strong>in</strong></span> <span class='ocrx_word' id='word_1_493' title='bbox 385 4567 493 4630; x_wconf 84' lang='lat' dir='ltr'><strong>Stadia</strong></span> <span class='ocrx_word' id='word_1_494' title='bbox 517 4577 698 4648; x_wconf 90' lang='lat' dir='ltr'><strong>sequuntur,</strong></span> <span class='ocrx_word' id='word_1_495' title='bbox 736 4588 794 4629; x_wconf 93' lang='lat' dir='ltr'><strong>uon</strong></span> <span class='ocrx_word' id='word_1_496' title='bbox 823 4568 958 4647; x_wconf 89' lang='lat' dir='ltr'><strong>indigent</strong></span> <span class='ocrx_word' id='word_1_497' title='bbox 983 4564 1246 4628; x_wconf 88' lang='lat' dir='ltr'><strong>commentatione.</strong></span> <span class='ocrx_word' id='word_1_498' title='bbox 1293 4562 1364 4626; x_wconf 90' lang='lat' dir='ltr'><strong>Nou</strong></span> <span class='ocrx_word' id='word_1_499' title='bbox 1388 4575 1475 4640; x_wconf 83' lang='lat' dir='ltr'><strong>repre·</strong></span> 
     </span>
     <span class='ocr_line' id='line_1_49' title="bbox 131 4647 1476 4736; baseline -0.007 -21"><span class='ocrx_word' id='word_1_500' title='bbox 131 4655 228 4716; x_wconf 93' lang='lat' dir='ltr'><strong>hendo</strong></span> <span class='ocrx_word' id='word_1_501' title='bbox 254 4657 496 4718; x_wconf 90' lang='lat' dir='ltr'><strong>distributionem</strong></span> <span class='ocrx_word' id='word_1_502' title='bbox 520 4657 658 4717; x_wconf 91' lang='lat' dir='ltr'><strong>domuum</strong></span> <span class='ocrx_word' id='word_1_503' title='bbox 682 4656 931 4736; x_wconf 86' lang='lat' dir='ltr'><strong>Regiomontaui‚</strong></span> <span class='ocrx_word' id='word_1_504' title='bbox 963 4657 989 4716; x_wconf 90' lang='lat' dir='ltr'><strong>si</strong></span> <span class='ocrx_word' id='word_1_505' title='bbox 1014 4673 1070 4715; x_wconf 92' lang='lat' dir='ltr'><strong>non</strong></span> <span class='ocrx_word' id='word_1_506' title='bbox 1095 4672 1148 4732; x_wconf 93' lang='lat' dir='ltr'><strong>pro</strong></span> <span class='ocrx_word' id='word_1_507' title='bbox 1173 4651 1365 4714; x_wconf 82' lang='lat' dir='ltr'><strong>Ptolemaios</strong></span> <span class='ocrx_word' id='word_1_508' title='bbox 1386 4647 1476 4711; x_wconf 83' lang='lat' dir='ltr'><strong>rendi-</strong></span> 
     </span>
     <span class='ocr_line' id='line_1_50' title="bbox 131 4736 1476 4825; baseline -0.006 -21"><span class='ocrx_word' id='word_1_509' title='bbox 131 4752 222 4806; x_wconf 90' lang='lat' dir='ltr'><strong>tetur.</strong></span> <span class='ocrx_word' id='word_1_510' title='bbox 269 4747 381 4807; x_wconf 86' lang='lat' dir='ltr'><strong>Posset</strong></span> <span class='ocrx_word' id='word_1_511' title='bbox 410 4746 537 4824; x_wconf 89' lang='lat' dir='ltr'><strong>aliquis,</strong></span> <span class='ocrx_word' id='word_1_512' title='bbox 572 4754 604 4805; x_wconf 92' lang='lat' dir='ltr'><strong>ut</strong></span> <span class='ocrx_word' id='word_1_513' title='bbox 633 4765 773 4824; x_wconf 88' lang='lat' dir='ltr'><strong>superum</strong></span> <span class='ocrx_word' id='word_1_514' title='bbox 804 4744 1056 4825; x_wconf 84' lang='lat' dir='ltr'><strong>hemisphaerium</strong></span> <span class='ocrx_word' id='word_1_515' title='bbox 1085 4743 1113 4802; x_wconf 91' lang='lat' dir='ltr'><strong>in</strong></span> <span class='ocrx_word' id='word_1_516' title='bbox 1139 4736 1158 4802; x_wconf 86' lang='grc'><strong>6</strong></span> <span class='ocrx_word' id='word_1_517' title='bbox 1183 4749 1345 4820; x_wconf 86' lang='lat' dir='ltr'><strong>segmenta</strong></span> <span class='ocrx_word' id='word_1_518' title='bbox 1367 4737 1476 4805; x_wconf 73' lang='lat' dir='ltr'><strong>dividat,</strong></span> 
     </span>
     <span class='ocr_line' id='line_1_51' title="bbox 131 4823 1480 4917; baseline -0.001 -22"><span class='ocrx_word' id='word_1_519' title='bbox 131 4835 171 4895; x_wconf 89' lang='lat' dir='ltr'><strong>ad</strong></span> <span class='ocrx_word' id='word_1_520' title='bbox 195 4833 424 4897; x_wconf 88' lang='lat' dir='ltr'><strong>similitudinem</strong></span> <span class='ocrx_word' id='word_1_521' title='bbox 447 4833 680 4914; x_wconf 86' lang='lat' dir='ltr'><strong>Regiomontani</strong></span> <span class='ocrx_word' id='word_1_522' title='bbox 704 4855 759 4917; x_wconf 87' lang='lat' dir='ltr'><strong>per</strong></span> <span class='ocrx_word' id='word_1_523' title='bbox 782 4836 931 4896; x_wconf 67' lang='lat' dir='ltr'><strong>sectiones</strong></span> <span class='ocrx_word' id='word_1_524' title='bbox 956 4843 1077 4895; x_wconf 90' lang='lat' dir='ltr'><strong>mutuas</strong></span> <span class='ocrx_word' id='word_1_525' title='bbox 1100 4829 1266 4893; x_wconf 85' lang='lat' dir='ltr'><strong>horizontis</strong></span> <span class='ocrx_word' id='word_1_526' title='bbox 1289 4837 1323 4892; x_wconf 89' lang='lat' dir='ltr'><strong>et</strong></span> <span class='ocrx_word' id='word_1_527' title='bbox 1341 4823 1480 4894; x_wconf 62' lang='lat' dir='ltr'><strong>rettulit</strong></span> 
     </span>
    </p>
   </div>
   <div class='ocr_carea' id='block_1_3' title="bbox 0 0 1644 5542">
    <p class='ocr_par' dir='ltr' id='par_1_6' title="bbox 0 0 1644 5542">
     <span class='ocr_line' id='line_1_52' title="bbox 0 0 1644 5542; baseline 0 1"><span class='ocrx_word' id='word_1_528' title='bbox 0 0 1644 5542; x_wconf 95' lang='lat' dir='ltr'><strong> </strong></span> 
     </span>
    </p>
   </div>
  </div>
 </body>
</html>
