3278 5542
186 302 250 371 172
696 303 808 368 Mystarll
825 302 1026 370 Cosmograpbicl

183 474 264 529 sunt.
312 463 458 544 Optarem
481 471 581 527 autem
606 465 868 545 (quemadmodum
892 483 939 526 me
963 483 1064 526 coram
1088 466 1201 529 dixisse
1230 466 1406 528 meminisse
1428 470 1538 547 potes),

184 554 382 635 Cuperuicum
406 554 621 616 dimensionum
644 554 749 615 harum
773 555 966 616 fundamenta
990 574 1047 615 non
1068 554 1218 636 antiquas,
1243 555 1297 619 sed
1321 574 1420 618 novas
1437 555 1538 616 obser-

183 643 322 706 vationes
347 643 537 705 assumsisse.
586 642 709 704 Grande
734 643 813 705 enirn
838 652 869 704 et
892 644 1021 705 immane
1044 645 1229 724 postulatum
1253 645 1329 706 illud
1343 653 1395 705 est
1418 645 1485 717 (lib.
1502 644 1538 706 V.

182 750 249 812 cap.
274 729 342 806 30.)
368 752 432 795 cum
463 731 697 805 concedendum,
724 732 834 811 iuquit,
853 741 1009 812 putamus,
1034 734 1340 797 commensurationes
1364 733 1538 796 circulorum

183 821 330 886 mansisse
359 842 378 881 a
404 821 579 883 Ptolemaeo
604 821 784 882 etiamnunc.
836 821 916 883 Nam
953 820 1019 902 ipsa
1051 823 1184 885 Terrena
1211 822 1427 887 ecceutricitas
1455 822 1538 884 dimi·

183 919 256 973 nuta
288 910 364 972 alios
394 930 532 972 numeros
565 906 743 989 postulat).
791 910 855 973 Nec
890 910 969 972 enim
996 930 1099 973 verum
1128 919 1189 987 est,
1224 910 1303 993 qued
1332 909 1486 975 Rheticus
1513 911 1538 973 in

182 998 353 1061 narratione
378 999 459 1071 dicit,
484 998 613 1079 quadiu
638 998 786 1060 Mercurio
811 999 894 1061 nulla
917 1018 1034 1080 quoque
1057 1001 1136 1063 sicut
1159 1002 1187 1062 in
1211 1000 1288 1063 Jove
1313 999 1467 1062 sentiatur
1489 1018 1538 1062 ac-

182 1087 382 1150 cantu'citatis
410 1088 552 1149 mutatio:
587 1106 654 1149 nam
688 1107 746 1149 nou
778 1088 916 1149 similiter
944 1087 1025 1151 Solis
1054 1090 1182 1170 apogaei
1215 1091 1294 1153 latus
1322 1109 1378 1152 sno
1407 1106 1541 1171 apogaec

182 1175 307 1238 claudit.
354 1177 420 1237 Huc
444 1176 571 1250 accedit,
597 1178 675 1257 quod
694 1176 898 1238 Ptolemaicae
923 1178 1150 1241 observationes
1174 1179 1251 1241 satis
1274 1196 1400 1242 crassae
1423 1186 1540 1256 atpat-

184 1264 255 1327 tiles
279 1273 358 1339 sunt,
384 1276 458 1345 quas
482 1264 599 1327 omniuo
622 1267 854 1345 praecisioribns
878 1266 1027 1346 corrigere
1048 1268 1218 1348 oportebat.
1265 1266 1327 1331 Sed
1351 1267 1390 1329 de
1413 1266 1464 1330 bis
1485 1266 1550 1347 jam

182 1354 296 1416 frustra
319 1354 459 1434 conqueri
484 1353 563 1415 licet.
612 1355 647 1415 In
670 1365 722 1416 tuo
746 1363 847 1416 antem
870 1356 1040 1436 proposito,
1072 1357 1097 1417 si
1121 1357 1234 1419 numeri
1258 1356 1287 1419 hi
1312 1364 1467 1436 utcunque
1489 1355 1550 1417 tibi

183 1443 396 1521 respondeant,
421 1450 450 1504 te
475 1450 562 1521 putes
578 1443 676 1504 officio
692 1452 743 1505 tuo
763 1444 884 1524 egregie
905 1447 1047 1520 iunctum,
1073 1445 1187 1525 tibique
1212 1444 1467 1527 quemadmodum
1482 1443 1567 1508 Ce-

182 1530 322 1610 pernicus
352 1532 431 1610 apud
458 1531 618 1593 Rheticum
648 1532 677 1595 in
706 1533 837 1613 epistola
863 1533 1057 1595 vehementer
1085 1535 1261 1614 gratuleris,
1290 1534 1465 1597 certissima
1491 1552 1582 1615 spe

183 1619 288 1690 fretus,
312 1619 487 1700 propediem
511 1621 587 1695 fure,
622 1628 655 1681 ut
678 1622 835 1682 occasione
860 1622 978 1696 borum,
1013 1643 1088 1703 quae
1113 1643 1132 1683 a
1154 1632 1185 1685 te
1209 1622 1454 1704 ingeniosissime
1476 1634 1595 1687 auru

185 1706 318 1783 inventa,
343 1716 446 1771 cetera
471 1729 600 1790 qnoque,
625 1729 701 1791 quae
721 1712 787 1788 jam
811 1710 907 1771 adhuc
932 1711 1022 1772 dubia
1046 1721 1128 1787 sunt,
1153 1722 1186 1775 et
1208 1722 1451 1775 astronomorum
1474 1730 1534 1774 coe
1549 1747 1599 1762 -

181 1802 247 1871 tum
270 1816 328 1859 nou
352 1816 458 1877 parum
482 1807 632 1880 torquent,
657 1799 835 1879 planissima
858 1800 918 1861 sint
943 1800 1108 1874 futura“').

563 1975 605 2038 ΙΝ
629 1973 769 2038 CAPUT
792 1976 990 2041 DltclllUM
1012 1975 1166 2041 NONUM

708 2098 822 2150 uorsa
841 2098 1018 2151 lucrosus.
1505 2121 1599 2154 ,επ-

262 2201 294 2270 a)
317 2207 509 2260 Restactiones
532 2208 677 2262 stella-rum
701 2210 829 2279 appellat
850 2211 944 2281 Tycha
965 2211 1101 2271 Braheus,
1126 2209 1171 2279 qui
1193 2208 1266 2263 hanc
1288 2207 1433 2263 doctrinae
1457 2212 1623 2264 asa—r

180 2283 304 2339 nemeae
328 2293 436 2356 partem
460 2287 604 2341 constituit
627 2289 819 2359 excoluitque,
845 2290 892 2344 lib.
918 2292 1210 2361 Progymnasmatum,
1232 2288 1278 2359 qui
1301 2306 1339 2343 ex
1361 2305 1397 2342 ao
1420 2290 1625 2359 tempnunt

181 2364 284 2435 prodiit
306 2366 333 2419 iu
358 2368 453 2430 lucem,
479 2383 560 2437 quam
574 2368 658 2422 stiam
678 2377 787 2439 partem
808 2371 859 2424 feci
875 2370 1058 2425 astronomiae
1073 2368 1165 2422 Partis
1181 2368 1297 2439 Opticaa
1321 2375 1389 2423 ante
1408 2368 1444 2423 15
1459 2366 1627 2423 ann-’⁰⁸

184 2442 286 2508 aditae,
311 2447 432 2517 auxiquo
455 2446 482 2499 in
505 2447 581 2516 Epit.
606 2452 680 2503 Astr.
704 2451 753 2504 lib.
779 2452 799 2504 Ι.

263 2520 296 2595 b)
321 2527 365 2580 lta
385 2527 516 2580 creditum
541 2533 585 2581 est
608 2529 747 2600 hucusque
771 2534 804 2584 de
827 2529 977 2590 Mercurio;
1002 2548 1052 2582 uso
1072 2545 1154 2599 nego,
1178 2544 1308 2599 magnam
1331 2545 1395 2583 esse
1418 2545 1534 2583 veroni:
1601 2525 1628 2561 '¹¹¹

84 2640 88 2645 -
182 2603 268 2660 etiam
284 2605 344 2675 ejus
360 2614 482 2661 motuum
496 2607 692 2673 diversitatem,
715 2613 762 2664 sed
778 2628 848 2680 qnae
869 2610 1033 2680 quantitatis
1055 2614 1099 2662 est
1120 2627 1174 2662 non
1198 2609 1301 2662 formas
1325 2625 1376 2663 seu
1397 2606 1629 2681 principit&

182 2702 251 2749 rum,
275 2694 308 2741 nt
330 2688 464 2741 hacteuus
488 2689 666 2752 docebamur;
690 2692 732 2745 his
756 2690 827 2745 euim
850 2690 990 2761 principiis
1014 2690 1062 2742 ille.
1084 2689 1152 2743 nihil
1175 2690 1265 2742 differt
1285 2704 1303 2742 a
1326 2688 1439 2744 esteris.

266 2764 293 2833 c)
317 2768 460 2838 Sequebar
474 2769 500 2821 id
514 2769 644 2838 temporis
660 2788 827 2825 communem
841 2770 1005 2841 opinionem,
1030 2769 1195 2823 Mercurium
1208 2776 1306 2823 ventos
1330 2768 1358 2823 in
1373 2768 1472 2839 specie
1486 2766 1628 2823 soff·

183 2846 270 2903 citare
284 2866 353 2919 prae
368 2848 467 2902 ceteris
481 2849 611 2918 planetis.
650 2855 688 2904 st
708 2869 750 2905 me
774 2853 920 2905 multorum
944 2867 1075 2903 annorum
1098 2850 1189 2903 docuit·
1204 2848 1389 2918 experientia,
1413 2866 1474 2905 non
1487 2846 1627 2904 aa&e

180 2926 343 2984 distributas
357 2928 540 2983 mutationum
555 2947 641 2985 aurae
656 2931 757 2985 formas
772 2932 844 2985 inter
859 2933 1003 3001 planetas;
1028 2932 1075 2982 sed
1090 2930 1263 3001 generaliter
1285 2928 1396 2983 incitari
1416 2928 1626 2985 naauffl

179 3009 357 3064 sublunarem
373 3011 409 3063 ab
424 3009 582 3080 aspectibus
607 3010 730 3065 binorum
746 3014 790 3065 vel
814 3028 832 3065 a
846 3010 1012 3065 stationibus
1034 3010 1217 3081 singulorum
1241 3016 1274 3063 ut
1296 3008 1337 3063 ita
1355 3011 1485 3065 exsudat
1502 3008 1624 3063 ιμ’

180 3104 261 3159 porea
285 3097 335 3144 aut
358 3089 446 3143 fumos
471 3108 506 3143 ex
528 3091 665 3145 montibus
690 3099 720 3145 et
742 3092 856 3145 officinis
881 3091 1077 3153 subterraneis,
1102 3090 1147 3160 qui
1169 3106 1287 3159 vapores
1310 3097 1341 3143 et
1364 3089 1434 3145 fumi
1459 3090 1529 3145 veli
1610 3091 1623 3127 ¹¹

179 3168 299 3242 pluvias,
325 3170 369 3223 vel
393 3169 420 3223 iu
441 3170 526 3232 nives,
550 3172 596 3224 sel
620 3172 772 3237 chasmata,
797 3173 842 3226 vel
857 3172 979 3234 fulmina,
1004 3172 1048 3224 vel
1063 3169 1222 3241 grandines,
1242 3169 1287 3223 rel
1300 3177 1401 3223 ventos
1421 3171 1620 3243 aegeae-¹2

179 3255 251 3315 rent,
265 3259 316 3320 pro
331 3250 541 3305 circumstantiis
565 3252 686 3307 locorum
710 3260 740 3306 et
754 3261 914 3323 temporum.
950 3250 1034 3306 Venti
1058 3258 1133 3304 certe
1160 3248 1254 3320 magni
1278 3249 1322 3303 vel
1336 3265 1485 3321 nunquam
1503 3236 1619 3304 affl

179 3329 319 3385 rarissime
342 3336 408 3384 sunt
430 3329 495 3384 soli:
519 3331 615 3401 pluvia
638 3333 723 3386 omnis
749 3341 815 3387 aute
839 3352 868 3387 se
884 3337 980 3386 ventos
1005 3331 1074 3402 agit,
1100 3347 1159 3384 cum
1178 3329 1294 3400 primum
1306 3328 1416 3401 ingruit
1440 3330 1579 3401 impetae
1604 3334 1617 3371 ¹¹

183 3418 263 3473 acta;
279 3417 384 3465 etcum
399 3410 546 3479 plurimum
560 3412 655 3466 furunt
668 3414 753 3474 venti,
768 3413 794 3466 id
809 3413 936 3466 indicium
951 3418 996 3465 est
1008 3411 1136 3465 humidae
1152 3408 1355 3464 constitutionis
1371 3409 1451 3465 anni.
1491 3404 1616 3465 Ani

180 3490 294 3545 enimin
308 3491 445 3545 montanis
459 3492 540 3562 pluit,
565 3495 636 3546 unde
651 3493 727 3547 venti
750 3494 865 3564 spirant,
890 3499 940 3546 aut
962 3492 1011 3545 uix
1035 3492 1071 3544 ibi
1095 3490 1219 3554 solvitur,
1244 3496 1398 3559 autrapor
1415 3490 1614 3547 humida.⁸

179 3571 284 3642 impetu
297 3588 405 3626 sursum
419 3572 495 3626 latus
509 3573 577 3626 alibi
591 3572 619 3627 in
632 3580 731 3644 guttas
747 3574 864 3645 cogitur,
889 3572 957 3626 alibi
972 3579 1103 3626 aestuans
1128 3570 1155 3624 iu
1170 3586 1317 3640 supernum
1331 3568 1423 3641 frigus
1448 3572 1612 3643 impin!

179 3650 257 3725 gitur
279 3651 439 3723 resilitque3
463 3669 534 3723 quae
557 3654 664 3724 quidem
687 3655 772 3708 etiarn
796 3655 865 3709 lenis
887 3669 972 3707 aurae
997 3652 1108 3723 genesis
1131 3657 1183 3713 est,
1208 3666 1268 3703 aum
1287 3649 1389 3704 ebullit
1402 3666 1543 3722 vapore-
1582 3659 1611 3695 J

179 3731 272 3804 aliquo
283 3740 384 3797 moute,
400 3733 639 3805 repercutiturquc
654 3741 683 3787 et
697 3736 792 3788 defluit
812 3735 840 3788 in
854 3750 947 3787 omnes
966 3732 1139 3785 circumcirca
1162 3730 1273 3802 plagas.
1314 3730 1368 3784 Est
1390 3730 1442 3785 ubi
1457 3723 1609 3786 omn-3⁸

179 3819 231 3869 aer
243 3831 294 3885 per
308 3821 384 3868 totas
399 3814 571 3869 continentes
590 3824 723 3870 extensus
748 3814 882 3884 principio
901 3820 990 3867 motus
1005 3814 1071 3865 dato
1095 3811 1123 3865 iu
1142 3809 1278 3864 montanis
1292 3809 1413 3865 omnium
1438 3812 1532 3867 altiss
1586 3803 1609 3856 1'·

178 3893 229 3949 mis
243 3894 271 3948 in
284 3896 363 3949 fluxu
376 3894 561 3949 constituitur.
604 3897 648 3949 ltu
663 3895 748 3949 omnis
762 3903 861 3949 ventus
882 3895 918 3949 ab
933 3892 1057 3945 omnibus
1078 3891 1231 3962 promiscue
1253 3890 1345 3944 causis
1358 3892 1406 3943 vel
1429 3883 1610 3947 insessa-i

178 3972 338 4044 gationibus
367 3980 485 4028 naturae
513 3974 644 4029 concitari
672 3982 777 4046 potest;
809 3993 859 4028 nec
886 3975 973 4028 solum
1002 3972 1128 4025 incusare
1151 3977 1247 4041 potest
1269 3970 1437 4026 Mercurium
1467 3978 1615 4027 ort-..1⁸

180 4060 333 4109 ventorum.

260 4130 289 4199 d)
313 4134 405 4203 Supra
422 4133 531 4197 dictum,
556 4134 583 4187 id
598 4152 651 4188 nou
666 4151 727 4188 esse
748 4135 901 4205 probabile,
927 4151 977 4186 nec
1001 4140 1056 4186 tam
1071 4138 1216 4186 accuratas
1231 4138 1354 4185 veterum
1369 4130 1512 4186 observati
1546 4140 1629 4175 *⁰-

180 4230 229 4269 nas
245 4216 280 4268 ad
295 4213 347 4267 hoc
371 4215 541 4284 probandum
556 4213 713 4285 requisitas,
737 4221 769 4268 ut
787 4213 983 4268 demonstratio
1001 4212 1138 4266 efficiatur
1151 4211 1316 4265 necessaria.
1362 4213 1462 4282 itque
1486 4218 1635 4266 anzu-

180 4295 289 4365 plector
303 4294 415 4349 axioma
430 4294 574 4364 Cepernici
588 4294 632 4349 hic
646 4295 773 4364 positum,
801 4295 1017 4354 ..concedendum
1032 4310 1069 4347 sc.
1085 4291 1363 4346 commensurationes
1379 4289 1588 4346 circulen-
1610 4305 1619 4324 ⁸
1632 4304 1636 4320 ¹

180 4374 343 4430 mansisse.“
360 4376 399 4429 ‘Id
423 4374 494 4428 euim
518 4377 618 4430 suadet
639 4375 708 4429 coeli
733 4382 835 4430 natura
855 4382 885 4428 et
907 4373 1028 4428 inductio
1052 4390 1070 4426 a
1092 4371 1215 4442 planetis
1239 4372 1348 4425 ceteris.

259 4451 289 4524 a)
312 4456 358 4510 lta
369 4464 436 4510 tunc
457 4454 504 4509 illc
519 4457 630 4510 solebat
643 4456 696 4509 has
710 4456 788 4510 dictis
804 4454 926 4509 animare
941 4471 1045 4524 speque
1060 4468 1149 4515 curas,
1172 4452 1216 4522 qui
1228 4453 1291 4515 etsi,
1312 4453 1405 4522 quoad
1418 4456 1596 4522 temps‘
1617 4459 1636 4479 ³»

179 4552 230 4607 ape
252 4536 365 4599 excidit,
390 4553 441 4589 nec
454 4536 525 4590 enim
549 4536 741 4607 „propediem“
758 4543 810 4600 est,
835 4537 905 4606 quod
920 4533 1019 4605 viginti
1034 4540 1153 4604 quatuor
1173 4532 1252 4585 annis
1267 4532 1406 4603 aequitum
1429 4532 1610 4586 tund&

180 4622 274 4670 tamen
295 4615 354 4685 spei
376 4633 443 4671 suae
465 4633 574 4687 compos
595 4623 640 4671 est
660 4617 750 4671 factus
772 4633 822 4685 per
842 4632 930 4669 meum
952 4630 1021 4683 opus
1043 4613 1244 4667 Harmonioum.

769 4799 921 4811 *On—-
925 4803 954 4811 --u
