3278 5542
221 271 265 340 24
437 315 446 326 .
814 272 982 325 Prooemium.

221 450 282 500 opus
299 435 382 491 inerit,
399 449 442 500 pro
460 448 532 500 posse
550 449 648 486 omnem
666 434 841 485 obscuritatem
859 434 939 484 tollas.
971 433 1043 494 Quod
1061 433 1103 484 ubi
1121 434 1215 485 lantum
1227 433 1309 494 luerit,
1326 433 1456 484 omiestim
1468 439 1585 498 torquere

221 507 305 559 licebit
322 506 424 571 prelum.
461 506 543 556 Velim
562 513 646 557 autem
665 507 697 555 ad
716 521 760 555 nos
779 519 903 561 excurras,
922 511 948 556 et
965 506 1005 556 hio
1024 507 1107 555 omnia
1125 505 1251 569 expedias.
1270 506 1312 556 ubi
1330 512 1357 556 et
1374 505 1489 556 librorum
1511 506 1584 569 copia

221 585 248 629 et
265 579 370 629 aliarum
387 594 467 629 rernm
485 582 565 641 major
582 579 760 642 opportunitas.
798 578 863 627 Vale
882 585 908 628 st
925 577 996 627 Vise.

291 649 410 701 Perlectis
428 651 466 700 bis
483 649 648 700 Eaieurefferi
668 656 694 699 st
710 650 837 700 Maestliui
854 650 955 699 monitis
967 649 1090 713 Ksplerns
1110 647 1269 713 stuttgartis.
1288 648 1330 699 ubi
1349 648 1431 699 adhuc
1449 662 1508 699 curn
1527 661 1582 699 ιιιι-

221 721 329 772 trimouil
345 721 447 773 iusuudi
466 720 579 784 (uxorem
598 722 667 770 duxit
689 722 803 778 viduam,
827 720 964 770 Barbarum
983 719 1115 770 Milleram
1134 734 1150 769 a
1168 712 1298 778 hiuhleok‚
1324 720 1351 769 in
1370 718 1454 783 Styria
1471 719 1539 769 bona
1556 727 1584 769 et

221 794 345 853 iomanem
362 794 536 857 possidentem.
568 792 743 857 Stuttgartiae‚
762 809 817 844 cum
836 793 965 858 'lubingao
984 792 1112 856 stipendiis
1130 806 1188 842 usus
1206 790 1528 857 lueritWitrttembergic‘ss,
1545 799 1582 845 et.

222 864 349 915 Graetiurn
367 867 504 923 transiens,
522 865 758 930 Wilrttembergiam
775 866 881 928 patriam
899 866 1030 919 sedneret.
1049 864 1234 914 concessionem
1251 864 1393 928 nuptarum
1410 859 1510 928 petiit),
1528 868 1582 912 mm

220 937 274 986 libri
293 937 330 986 sui
350 937 448 996 edendi,
467 945 520 987 tum
541 937 655 997 „artificii
673 937 801 1002 argentei“
822 951 900 987 causa
917 937 1073 997 vorsabatur,
1092 936 1249 986 consentiens
1267 949 1324 986 cnm
1341 934 1438 986 ἰΙιοιιιιι
1454 936 1582 985 renuntia

221 1008 354 1059 Maestlino
372 1009 486 1073 scripsit:

298 1167 449 1246 Salutem
473 1167 502 1230 in
518 1167 651 1232 Christo.
691 1168 808 1230 Nudius
833 1167 935 1248 accepi
960 1168 1064 1230 literas
1088 1169 1126 1231 D.
1142 1167 1180 1229 D.
1196 1166 1406 1240 Hafenrefferi,
1429 1164 1491 1228 uni
1514 1183 1580 1228 cum

220 1258 259 1320 Η.
285 1258 368 1320 Tuae
392 1258 507 1337 judicio
531 1259 567 1322 de
591 1258 775 1339 corporibus.
822 1257 989 1321 Brevitatis
1016 1256 1108 1338 igitur
1136 1276 1230 1318 causa
1257 1263 1375 1318 tantum
1403 1255 1440 1317 de
1470 1274 1579 1317 neces-

220 1346 310 1409 sariis
326 1366 425 1427 agam.
460 1346 621 1420 (Quamvis
636 1347 801 1428 gratiarum
817 1348 935 1410 actione
956 1346 997 1409 nil
1021 1347 1119 1426 magis
1138 1345 1180 1408 sit
1198 1345 1425 1418 necessarium.)
1458 1343 1578 1408 Parsbo

221 1436 420 1499 libentissime
444 1438 481 1499 de
505 1438 727 1518 quibuscunque
751 1437 901 1499 monuisti.
940 1437 1078 1499 Formam
1102 1455 1173 1498 vero
1198 1454 1396 1516 eorumquae
1420 1433 1579 1508 adduntur,

142 1517 144 1522 ’
222 1526 313 1588 aliam
336 1527 473 1600 meditor,
498 1546 562 1602 nec,
586 1535 620 1588 ut
644 1546 742 1607 spero,-
767 1526 822 1588 tibi
846 1526 1063 1608 displicentem.
1103 1524 1240 1588 Scribam
1264 1531 1352 1586 notas
1375 1524 1439 1585 sive
1462 1523 1581 1586 scholia

221 1615 257 1676 de
281 1614 357 1677 locis
381 1615 525 1678 obscuris.
573 1616 703 1678 Primum
727 1617 828 1696 itaque
853 1617 879 1677 si
904 1617 1017 1677 notasti
1041 1614 1219 1695 corrigenda
1242 1614 1389 1696 quaedam
1417 1615 1501 1690 loca,
1531 1617 1579 1678 uel

221 1705 357 1767 tollenda
379 1706 428 1767 vel
452 1707 611 1779 mutanda,
635 1707 684 1769 vel
708 1705 751 1766 ita
774 1706 916 1780 obscura,
941 1715 975 1766 ut
998 1725 1057 1766 una
1079 1724 1137 1767 vox
1162 1703 1282 1778 addite,
1305 1705 1423 1781 demta,
1450 1713 1579 1778 munta

220 1795 416 1874 transposita,
443 1795 574 1875 explicet
597 1796 764 1871 dilucidius,
792 1816 828 1857 ea
843 1795 942 1857 omnia
960 1794 1107 1876 corrigam
1128 1795 1164 1856 de
1183 1802 1237 1856 tua
1260 1796 1422 1857 sententia.
1461 1794 1580 1858 Deinde

220 1884 372 1947 crebriora
395 1885 523 1947 obscura
547 1886 724 1966 locasses
749 1885 949 1966 explicatione
973 1893 1065 1965 egent
1089 1889 1122 1954 (a
1144 1891 1175 1946 te
1199 1892 1306 1946 notata
1325 1885 1350 1946 si
1370 1884 1505 1958 videam)
1529 1905 1581 1947 re·

221 1973 316 2036 feram
339 1974 369 2036 in
393 1983 490 2036 notas.
529 1976 631 2038 Tertio
656 1976 692 2037 de
716 1975 934 2056 hypothesibus
951 1973 1110 2054 Coperniei
1132 1992 1255 2052 possum
1279 1974 1327 2035 vel
1351 1973 1443 2053 ipsius
1460 1972 1582 2054 Copor-

132 2083 134 2086 ’
219 2061 278 2124 nici
302 2064 351 2125 vel
375 2063 497 2127 Rhetici
521 2064 614 2126 ve'rba
643 2085 701 2128 una
728 2084 794 2127 cum
818 2064 968 2127 luculento
993 2063 1146 2126 schemate
1170 2063 1251 2124 notis
1274 2063 1416 2126 inserere.
1460 2063 1582 2135 Quarto

220 2152 256 2213 de
280 2153 397 2217 ratione
418 2153 590 2215 numerandi
617 2154 779 2216 distantias
802 2152 1026 2235 Copernicauas
1050 2152 1123 2226 nihil
1148 2172 1203 2233 ego
1226 2152 1391 2233 perfectius
1415 2152 1583 2234 adjungere

219 2259 351 2319 possum,
377 2262 466 2324 quarn
488 2252 558 2305 tuas
581 2244 718 2323 pagellas
743 2246 833 2323 (quae
857 2243 972 2322 pridem
996 2261 1081 2303 meae
1105 2246 1189 2315 sunt)
1214 2241 1354 2322 apposito
1378 2249 1429 2304 tuo
1449 2244 1578 2305 nornine.

220 2329 333 2401 Quinto
357 2332 394 2393 de
419 2333 609 2394 numerandis
634 2332 865 2395 semidiametris
890 2332 1089 2412 ascriptorum
1117 2331 1188 2406 feci,
1219 2340 1254 2394 ut
1280 2331 1398 2404 vidisti,
1428 2333 1578 2412 peculiare

219 2427 321 2500 caput.
358 2419 392 2483 Si
415 2420 445 2482 id
469 2421 599 2482 nondum
624 2422 700 2484 satis
725 2428 783 2494 est,
807 2429 942 2500 repetam
967 2421 994 2482 in
1011 2420 1091 2482 notis
1106 2440 1170 2483 rem
1185 2421 1223 2482 ab
1238 2421 1371 2501 origiue:
1396 2429 1581 2490 monstrans,

219 2527 278 2571 non
301 2510 388 2589 plura
412 2529 479 2571 esse
508 2528 634 2590 corpora
661 2530 769 2590 posse,
804 2530 892 2591 quam
921 2511 1060 2591 quinque.
1106 2510 1172 2576 Hoc
1199 2519 1289 2589 pacto
1319 2510 1467 2590 (perlecto
1496 2510 1581 2591 prius

219 2598 313 2660 semel
337 2620 356 2661 a
384 2618 431 2660 me
460 2601 617 2678 opusculo)
653 2600 858 2682 typographus
887 2619 945 2660 non
972 2599 1176 2678 impediretur.
1223 2599 1312 2662 Alias
1341 2599 1413 2664 mihi
1442 2600 1477 2661 de
1504 2619 1583 2661 noso

220 2687 450 2751 describendum
465 2697 549 2751 esset
563 2691 747 2769 opusculum.
782 2687 869 2759 Quod
894 2688 919 2750 si
944 2698 1045 2751 autem
1068 2709 1126 2751 uon
1148 2689 1248 2750 omnia
1262 2690 1335 2752 fient
1348 2689 1585 2767 perfectissima,

219 2776 272 2846 ita,
297 2785 331 2840 ut
353 2777 427 2840 nihil
451 2778 579 2857 amplius
603 2778 778 2840 desideres:
803 2787 953 2840 memento
967 2780 1094 2858 primum
1117 2778 1194 2840 hunc
1219 2798 1286 2840 esse
1310 2779 1456 2849 laborem,
1479 2779 1527 2840 ita
1550 2789 1586 2841 ut

219 2866 277 2928 sim
300 2886 412 2947 aequos
436 2867 593 2931 habitums
617 2869 762 2942 lectores,
797 2876 829 2929 et
857 2868 979 2930 nimium
1001 2868 1145 2949 temporis
1168 2868 1344 2948 requisitum
1366 2868 1417 2941 iri,
1450 2887 1585 2948 eousque

218 2955 287 3018 dum
310 2957 364 3018 fiat
385 2957 635 3036 perfectissimus.
682 2957 773 3019 Hisce
797 2958 865 3019 vale
889 2965 1067 3038 praeceptor
1090 2954 1277 3019 charissime.

310 3061 348 3126 ii
373 3061 448 3139 (tl)
471 3064 553 3126 Juuii
577 3061 629 3129 96.
656 3062 880 3144 Stuttgardiae.
1096 3065 1134 3128 Η.
1159 3064 1194 3126 Τ.
1242 3062 1282 3128 G.
1307 3064 1346 3127 D.

1275 3163 1322 3226 Μ.
1348 3161 1381 3226 J.
1404 3161 1538 3246 Keplsr.

191 3376 201 3412 ι
289 3357 384 3408 Eadem
409 3356 531 3422 Keplerus
558 3355 787 3409 Halenreilero
813 3359 983 3423 perscripsisse
1007 3359 1120 3417 ridetur.
1143 3353 1203 3410 vosam
1231 3357 1271 3409 his
1292 3357 1480 3411 Heleurefferus
1504 3358 1583 3410 literis

217 3430 288 3496 quasi
306 3431 489 3493 responsionem
507 3427 634 3479 hiaestlini
653 3429 686 3480 ad
702 3431 840 3494 praemissa
857 3429 882 3479 in
901 3444 928 3479 se
944 3432 1094 3493 susceperit:

214 3508 217 3515 '
288 3501 337 3553 Per
349 3502 524 3565 occupationes
540 3508 607 3551 certe
625 3501 735 3564 publicas
754 3501 849 3561 iactum
868 3507 914 3558 est,
933 3507 961 3550 ιιι
978 3499 1051 3552 hodie
1069 3517 1114 3566 per
1130 3503 1269 3568 magistros,
1288 3503 1330 3567 qui
1348 3502 1508 3559 descendent.
1527 3516 1577 3550 non

217 3587 289 3624 meas
306 3573 441 3637 acceperis.
471 3571 521 3623 Sed
539 3587 682 3636 responsum
701 3573 734 3623 ad
751 3573 860 3637 proxime
877 3574 1014 3636 superiores
1032 3573 1079 3623 hoo
1091 3574 1191 3625 habeto.
1221 3573 1324 3624 Callatis
1345 3575 1479 3623 sententiis
1494 3571 1581 3637 placet

217 3646 338 3711 posterius
361 3651 433 3695 tuum
451 3644 591 3701 canalium,
618 3645 656 3694 ite
673 3651 773 3705 nmen,
800 3650 829 3694 ut
846 3660 888 3707 pro
908 3642 1007 3694 Rhetici
1025 3647 1167 3696 narratione
1192 3641 1268 3709 (quae
1287 3652 1313 3696 et
1335 3645 1450 3709 prolixior
1475 3651 1531 3701 est,
1556 3650 1583 3694 et

138 3752 141 3757 -
218 3718 341 3783 quaedam
360 3718 392 3767 ab
410 3717 457 3766 hoc
475 3722 518 3766 tuo
537 3717 665 3781 prodromo
684 3717 768 3766 aliena
785 3716 877 3772 habet,
895 3721 922 3766 et
939 3717 965 3765 iu
983 3717 1129 3781 quibusdam
1147 3714 1243 3778 deficit)
1261 3717 1429 3768 brevissimam
1448 3716 1582 3780 expositio·

218 3805 276 3840 nem
295 3795 321 3840 et
333 3790 513 3854 proportionem
526 3803 653 3852 corporum
666 3804 722 3839 cum
735 3788 862 3839 schemate
874 3788 984 3853 generali
996 3796 1052 3853 post
1063 3789 1242 3853 praelationem
1257 3788 1290 3839 ad
1302 3789 1421 3839 lectorem
1432 3789 1585 3839 interseras:

218 3875 283 3927 quae
302 3867 421 3926 tanquam
440 3861 515 3911 claris
535 3865 607 3910 erunt
625 3860 658 3910 ad
676 3860 821 3922 Mysterium
839 3859 973 3910 Prodromi.
1010 3861 1191 3911 innotationes
1209 3876 1280 3924 porro
1298 3859 1363 3924 quod
1388 3861 1495 3913 attinet.
1522 3859 1585 3908 nibil

219 3947 280 3997 opus
299 3938 346 3988 est.
365 3938 394 3980 ut
410 3938 490 3981 totum
509 3947 569 3996 opus
583 3931 613 3981 da
625 3947 689 3982 noso
702 3938 809 3989 reseres,
829 3932 938 3982 ordinem
958 3937 1002 3982 aut
1020 3933 1203 3995 dispositionem
1222 3935 1275 3994 ejus
1293 3932 1377 3982 turbes
1395 3931 1433 3982 sel
1451 3931 1585 3981 immutes:

141 4030 144 4035 ’
219 4003 1586 4137 scelestissimisexitialiumtristissimis:limitati

220 4151 246 4195 et
264 4145 342 4194 altero
361 4146 433 4195 serbo
451 4145 542 4194 reddas
561 4090 698 4195 dilucidiuis.
727 4147 759 4194 Et
777 4147 797 4194 si
815 4146 873 4210 quid
892 4146 1025 4209 copiosiore
1032 4090 1207 4209 gexplicatione
1226 4090 1287 4210 opha
1304 4145 1425 4202 habuerit,
1444 4144 1483 4195 sel
1502 4147 1584 4195 textui

218 4217 328 4273 inseras.
347 4216 385 4266 vel
405 4217 490 4266 statius
510 4216 630 4266 edistius
650 4218 737 4280 capitis
756 4217 831 4266 finem
849 4218 986 4279 subjicias:
1004 4219 1039 4266 sic
1059 4219 1124 4268 eninr
1142 4219 1265 4281 perfectus
1284 4224 1310 4267 et
1328 4218 1360 4267 ad
1379 4217 1472 4282 prelum
1491 4217 1586 4280 politus

220 4288 289 4338 labor
308 4288 359 4337 erit
398 4286 471 4337 Haec
489 4288 602 4344 breviter,
623 4287 685 4336 alias
704 4303 759 4337 cnm
778 4290 918 4351 vacaverit,
936 4287 1013 4351 plura.
1052 4286 1172 4338 Dominus
1191 4295 1289 4349 tecum:
1307 4288 1430 4353 hospitem
1449 4288 1585 4338 deuterum

219 4365 379 4424 peramanter
396 4374 452 4408 meo
470 4359 569 4409 nomine
587 4358 678 4408 saluta.
716 4359 748 4407 D.
770 4356 811 4407 lt.
830 4357 890 4422 (ιι)
907 4359 976 4409 iunii
998 4357 1073 4409 1596.

293 4429 408 4480 Ceterum
428 4431 450 4480 ei
468 4430 633 4483 Haienrsfferi
658 4432 797 4480 sententiae
821 4447 871 4480 non
892 4432 967 4494 plano
995 4432 1189 4495 obtemperatum
1216 4439 1262 4482 est.
1301 4431 1369 4494 Opus
1387 4431 1517 4494 tubingae
1537 4432 1584 4481 im·

221 4501 292 4566 primi
310 4509 424 4566 coeptum
442 4507 489 4558 est,
509 4510 535 4552 et
555 4501 762 4552 Maestlinus
782 4502 804 4550 d.
829 4499 883 4567 ¹⁶l„
906 4502 969 4552 Nor.
993 4499 1061 4551 1596
1080 4503 1144 4554 haeo
1161 4503 1269 4567 Ksplero
1288 4505 1398 4567 scripsit:
1426 4501 1493 4565 Opus
1511 4508 1585 4552 tuum

221 4574 345 4630 succedit,
369 4587 517 4638 quamquam
536 4575 598 4623 satis
617 4573 701 4635 tarde,
724 4589 768 4637 pro
786 4573 992 4639 typographorum
1010 4590 1084 4624 more.
1123 4575 1152 4625 Id
1170 4581 1199 4624 ut
1216 4574 1316 4631 rideas,
1340 4576 1410 4625 mitto
1428 4574 1585 4638 pagellarum

222 4659 366 4696 excusarunt
380 4643 525 4708 exemplum.
557 4641 634 4707 Spero
647 4651 740 4707 eutem,
757 4646 781 4694 id
801 4646 940 4709 propediem
959 4646 992 4695 ad
1010 4646 1084 4696 finem
1101 4647 1244 4710 perductum
1263 4646 1299 4695 iri.
1331 4646 1420 4699 Totum
1439 4651 1465 4695 et
1483 4660 1584 4696 omnem

221 4713 330 4766 laborem
349 4718 373 4765 in
392 4730 432 4766 me
451 4717 542 4778 recepi,
561 4717 601 4780 qui
619 4717 729 4779 profecto
747 4717 876 4780 plurimum
891 4718 984 4781 negotii
1002 4718 1059 4767 mihi
1079 4718 1187 4768 facessit.
1219 4718 1364 4782 Figuremm
1384 4722 1410 4767 et
1427 4717 1584 4767 schematum

109 4845 114 4860 ¹
222 4787 356 4838 delineatio
374 4800 432 4851 pars
449 4787 552 4837 minima
571 4795 616 4836 est.
655 4787 759 4837 Chartae
778 4788 968 4852 typographicae
988 4804 1034 4854 ego
1058 4803 1107 4853 qua
1131 4804 1229 4853 possum
1255 4789 1375 4839 fidelitate
1400 4796 1426 4838 et
1451 4787 1585 4852 diligentia

223 4859 325 4927 corrigo.
363 4857 513 4911 Tabularum
532 4864 617 4911 autem
635 4859 765 4928 descriptio
783 4859 844 4911 mihi
861 4859 932 4911 raldo
951 4860 1144 4918 laboriosam,
1170 4860 1228 4928 quia
1250 4875 1300 4912 nou
1317 4862 1423 4927 scriptae
1441 4858 1543 4910 fuerunt
1567 4874 1585 4917 a
