3278 5542
142 316 187 392 36
417 315 419 317 ’
468 258 472 265 1
736 318 898 378 Pmoemm.

139 495 174 549 ut
197 505 298 565 supra.
340 485 421 564 Ergo
445 493 477 546 et
499 485 592 547 totius
610 484 697 547 ΕΒΔ
720 484 862 565 trianguli
885 484 983 546 latera
1005 493 1076 546 sunt
1098 485 1225 547 invicem
1248 485 1496 567 proportionalia.

141 573 338 639 corollarium
363 575 405 635 ῙῙ.
452 574 574 636 Datur
605 575 796 655 proportio
831 575 995 637 laterum.
1042 573 1117 636 Dari
1149 583 1249 637 autem
1272 576 1498 655 proportionem

140 664 293 735 existimo,
319 663 344 724 si
368 662 568 743 exprimatur,
596 663 742 743 quomodo
766 683 798 724 se
822 662 935 724 habeat
959 663 998 724 ad
1021 662 1112 725 aliam
1134 665 1357 744 proportionem
1379 674 1496 739 notam,

140 761 243 834 utpote
267 752 408 814 sectionis
431 752 593 816 secundum
617 762 780 814 extremam
804 761 834 813 et
857 751 985 813 mediam
1009 754 1166 814 rationem.
1212 753 1302 815 Fiant
1326 753 1418 833 igitur
1441 773 1499 835 per

139 840 199 916 46,
228 842 251 906 I.
285 861 374 921 super
412 837 431 904 3
465 841 611 904 lateribus
645 839 663 902 3
697 842 846 923 quadrata
882 849 915 902 ει
951 842 1140 907 continuetur
1171 840 1227 904 DF
1257 861 1350 922 usque
1385 842 1426 904 ad
1459 839 1498 914 O,

140 951 216 1012 quae
248 930 365 992 secabit
396 931 575 1011 quadratum
607 932 714 1010 majus.
772 928 848 992 Cum
879 948 951 1009 ergo
979 949 1032 1008 per
1054 926 1116 1005 45,
1154 929 1178 994 I.
1212 932 1500 1011 parallelogramma

138 1018 209 1090 EC,
247 1018 305 1083 CA
332 1028 364 1080 et
391 1020 487 1099 ipsum
515 1029 610 1081 totum
635 1020 812 1101 quadratum
836 1018 898 1080 sint
920 1020 1098 1099 aequealta,
1128 1028 1216 1081 erunt
1238 1039 1292 1100 per
1318 1020 1350 1094 1,
1376 1021 1432 1083 Vl.
1457 1020 1499 1082 ad

138 1110 264 1172 invicem
286 1116 321 1172 ut
344 1109 452 1183 bases,
484 1108 560 1178 EF,
593 1109 667 1183 ΕΑ,
695 1108 764 1171 ΑΕ.
810 1106 880 1171 Jam
903 1117 1003 1170 autem
1027 1128 1080 1188 per
1102 1105 1159 1184 47,
1185 1109 1209 1171 Ι.
1233 1110 1412 1189 quadratum
1435 1107 1497 1172 EG

139 1208 285 1280 aequatur
307 1198 588 1278 parallelogrammo
611 1196 680 1273 ΕΟ,
709 1207 741 1260 ει
764 1197 891 1260 alterum
915 1197 973 1259 BA
996 1198 1084 1259 alteri
1107 1196 1175 1260 AG.
1220 1198 1303 1279 Ergo
1325 1197 1398 1268 EG,
1424 1199 1494 1272 BA,

138 1288 197 1349 AB
224 1288 355 1349 suntad
379 1285 506 1349 invicem
530 1286 656 1363 utEF,
680 1288 750 1356 ΕΑ,
780 1287 846 1350 ΑΕ.
894 1284 956 1348 Sed
978 1306 1032 1367 per
1055 1284 1111 1358 20,
1142 1287 1198 1349 Vl.
1230 1287 1308 1349 inter
1330 1284 1399 1360 EG,
1424 1287 1494 1361 BA,

141 1376 201 1439 ΑΗ
224 1375 336 1437 similes
359 1376 470 1455 figuras
494 1386 542 1438 εει
563 1376 715 1456 proportio
739 1377 893 1454 duplicata
906 1377 1033 1437 laterum
1053 1375 1119 1445 ΕΙ),
1143 1376 1213 1448 DA,
1236 1376 1303 1439 ΑΕ.
1350 1375 1409 1436 Εει
1423 1395 1496 1438 τετε

138 1465 291 1547 proportio
324 1465 467 1526 sectionis
501 1465 662 1527 secundum
694 1474 859 1527 extremam
893 1474 924 1528 et
954 1465 1082 1527 mediam
1106 1465 1262 1527 rationem.
1309 1466 1390 1543 Ergo
1415 1466 1497 1528 inter

139 1554 236 1616 latera
254 1553 320 1628 ΕΙ),
345 1554 414 1629 DA,
439 1554 496 1616 Al]
521 1563 569 1616 est
592 1553 714 1616 dimidia
736 1554 889 1634 proportio
913 1554 1066 1629 sectionis,
1090 1555 1251 1616 secundum
1274 1563 1441 1616 extremam
1463 1562 1497 1615 ει

140 1642 271 1705 mediam
295 1644 452 1706 rationem.
498 1643 684 1723 Exprimitur
707 1644 799 1723 igitur
821 1644 975 1723 proportio
999 1652 1080 1705 certo
1095 1643 1223 1718 nomine,
1249 1644 1327 1724 quod
1341 1653 1410 1704 erat
1422 1663 1494 1723 pro-

138 1732 278 1794 bandum.
325 1730 440 1812 Estque
464 1732 493 1793 in
514 1752 639 1800 ,summa
671 1733 812 1795 continua
842 1732 995 1812 proportio
1022 1733 1100 1795 inter
1132 1731 1209 1806 ΑΕ,
1232 1733 1305 1808 AD,
1329 1731 1405 1807 DE,
1430 1732 1494 1807 DF,

136 1821 199 1884 FE.
238 1821 322 1882 Haec
346 1821 401 1883 tibi
426 1819 473 1885 Cl.
497 1820 536 1885 D.
560 1822 611 1883 Pr.
637 1820 680 1883 sic
702 1839 845 1903 propono,
869 1831 903 1885 ut
926 1821 1039 1896 videas,
1064 1828 1163 1883 utrum
1186 1821 1296 1884 alicubi
1318 1821 1494 1901 impingam,

138 1930 176 1973 au
195 1928 275 1973 nova
296 1909 358 1971 ista
380 1909 459 1987 sint,
484 1930 523 1971 an
546 1910 667 1974 brevius
691 1910 890 1974 demonstrari
913 1910 1040 1990 possint,
1066 1910 1154 1972 simul
1177 1911 1268 1972 etiam
1292 1918 1326 1972 ut
1349 1911 1389 1972 ad
1412 1910 1494 1973 cele-

137 1999 220 2061 brem
249 1999 494 2062 mathematicum
527 2019 584 2062 noa
618 2001 676 2063 nisi
703 2000 917 2063 mathematico
946 2007 1015 2061 utar
1037 1999 1169 2062 exordio.
1215 2000 1262 2061 De
1286 2001 1360 2061 meis
1384 1999 1494 2062 studiis

138 2089 208 2170 quid
236 2089 386 2165 scribam,
420 2109 479 2150 non
511 2089 617 2152 habeo.
664 2090 743 2152 Nam
770 2110 819 2152 res
848 2089 1057 2152 oeconomicae
1091 2108 1138 2149 me
1161 2089 1349 2168 perturbant.
1396 2089 1494 2152 Unum

138 2187 238 2241 tamen
262 2186 324 2254 est,
348 2178 376 2240 in
401 2196 458 2259 quo
481 2180 587 2241 merito
612 2179 652 2241 H.
673 2180 708 2240 T.
733 2180 866 2260 appello,
900 2189 933 2239 nt
950 2179 1022 2240 mihi
1047 2176 1186 2256 opitulari
1211 2178 1352 2257 digneris.
1400 2177 1494 2241 Incidi

137 2268 167 2328 in
192 2267 427 2348 speculationem
451 2269 609 2347 quandam,
636 2286 724 2348 quam
747 2287 801 2330 nec
825 2267 958 2329 breviter
977 2286 1031 2328 nec
1050 2267 1233 2328 confidenter
1246 2267 1492 2347 pronunciarero,

138 2374 176 2417 ne
199 2376 242 2418 sc.
267 2356 376 2418 ridear.
423 2356 537 2418 Verum
560 2366 595 2418 ut
618 2356 656 2417 ab
680 2375 717 2417 ea
740 2376 786 2419 me
811 2357 982 2435 expediam,
1007 2375 1083 2439 opus
1102 2356 1174 2418 mihi
1198 2366 1246 2417 est
1268 2357 1327 2418 tuis
1352 2357 1449 2418 oculis
1466 2364 1494 2417 et

139 2463 248 2525 magno
272 2444 323 2505 illo
347 2444 523 2525 quadrante.
571 2446 671 2506 Velim
696 2464 738 2506 sc.
765 2453 799 2507 ut
821 2446 913 2506 stella
935 2443 1048 2524 polaris
1072 2445 1152 2506 circa
1179 2441 1228 2507 18.
1244 2442 1297 2509 28.
1313 2443 1400 2525 Sept.
1427 2444 1494 2520 (sed

138 2532 196 2595 beu
229 2533 301 2594 mihi
334 2533 394 2610 jam
423 2534 559 2609 transiit)
593 2534 778 2609 culminans,
813 2534 893 2595 circa
928 2529 977 2596 16.
1003 2530 1055 2596 26.
1080 2533 1155 2596 Dec.
1184 2553 1255 2595 vero
1279 2535 1384 2596 eadem
1409 2543 1494 2596 nocte

139 2623 304 2685 culminans
324 2631 355 2683 ει
373 2622 538 2684 humillima
557 2624 750 2686 observetur:
776 2631 808 2686 et
829 2624 976 2698 videatur,
1001 2631 1099 2685 utrum
1122 2623 1200 2686 inter
1219 2632 1373 2703 utramque
1387 2623 1495 2686 culmi-

138 2711 240 2774 nantis
273 2711 463 2774 altitudinem
490 2731 549 2774 non
581 2713 622 2774 sit
645 2713 814 2775 differentia
838 2713 922 2774 unius
947 2722 1039 2793 atque
1062 2712 1185 2774 alterius
1209 2713 1339 2791 scrupuli
1364 2712 1392 2774 in
1419 2732 1495 2793 qua-

139 2802 256 2863 drante.
303 2801 369 2862 Hoc
402 2801 481 2862 enim
510 2802 639 2881 optarim
670 2802 816 2864 accidere.
862 2800 951 2881 Elegi
984 2802 1075 2862 aliam
1107 2803 1243 2881 quamvis
1277 2801 1344 2862 huic
1373 2802 1495 2881 negotio

139 2891 236 2952 minus
259 2890 407 2964 idoneam,
432 2890 530 2953 solam
553 2900 652 2954 tamen
676 2901 748 2970 post
769 2892 912 2972 polarem,
938 2909 1013 2970 quae
1037 2889 1109 2967 mihi
1132 2910 1189 2952 non
1213 2891 1286 2952 nihil
1310 2890 1494 2964 satisfaciat,

106 2979 329 3057 v,eductionem
357 2979 471 3041 caudae
499 2981 529 3042 in
557 3001 629 3042 ursa
656 2981 779 3060 majore.
825 2981 909 3041 Haeo
939 2979 965 3041 si
993 2980 1073 3041 circa
1104 2976 1134 3043 9.
1164 2977 1213 3043 19.
1238 2980 1314 3041 Dec.
1344 2979 1496 3042 altissima

139 3067 227 3131 simul
251 3076 282 3130 et
304 3068 469 3130 humillima
492 3070 720 3143 observaretur,
755 3088 856 3132 mense
880 3088 950 3131 vero
970 3069 1098 3139 Martio,
1122 3069 1190 3131 dum
1215 3068 1268 3131 Sol
1292 3069 1393 3130 estin
1418 3088 1495 3149 qua-

139 3158 226 3219 drato
251 3158 335 3233 loco,
363 3176 480 3219 rursum
503 3167 660 3242 caperetur
683 3159 831 3221 alterutra
854 3159 917 3238 ejus
940 3158 1087 3234 altitudo,
1112 3178 1161 3220 res
1185 3158 1256 3219 mihi
1280 3166 1312 3219 ει
1335 3167 1369 3220 ut
1391 3159 1496 3239 opinor

140 3246 340 3309 astronomiae
355 3246 516 3308 utilissima
531 3257 633 3309 esset:
657 3248 834 3327 praesertim
854 3248 880 3308 si
895 3247 975 3309 inter
987 3248 1074 3309 binas
1089 3248 1273 3322 altitudines,
1290 3266 1365 3327 quas
1380 3267 1495 3328 aequa·

139 3337 183 3397 les
202 3336 266 3398 t'ore
290 3354 404 3416 speras,
430 3336 531 3416 aliqua
554 3344 715 3416 appareret
738 3336 915 3399 differentia.
958 3337 1046 3398 Nunc
1070 3356 1116 3399 me
1140 3346 1314 3398 convertam
1338 3337 1473 3399 adalia.

229 3423 481 3504 Gruppenbachio
514 3444 602 3505 spero
627 3426 692 3505 jam
724 3426 924 3488 satisfactum.
971 3426 1073 3489 Mater
1103 3444 1171 3488 mea
1203 3445 1287 3506 spem
1319 3426 1391 3488 milri
1425 3426 1494 3488 fecit

139 3511 182 3577 20
205 3515 383 3576 florenorum
407 3515 446 3576 ad
470 3515 525 3575 hoc
549 3515 666 3577 instans
691 3522 827 3594 tempus,
857 3534 931 3595 quos
953 3534 987 3576 εε
1011 3515 1114 3594 ajebat
1136 3525 1205 3577 tuae
1230 3515 1386 3579 custodiae
1410 3533 1490 3578 com-

137 3604 313 3678 missuram,
354 3612 387 3665 ut
418 3623 492 3680 eos,
531 3605 776 3685 quandocumque
812 3603 936 3666 nuncius
969 3604 1136 3682 Tubiugam
1168 3606 1318 3686 appellat,
1358 3615 1493 3685 promtus

79 3755 84 3764 ,
138 3693 280 3773 τερετίει.
327 3691 397 3755 Ειεί
419 3712 490 3755 vero
513 3702 586 3754 ncta
610 3693 682 3755 mihi
712 3702 760 3755 est
792 3693 857 3773 ejus
891 3694 920 3755 in
949 3693 996 3755 his
1025 3693 1113 3756 rebus
1144 3695 1305 3756 difficultas
1337 3703 1370 3756 et
1400 3713 1495 3766 mora,

138 3790 239 3843 tamen
263 3802 383 3844 monere
407 3783 445 3845 D.
470 3782 701 3866 Praeceptorem
725 3783 816 3858 volui,
841 3783 867 3844 si
891 3783 943 3845 illa
967 3802 1082 3846 summa
1104 3792 1284 3858 numeretur,
1309 3792 1343 3844 ut
1365 3802 1435 3845 eam
1456 3782 1495 3844 D.

138 3871 321 3951 Praeceptor
343 3890 444 3934 secum
467 3872 618 3951 tantisper
641 3873 785 3947 retineat,
811 3871 894 3947 dum,
920 3873 988 3953 quid
1013 3873 1066 3934 illa
1088 3874 1151 3935 fieri
1176 3873 1282 3947 velim,
1311 3890 1365 3951 per
1388 3872 1495 3934 literas

138 3959 312 4038 significem.
354 3961 455 4042 Atque
480 3961 572 4022 etiam
595 3961 701 4023 nuncio
725 3961 755 4022 id
778 3961 931 4041 negotium
954 3961 1032 4036 dedi,
1056 3969 1090 4024 ut
1112 3970 1221 4042 poscat
1243 3961 1327 4023 illam
1350 3972 1495 4036 amatre,

138 4049 164 4110 si
188 4048 243 4109 tibi
268 4049 397 4110 nondum
421 4057 608 4111 numeratam
630 4049 793 4130 intelligat.

227 4137 330 4215 Nuper
352 4138 382 4199 in
398 4138 519 4200 Italiam
544 4139 610 4200 misi
635 4137 655 4202 2
680 4139 864 4219 exemplaria
886 4137 944 4199 mei
968 4139 1102 4218 opusculi
1120 4138 1201 4212 (sive
1216 4139 1261 4201 tui
1275 4137 1401 4219 potius),
1419 4157 1496 4219 quae

139 4219 312 4306 gratissimo
345 4237 377 4287 et
405 4226 613 4288 lubentissimo
642 4227 740 4289 animo
768 4228 886 4307 accepit
909 4226 1071 4289 Paduanus
1094 4229 1343 4303 mathematicus,
1377 4227 1495 4289 nomine

140 4314 297 4378 Galilaeus
323 4313 500 4389 Galilaeus,
535 4317 577 4378 uti
607 4335 639 4377 se
669 4316 858 4396 subscripsit.
904 4315 963 4379 Est
986 4317 1066 4379 enim
1089 4328 1121 4380 et
1143 4318 1208 4398 ipse
1232 4319 1261 4379 in
1286 4314 1498 4395 Ooperoicana

137 4404 256 4466 haeresi
281 4404 348 4465 inde
372 4426 391 4466 a
414 4405 517 4466 multis
541 4405 639 4467 annis.
683 4406 780 4467 Unum
804 4406 958 4485 exemplar
980 4405 1063 4468 misit
1084 4408 1213 4470 Romam
1236 4416 1268 4468 ει
1280 4407 1368 4486 plura
1383 4405 1513 4468 babere

138 4493 333 4555 desideravit.
384 4493 531 4574 Equidem
564 4493 641 4555 scire
665 4513 755 4568 aveo,
787 4492 1056 4573 Gmppenbachius
1080 4516 1139 4577 qua
1163 4497 1282 4558 fortuna
1304 4494 1346 4555 sit
1368 4514 1442 4556 usus
1464 4494 1495 4556 in

138 4582 334 4644 distractione
362 4582 590 4663 exemplarium,
622 4593 654 4644 ει
684 4584 710 4644 si
734 4583 799 4665 quis
823 4583 941 4645 interea
963 4585 1089 4647 celebris
1114 4587 1159 4647 vir
1182 4587 1212 4647 in
1236 4595 1318 4647 tuam
1340 4585 1496 4646 notionem

137 4672 264 4747 venerit,
288 4670 338 4751 qui
361 4672 483 4735 veritati
508 4673 587 4733 ferat
606 4674 789 4753 suffragium.
805 4703 847 4716 -
862 4664 958 4736 Ursus
972 4674 1074 4753 Praga
1097 4676 1136 4738 ad
1159 4694 1206 4736 me
1230 4672 1361 4753 scripsit,
1386 4681 1495 4754 petens

137 4759 330 4841 exemplaria,
355 4761 402 4824 cui
425 4761 561 4843 quamvis
583 4761 703 4824 minime
726 4760 813 4842 gravi
832 4762 957 4838 authori,
983 4763 1094 4825 indulsi
1107 4773 1220 4836 tamen,
1244 4763 1314 4844 quia
1331 4781 1495 4825 caesareus

137 4857 186 4914 εει
207 4849 455 4928 mathematicus,
487 4849 617 4934 mihique
648 4869 708 4934 qua
733 4848 877 4934 prodesse
906 4869 966 4933 qua
992 4850 1100 4917 obesse
1131 4861 1244 4937 potest.
1290 4851 1385 4916 Patet
1412 4851 1496 4920 enim
