3278 5542
146 306 189 378 co
549 299 555 308 ·
736 302 899 396 mmm

142 489 198 525 cero
218 472 329 536 Kepleri,
348 483 412 536 qnae
425 467 584 519 Ριοᾱιοωαω
603 467 736 516 subsecuta
754 473 819 525 snut,
839 479 879 520 ea,
897 479 961 530 quae
979 477 1009 516 es
1026 464 1099 515 dicus
1118 464 1278 513 voluminibus
1295 465 1413 515 desumta
1430 463 1497 513 add·

143 545 235 601 dimus,
254 544 321 594 hand
339 542 407 608 parri
425 547 483 590 sunt
501 538 627 589 momenti.

212 616 279 678 Jam,
298 615 429 666 redeuntes
443 611 475 661 ad
486 610 694 665 Hervartum,
714 609 786 665 haec,
806 608 979 658 concludentes
997 607 1063 657 hano
1080 609 1240 671 praelationis
1257 613 1363 672 partem,
1384 605 1498 656 addenda

142 689 289 741 censuimus.
325 687 433 737 Primum
453 683 515 733 adiit
532 682 669 746 Keplemm
687 680 839 736 Herwartus,
859 680 1034 744 chronologicis
1052 680 1139 729 studiis
1157 687 1307 744 occupatus,
1326 695 1371 744 per
1390 678 1496 728 Christo·

141 762 242 825 phomm
262 759 466 823 Grienbergerum
484 768 498 804 e
517 753 574 804 Soc.
593 753 668 808 lesu.
694 758 746 801 tum
765 753 880 815 temporis
899 751 1004 801 Grastiis
1028 751 1183 803 mathemata
1200 752 1374 815 profitentem,
1401 755 1497 800 semu

141 833 200 883 anui
220 828 301 887 1597,
320 827 448 881 Lucani
467 826 559 875 dictum
578 823 611 873 ad
630 831 723 874 certum
742 823 835 873 annum
852 824 942 873 referre
962 825 1076 888 cupiens,
1103 839 1149 888 qno
1170 824 1302 882 ,Lucanus
1322 827 1439 873 recenset
1456 822 1495 870 ob·

105 917 108 926 ¹
142 904 304 954 servationem
324 898 526 954 constellationis,
547 911 621 960 quam
633 895 748 961 Nigidius
761 896 863 960 Figulus
876 894 1067 946 Mathematicus
1086 902 1146 945 aute
1163 895 1254 945 bellum
1269 895 1340 944 civile
1353 894 1383 944 (l.
1396 894 1421 944 J.
1434 891 1495 943 Cae·

141 976 220 1031 saris,
239 974 277 1024 vel
296 975 385 1025 saltem
404 969 525 1035 Augusti,
545 968 697 1018 observarit*
718 964 805 1028 (verba
823 965 965 1029 Hernami).

214 1121 254 1170 Ad
272 1119 338 1170 hanc
356 1121 527 1186 quaestionem
544 1117 671 1183 respondit
688 1116 844 1181 Keplerus
862 1116 927 1167 hunc
945 1119 970 1167 in
987 1119 1099 1168 modum:

233 1225 309 1291 Cum
332 1228 362 1288 in
386 1229 442 1289 hoc
464 1226 623 1306 dignitatis
648 1226 771 1304 fastigio
795 1226 961 1288 collocatus
991 1225 1179 1288 nihilominus
1207 1225 1363 1287 literarum
1387 1224 1494 1298 studia,

142 1317 299 1379 lectionem
323 1316 516 1379 historiarum
540 1326 572 1377 et
595 1316 767 1377 matheseos
791 1316 990 1394 cognitionem
1014 1334 1105 1389 ames,
1131 1334 1188 1376 non
1212 1333 1336 1396 possum
1361 1312 1493 1393 equidem

141 1405 205 1480 tibi,
230 1406 287 1467 Vir
310 1407 378 1469 nob.
395 1415 426 1468 et
450 1406 549 1485 ampl,
575 1425 632 1467 non
657 1405 812 1485 gratulari,
836 1412 940 1485 utpote
963 1405 1009 1467 cni
1033 1404 1105 1465 nibil
1129 1404 1257 1466 omnium
1280 1422 1382 1464 rerum
1402 1403 1491 1476 deest,

141 1515 217 1576 quae
242 1495 290 1557 vel
312 1495 377 1575 ipsa
401 1495 585 1558 Aristoteles
619 1495 647 1556 in
681 1513 736 1555 sna
768 1493 922 1555 felicitatis
950 1495 1018 1556 idea
1045 1492 1206 1555 desideret.
1254 1490 1321 1564 Quo
1345 1491 1492 1553 lubentius

140 1584 288 1646 desiderio
312 1593 373 1659 tun,
399 1585 478 1665 qnod
493 1584 588 1646 literis
604 1585 641 1645 ad
656 1584 694 1647 D.
711 1581 962 1662 Grienbergernm
985 1584 1065 1646 datis
1090 1590 1222 1645 testatus
1245 1603 1287 1656 es,
1312 1581 1488 1643 satisfacere

140 1674 297 1747 contendo,
320 1675 494 1766 propositae
509 1673 694 1754 quaestionis
710 1672 909 1756 explicatione
924 1674 1054 1755 scripta:
1078 1692 1137 1734 non
1152 1672 1281 1753 quidem,
1307 1672 1386 1750 quod
1407 1672 1452 1732 ita
1473 1689 1489 1730 a

141 1764 257 1825 nemine
281 1784 370 1844 qnam
394 1785 413 1825 a
436 1782 483 1825 me
508 1763 619 1825 rectius
643 1762 705 1824 fieri
730 1780 819 1842 posse
843 1780 1003 1841 sperarem,
1027 1763 1080 1825 sed
1100 1761 1170 1843 quia
1184 1761 1373 1824 occasionem
1389 1761 1489 1822 deme-

140 1853 224 1914 rendi
247 1852 319 1914 mihi
343 1853 421 1916 tanti
445 1853 519 1926 viri,
554 1853 639 1930 cujus
663 1852 734 1913 mihi
757 1871 841 1931 spem
865 1853 977 1914 faciunt
999 1853 1067 1915 illae
1095 1852 1180 1931 ipsae
1211 1851 1337 1921 literae,
1371 1851 1490 1912 mirifice

142 1942 335 2004 deosculatus
359 1962 432 2005 sum.
467 1942 696 2004 Resolntionem
721 1949 820 2004 autem
845 1941 940 2020 ipsam
959 1962 1016 2003 non
1031 1941 1092 2002 alia
1106 1940 1212 2021 scripsi
1228 1940 1380 2013 methodo,
1406 1959 1491 2019 quam

140 2051 185 2106 ea,
211 2050 269 2111 qua
293 2039 383 2094 natae
407 2031 480 2094 mihi
503 2038 574 2093 sunt
596 2032 633 2093 de
656 2031 723 2112 ipsa
747 2029 921 2111 quaestione
945 2030 1157 2111 cogitationes:
1190 2050 1265 2111 quae
1294 2030 1393 2092 forma
1417 2029 1491 2091 scri-

139 2121 229 2184 bendi
253 2121 310 2184 etsi
335 2120 416 2183 rudis
440 2129 471 2183 et
494 2120 616 2201 indigna
640 2121 770 2183 fortasse
794 2127 880 2182 tanto
904 2121 1014 2183 lectore
1039 2127 1095 2192 est,
1119 2128 1220 2181 tamen
1240 2119 1277 2180 ob
1298 2117 1328 2179 id
1344 2118 1417 2181 mihi
1436 2138 1490 2199 po-

139 2209 288 2272 tissimum
313 2209 423 2285 arrisit,
447 2218 481 2271 ut
502 2229 557 2290 per
580 2230 646 2272 eam
668 2218 789 2290 pateret
811 2229 877 2272 cum
900 2211 973 2272 fides
996 2229 1062 2271 mea
1084 2210 1114 2271 in
1134 2209 1190 2271 hac
1211 2207 1412 2288 explicatione
1435 2206 1490 2270 ad-

139 2298 236 2361 hibita
258 2307 320 2361 tum
345 2299 507 2361 difficultas
530 2299 560 2360 in
585 2300 648 2361 alia
670 2300 874 2379 confingenda.
918 2298 1031 2370 Quibus
1053 2299 1083 2360 iu
1107 2298 1235 2379 pagellis
1258 2297 1285 2359 si
1308 2297 1381 2376 quid
1404 2316 1487 2378 repo·

139 2388 224 2461 reris,
250 2388 329 2469 quod
351 2387 480 2468 placeat,
505 2395 538 2449 et
561 2388 598 2451 ob
622 2388 700 2469 qnod
722 2407 769 2449 me
789 2389 845 2449 'tuo
865 2388 984 2467 dignum
999 2391 1101 2450 favore
1116 2407 1251 2461 censeas,
1276 2387 1354 2467 qnod
1379 2387 1489 2449 etnam

80 2480 84 2489 '
140 2495 197 2537 non
222 2476 308 2538 irrita
332 2477 403 2539 mihi
427 2478 606 2539 confidentia
633 2478 863 2557 persuaderem,
898 2479 961 2557 ejus
994 2478 1036 2539 rei
1064 2475 1314 2539 demonstrandae
1343 2477 1490 2555 geminam

139 2566 328 2628 occasionem
352 2585 418 2628 cum
441 2566 562 2645 optione
585 2585 737 2646 propono,
771 2574 805 2628 nt
829 2574 882 2628 aut
905 2587 950 2629 me
974 2567 1011 2628 D.
1035 2566 1193 2641 ficklero,
1225 2565 1289 2627 viro
1313 2566 1490 2638 clarissimo,

140 2655 189 2735 qui
213 2655 477 2730 consanguinitate
500 2664 643 2736 parentes
659 2676 741 2718 meos
757 2655 889 2735 attingit,
914 2656 1112 2729 commendes,
1138 2664 1191 2718 ant
1213 2655 1492 2719 mathematicorum

119 2743 317 2806 ·vestratium
336 2745 451 2822 judicia
474 2745 511 2806 de
535 2763 601 2807 meo
625 2764 717 2825 nuper
741 2746 822 2806 edito
847 2745 961 2819 libello,
994 2765 1060 2807 non.
1086 2745 1179 2807 refert
1212 2763 1300 2825 qnam
1323 2744 1397 2805 mihi
1420 2761 1491 2825 pro-

137 2832 224 2913 pitia,
248 2843 438 2914 extorqueas
462 2841 553 2914 atque
578 2836 616 2897 ad
636 2853 681 2897 me
696 2834 820 2914 perferri
841 2835 881 2906 (si
896 2854 952 2896 non
968 2844 1143 2915 arroganter
1157 2837 1243 2912 peto)
1257 2853 1311 2913 pro
1327 2834 1491 2895 autoritate

139 2930 192 2983 tua
210 2923 330 3005 jubeas.
378 2925 412 2985 Id
437 2943 526 3003 qnam
548 2924 622 2986 meis
651 2925 739 2987 rebns
768 2926 953 3004 profuturum
985 2924 1043 2999 sit,
1077 2925 1276 3003 conjecturam
1301 2922 1417 2984 exilia
1441 2928 1492 2984 tna

139 3011 270 3091 epistola
293 3013 388 3092 capio,
415 3033 490 3093 qnae
515 3014 590 3075 adeo
615 3014 792 3093 quibusdam
815 3033 853 3075 ex
876 3034 940 3076 meo
955 3013 1132 3094 magistratu
1151 3013 1273 3092 placuit,
1299 3020 1333 3073 ut
1355 3012 1429 3074 nihil
1454 3010 1490 3072 ad

138 3119 236 3162 meum
264 3102 404 3163 honorem
437 3103 660 3164 convenientius
694 3105 829 3167 accidere
862 3105 995 3183 potuisse
1029 3103 1205 3163 existimem.
1253 3101 1333 3162 Vale
1356 3101 1436 3162 Nob.
1460 3107 1491 3160 et

139 3189 239 3268 Ampl.
256 3189 321 3262 Vir,
347 3191 426 3251 etsi
451 3191 520 3271 quid
544 3192 605 3252 dixi
628 3192 724 3254 minus
749 3193 812 3254 loro
832 3192 1096 3265 accommodatum,
1121 3190 1401 3252 mathematicorum
1424 3208 1486 3252 mo·

138 3277 219 3339 ribus
243 3279 388 3342 condona.
430 3279 467 3343 17
488 3278 572 3360 Sept.
602 3279 694 3345 1597.
857 3336 862 3345 .

510 3369 588 3432 Nob.
614 3379 644 3432 et
668 3372 768 3450 Ampl.
794 3371 828 3430 T.
1073 3368 1277 3430 deditissimus

989 3458 1032 3520 M.
1058 3458 1218 3521 Iohannes
1240 3454 1368 3538 Kepler.

853 3547 898 3609 lll.
925 3544 1043 3627 Styriae
1067 3566 1222 3628 procerum
1246 3546 1486 3612 Mathematicus.

207 3720 264 3772 Hae
295 3720 397 3789 Kepleri
422 3723 510 3775 literae
545 3726 635 3778 desunt
662 3729 688 3778 in
715 3725 858 3776 collectione
891 3725 1086 3789 Petropolitaua;
1122 3725 1283 3775 desnmsimns
1311 3739 1355 3774 eas
1388 3741 1404 3777 e
1433 3725 1491 3776 libro

136 3793 164 3844 F.
186 3791 288 3843 Paula
313 3792 348 3843 de
379 3795 637 3864 statutumquam
664 3799 802 3861 inscripsit:
831 3796 974 3861 Sammlung
998 3797 1155 3847 natnrhistor.
1184 3811 1208 3844 n.
1241 3796 1335 3860 physik.
1363 3797 1492 3848 Anfsttae·

136 3864 220 3914 Norih.
236 3860 315 3920 test,
333 3868 359 3916 in
377 3882 424 3931 quo
442 3868 488 3917 has
507 3884 563 3919 cum
581 3872 658 3920 tribus
676 3877 795 3934 sequente
814 3884 878 3918 anuo
898 3870 929 3918 ad
946 3869 1100 3919 llerwartnm
1119 3869 1215 3930 scriptis
1232 3868 1308 3917 literis
1327 3868 1430 3932 Kepleri
1448 3870 1491 3918 im·

137 3935 277 4000 primendat
295 3940 402 3994 curarit,
422 3940 547 3990 desumtas
566 3957 580 3992 e
599 3942 771 4004 manuscriptis
789 3940 910 3990 Herwarti
928 3943 953 3988 in
972 3940 1120 3989 bibliotheca
1133 3938 1321 3990 Landshutiana
1339 3936 1419 4000 (nuno
1438 3938 1492 3990 lto·

137 4003 233 4067 uachii)
254 4011 411 4058 conservatis.
450 4010 521 4071 Quae
541 4014 635 4063 addidit
653 4013 775 4075 Keplerus
795 4012 841 4061 illis
859 4012 950 4066 literis,
968 4013 1088 4072 separatis
1108 4013 1246 4075 conscripta
1263 4011 1326 4060 loliis
1344 4011 1420 4074 plane
1437 4026 1493 4075 por·

136 4078 218 4127 tinem
245 4077 277 4126 ad
305 4082 474 4142 quaestionem
502 4085 534 4133 ab
557 4085 686 4135 Herwarto
710 4084 873 4146 propositam,
893 4096 968 4145 quare
986 4083 1026 4132 hic
1046 4083 1183 4132 omittenda
1200 4083 1244 4132 illa
1262 4098 1400 4133 censemus.
1437 4082 1494 4133 Hoc

136 4154 235 4198 tanturn
254 4148 364 4199 addimus
383 4155 542 4216 respicientes
561 4157 593 4205 ad
613 4155 794 4204 conclusionem
812 4155 937 4204 literarum
955 4154 1073 4217 Kepleri,
1102 4153 1237 4218 Keplemm
1260 4161 1394 4218 cognatum
1417 4155 1495 4204 luisse

136 4220 176 4271 Jo.
201 4219 276 4269 hiiah·
301 4221 428 4283 Piclslero,
457 4225 506 4274 filio
533 4226 572 4276 Jo.
601 4226 705 4276 l'ichlori
733 4225 862 4283 Wilensis,
896 4228 965 4288 cujus
996 4232 1075 4276 mater
1105 4241 1172 4275 soror
1199 4226 1245 4274 luit
1269 4225 1379 4282 Miilleri,
1409 4224 1495 4289 proavi

137 4290 247 4353 Kepleri.
295 4292 334 4343 Jo.
366 4292 442 4344 Mich.
475 4297 615 4354 Fichlerus,
645 4312 753 4346 assessor
783 4312 896 4347 camerae
928 4296 1060 4362 Spirensis.
1098 4297 1212 4346 fundator
1243 4295 1356 4360 stipendii
1394 4296 1495 4348 Fiehle-

137 4363 215 4421 riani,
242 4378 289 4427 quo
317 4365 420 4427 posthac
438 4368 563 4418 fruebatur
585 4369 685 4432 Kepleri
710 4369 773 4418 filius
791 4370 946 4426 Lndovicus.
971 4370 1077 4419 decessit
1101 4382 1165 4418 anno
1188 4366 1263 4418 1587.
1301 4367 1356 4416 Joh.
1376 4368 1497 4431 Baptista

138 4434 271 4492 ficklerus,
291 4450 363 4499 quem
382 4453 457 4501 supra
473 4440 596 4504 Keplerus
615 4441 683 4496 dicit,
704 4442 779 4491 irater
797 4449 851 4490 erat
869 4443 921 4489 sine
940 4441 1011 4489 dubio
1029 4441 1102 4495 illius.
1122 4441 1195 4490 theol.
1210 4449 1235 4490 et
1245 4439 1373 4502 jurispmd.
1388 4438 1496 4498 Doctae,

138 4504 251 4556 electoris
277 4505 440 4558 Maximiliani
464 4510 484 4559 1.
514 4519 677 4575 praeceptor.
704 4514 854 4561 consiliarius
882 4520 907 4559 et
929 4512 1108 4575 protonotarius
1136 4512 1337 4576 Salisburgeusis.
1358 4535 1390 4546 -
1410 4510 1500 4562 Prima

139 4577 295 4640 epistolarum
319 4578 490 4640 Hortarer,
519 4599 582 4647 qnae
607 4587 690 4633 insunt
716 4584 793 4633 codici
811 4583 1012 4645 Petropolitano,
1040 4583 1101 4630 data
1124 4583 1250 4632 Mouaohii
1273 4582 1297 4630 d.
1319 4579 1352 4629 24
1371 4579 1429 4631 Oct
1450 4579 1498 4640 9⁷.

137 4648 201 4697 haee
225 4649 315 4700 habet:
344 4649 429 4702 Salute
452 4661 477 4704 et
495 4655 627 4706 officinmm
650 4655 831 4718 studiorumque
857 4654 978 4704 oblatione
1005 4656 1145 4717 praemissis
1181 4657 1309 4705 certiorem
1337 4660 1362 4702 to
1390 4653 1499 4704 reddere

137 4719 210 4775 volui,
231 4720 274 4770 Vir
292 4721 452 4779 Doctissime.
477 4726 561 4776 literas
579 4743 618 4776 ma
636 4735 692 4776 tuas
713 4725 752 4774 17.
773 4725 841 4789 Sept.
860 4725 932 4774 datas
950 4726 1012 4775 hene
1031 4725 1147 4788 quidem.
1173 4735 1285 4776 attamen
1307 4725 1426 4776 hesterna
1449 4726 1499 4778 tle·

138 4805 205 4841 mum
223 4790 277 4849 die,
296 4797 430 4856 accepisse.

210 4862 332 4914 Laetatur
349 4865 383 4916 lui
403 4882 567 4933 summopere,
587 4883 659 4928 curn,
678 4869 724 4918 nisi
743 4883 783 4918 me
801 4868 896 4917 animus
914 4867 988 4930 plane
1005 4866 1090 4921 fallat.
1109 4869 1285 4930 perspexerim,
1313 4866 1357 4915 tibi
1382 4859 1502 4922 hatest

321 5147 337 5183 Ο
