3278 5542
497 346 528 396 de
547 344 696 397 calendario
713 345 740 395 ln
758 357 851 395 annm
868 342 1007 395 unxclx.
1368 337 1430 405 411

108 510 195 573 ilium
228 508 385 588 edlip'sium
418 525 477 568 non
505 523 574 567 esse
596 505 817 580 diminuendas,
852 506 905 568 sed
934 504 1088 586 augendas
1114 502 1216 584 potius
1240 503 1435 584 sequutioues

108 599 174 662 ulis.
221 598 327 677 Itaque
356 597 382 658 si
410 602 535 676 propter
557 603 671 657 eertum
695 613 848 655 nnmerum
871 595 986 657 diemm
1017 595 1055 656 ab
1080 591 1274 674 aequinoctio.
1293 592 1373 654 veris
1396 593 1435 654 ad

107 686 253 752 rtumnale
281 693 416 749 centrum
448 692 547 746 motus
570 683 689 745 omnino
713 683 793 747 idem
816 703 938 746 manere
963 684 1054 746 debet
1077 682 1157 757 Soli,
1191 689 1222 743 et
1245 681 1435 744 nihilominus

108 797 143 840 us
170 772 381 838 eccentricitas
405 781 529 853 propter
552 772 680 852 eclipses
704 775 842 851 augenda
865 781 932 836 est:
957 773 1017 848 fiet,
1041 782 1075 835 ut
1097 773 1177 834 iuter
1196 780 1303 834 centra
1326 789 1434 834 eccen-

108 867 152 929 ici
176 871 210 927 et
232 865 344 925 Terrae
367 868 504 925 centrum
527 862 685 941 aequantia
708 863 806 923 medie
832 863 896 924 loco
921 862 1049 924 incidat:
1076 860 1156 923 sieut
1178 861 1208 922 in
1233 860 1436 941 superioribus

108 955 163 1029 ’,Ω
188 953 283 1032 (apud
307 952 530 1024 Ptolemaeum)
555 960 604 1012 est
626 969 718 1030 supra
740 959 875 1014 centrum
899 950 1068 1023 eccentrici‚
1093 950 1122 1012 iu
1142 951 1228 1012 Luna
1250 950 1328 1011 iufra
1351 950 1382 1012 id
1406 949 1434 1009 in

110 1064 147 1106 so
172 1050 277 1104 centro
301 1041 428 1113 Terrae,
461 1040 490 1101 in
515 1039 620 1118 §jam
644 1059 749 1120 supra,
777 1041 842 1120 jam
865 1041 957 1114 inira,
988 1039 1174 1102 mediolaco
1199 1041 1434 1102 intercentrum

108 1150 193 1196 errae
217 1140 248 1193 et
270 1127 438 1203 accentari,
458 1129 522 1209 jam
547 1130 585 1190 ad
609 1128 690 1190 latus
714 1131 902 1192 alterutrum.
949 1130 1042 1191 Porro
1066 1130 1141 1191 haec
1164 1128 1275 1210 positio
1300 1149 1435 1208 aequan-

108 1242 119 1284 s
153 1222 185 1283 in
219 1220 350 1301 sphaera
382 1215 422 1295 Θ
451 1219 541 1298 plane
580 1227 686 1280 contra
717 1237 851 1281 normam
883 1219 1068 1298 superiorum
1100 1226 1264 1299 contraque
1288 1218 1436 1280 ¹rationes

108 1310 224 1395 nysieas
247 1306 358 1370 terruit
379 1326 438 1380 me,
462 1325 500 1367 ue
524 1307 656 1369 fortasse
680 1308 794 1369 ruinam
820 1307 1075 1387 aequinoctiorum
1099 1327 1201 1370 secum
1224 1308 1335 1383 trahat,
1361 1326 1437 1389 quae

108 1401 210 1464 ulcbre
239 1405 367 1478 possunt
397 1396 562 1458 observari.
610 1398 715 1477 Itaque
745 1397 877 1458 abstinui
910 1416 1016 1460 manus
1048 1419 1067 1459 a
1097 1398 1227 1476 sphaera
1259 1396 1350 1461 Solis.
1396 1397 1438 1458 Et

108 1508 183 1553 ‚meu
217 1506 311 1549 causa
339 1486 450 1547 erroris
483 1485 513 1546 in
542 1485 703 1564 eclipsibus
734 1505 800 1548 cum
828 1505 905 1548 anno
930 1486 1129 1562 convertitur,
1163 1496 1197 1550 ut
1224 1487 1353 1549 vidimus
1381 1487 1438 1548 boc

108 1598 170 1640 nno.
218 1574 401 1639 Necessario
425 1575 527 1654 itaque
551 1575 588 1635 ad
613 1576 705 1636 talem
730 1595 852 1637 eausam
876 1576 1011 1654 coniugi,
1036 1576 1134 1657 qualis
1158 1585 1207 1638 est
1228 1578 1267 1639 iu·
1282 1577 1341 1638 mei
1363 1595 1437 1657 pro-

108 1665 212 1730 nostici
236 1663 411 1744 appendice.
460 1663 494 1725 ld
509 1682 673 1726 consonum
688 1663 866 1739 rationibus,
892 1664 950 1726 uisi
965 1665 1043 1745 quod
1056 1664 1121 1746 jam
1140 1665 1255 1746 pridem
1269 1665 1339 1728 illas
1354 1684 1439 1727 meas
1465 1659 1471 1667 ’

109 1756 169 1819 ιιιίιι
193 1754 325 1816 audaces
348 1752 483 1814 rationes
507 1753 622 1815 tanasti
646 1753 763 1815 leviter.
811 1751 984 1817 consonum
1012 1763 1061 1816 est
1084 1754 1175 1834 igitur
1202 1753 1229 1816 si
1253 1775 1310 1818 non
1340 1754 1438 1817 ratio-

109 1847 178 1919 bus,
203 1849 286 1905 certe
311 1840 529 1922 suspicionibus
552 1843 713 1904 rationum.
761 1843 907 1904 Videmus
932 1843 1048 1904 Lunam
1071 1852 1161 1925 prout
1184 1845 1328 1925 ipseper
1351 1863 1384 1906 se
1409 1852 1440 1905 et
1515 1873 1520 1883 ‚

107 1954 135 1996 ιο
161 1941 244 1994 motu
267 1931 350 1993 circa
368 1930 492 1993 Terram
515 1932 554 1992 ad
578 1931 681 1994 Solem
704 1932 754 1993 vel
776 1953 795 1994 a
814 1931 885 1995 Sole
911 1933 985 2005 abit,
1009 1933 1138 2009 tardam,
1164 1936 1308 2010 velocem,
1335 1934 1439 2006 altam,

108 2023 224 2085 rmilem
252 2041 271 2082 a
294 2020 389 2082 Terra
411 2019 484 2082 lieri.
532 2021 567 2083 Id
591 2021 649 2083 etsi
678 2021 842 2095 nescimus,
871 2023 1060 2103 suspicamur
1086 2031 1188 2086 tamen
1219 2045 1238 2086 a
1260 2025 1290 2086 vi
1314 2021 1439 2087 metrice

108 2112 164 2175 ulis
190 2128 268 2171 esse.
316 2107 350 2170 Si
373 2108 430 2170 hoc
455 2109 556 2171 evenit
579 2110 684 2172 Lunae
714 2119 839 2192 propter
863 2120 976 2174 motum
1005 2132 1089 2174 suum
1108 2114 1274 2195 proprium,
1306 2133 1358 2175 cur
1382 2130 1440 2173 non

108 2201 204 2263 veniat
233 2199 329 2260 eidem
359 2205 483 2278 propter
511 2207 625 2260 motum
648 2200 777 2274 Terrae,
802 2220 857 2280 per
885 2221 973 2281 quem
996 2203 1063 2284 ipsa
1092 2222 1159 2265 cum
1183 2210 1247 2265 toto
1278 2221 1332 2265 suo
1357 2202 1440 2263 coelo

108 2296 180 2353 ieme
204 2288 381 2349 admovetur
405 2286 480 2355 Soli.
515 2295 635 2350 aestate
660 2289 698 2350 ab
723 2308 758 2350 eo
782 2291 972 2353 dimovetur?
1018 2292 1171 2372 Objicias,
1196 2291 1348 2354 diversam
1372 2309 1440 2351 esse

108 2378 235 2442 itionem
265 2377 415 2456 utrinque.
461 2376 541 2438 Nam
573 2379 598 2438 si
628 2378 699 2458 quid
730 2379 899 2459 hujusmodi
923 2381 1027 2443 Lunae
1051 2381 1185 2456 eveniat,
1222 2381 1299 2462 quod
1324 2399 1440 2442 errores

108 2488 164 2532 rca
187 2467 316 2546 eclipses
339 2464 542 2546 patefaciant,
577 2466 769 2548 undecunque
792 2469 822 2530 id
847 2470 903 2544 sit,
937 2469 968 2531 id
998 2489 1147 2532 eumuna
1175 2470 1361 2533 revolutione
1386 2487 1439 2530 ac-

108 2575 188 2620 essus
221 2565 252 2616 et
275 2573 414 2617 recessus
437 2555 513 2616 coeli
537 2555 667 2617 Lunaris
700 2556 813 2619 aSole
843 2559 935 2621 semel
963 2559 1098 2621 converti
1128 2568 1159 2621 et
1183 2558 1348 2622 terminari.
1396 2558 1441 2619 At

108 2666 176 2727 upra
208 2644 237 2704 in
267 2664 327 2706 una
349 2643 537 2705 revolutione
571 2647 705 2726 corporis
729 2646 834 2708 Lunae
864 2667 1006 2710 accessus
1034 2655 1066 2710 et
1089 2668 1228 2710 recessus
1252 2671 1270 2709 a
1294 2646 1366 2710 Sole
1394 2646 1442 2708 bis

108 2734 304 2797 irminabatur
334 2732 387 2795 illa
414 2732 624 2813 inaequalitas.
672 2735 867 2814 Respondes,
897 2736 1048 2798 diversam
1077 2737 1168 2799 etiam
1197 2745 1228 2799 et
1255 2738 1345 2815 plane
1374 2735 1442 2797 bnic

108 2826 126 2886 si
152 2823 281 2883 similem
305 2823 452 2884 rationem
475 2823 503 2884 in
529 2842 564 2884 eo
590 2842 672 2899 esse,
702 2825 781 2905 quod
805 2826 899 2887 Terra
922 2834 953 2888 et
976 2826 1091 2888 coelum
1106 2828 1209 2888 Lunae
1234 2827 1316 2888 circa
1339 2823 1441 2887 Solem

108 2930 206 2990 emper
228 2911 429 2991 progreditur,
453 2919 486 2972 at
510 2930 617 2993 corpus
634 2914 738 2974 Lunae
762 2913 792 2975 in
816 2913 939 2977 dimidia
963 2915 1148 2977 revolutione
1167 2914 1368 2996 progreditur,
1393 2912 1440 2974 di-

108 3001 180 3064 ridia
203 3001 369 3079 regreditur
393 3009 534 3079 respectu
549 3000 641 3063 Solis.
688 3002 773 3064 Haec
797 3002 910 3065 habent
933 3003 1061 3065 intense
1086 3004 1255 3084 analogiam
1281 3001 1441 3084 quandam.

108 3108 194 3170 aque
213 3089 344 3168 suspicio
368 3100 430 3165 est,
458 3109 547 3151 unum
571 3109 639 3152 esse
664 3111 785 3153 oausam
809 3092 945 3154 alterius.
993 3092 1055 3155 Sed
1084 3093 1215 3156 sufficiat
1246 3100 1365 3154 tantum
1388 3109 1443 3170 pre

108 3179 280 3241 sensatione
296 3179 419 3240 dixisse.
467 3176 597 3248 Quinto:
623 3199 660 3241 au
679 3199 751 3242 vero
767 3199 824 3243 non
840 3181 945 3263 ingens
961 3182 1088 3245 audacia
1103 3190 1159 3258 est,
1184 3183 1303 3245 unicam
1319 3180 1442 3243 diurnae

108 3267 282 3331 avolationis
306 3276 337 3329 et
361 3267 479 3348 quidem
504 3268 747 3348 aequalissimam
772 3289 941 3333 mensuram
966 3272 1158 3334 adulterare?
1203 3273 1282 3335 Nam
1305 3270 1362 3332 hoc
1385 3287 1443 3331 uuo

108 3356 245 3420 euamine
270 3364 338 3418 tota
360 3356 436 3418 coeli
461 3357 601 3418 machina
624 3358 784 3421 luxabitur.
833 3359 912 3431 Quid
932 3362 998 3440 jam
1021 3361 1097 3423 certi
1121 3361 1158 3423 de
1173 3360 1254 3424 Solis
1279 3367 1363 3423 motu
1385 3358 1442 3419 ba-

108 3446 240 3520 ebimus,
265 3447 292 3507 si
316 3446 353 3507 de
377 3465 517 3507 mensura
540 3446 599 3507 diei
623 3449 697 3509 certi
723 3467 779 3508 nen
805 3469 916 3524 sumus,
941 3459 994 3511 ant
1017 3469 1076 3531 qua
1098 3469 1239 3512 mensura
1263 3456 1394 3518 utemur,
1417 3446 1443 3508 si

108 3535 155 3597 ies
180 3535 266 3597 nobis
285 3535 436 3597 metienda
460 3536 526 3597 est?
573 3536 765 3616 Respondes,
790 3538 899 3599 nullius
923 3558 970 3599 me
986 3539 1080 3618 pudet
1098 3539 1253 3613 audaciae,
1276 3556 1332 3618 per
1355 3555 1443 3616 quam

108 3643 212 3705 perare
236 3642 378 3703 possum,
407 3643 453 3684 rue
473 3631 588 3687 certum
612 3626 650 3685 ub
674 3626 838 3688 artificibus
862 3645 1038 3706 responsum
1062 3627 1170 3689 elicere
1193 3645 1295 3709 posse.
1342 3622 1443 3695 Quare

108 3733 130 3776 ’,ιι
159 3713 308 3787 artifices,
343 3712 432 3774 facite
461 3713 626 3793 periculum
658 3713 717 3788 rei,
757 3714 913 3794 explorate
946 3715 1156 3778 certitudinem
1189 3721 1289 3778 motus
1323 3731 1442 3774 arenae.

108 3804 235 3882 lagoum
259 3802 387 3882 aliquem
412 3803 560 3864 cumulum
585 3822 695 3864 arenae
719 3821 772 3882 per
797 3804 928 3865 foramen
954 3804 1030 3866 satis
1045 3806 1176 3885 amplum
1200 3802 1362 3874 demittite,
1387 3799 1443 3861 ad-

108 3900 153 3953 ste
178 3891 235 3972 ipsi
258 3892 389 3970 negotio,
416 3911 537 3971 operam
561 3892 631 3952 date
656 3911 693 3952 ne
717 3891 802 3953 initio
827 3893 957 3955 maximo
971 3894 1104 3974 pondere
1127 3901 1283 3973 prematur
1298 3892 1442 3963 foramen,
1516 3933 1523 3943 .

108 3999 144 4043 ne
170 3999 240 4042 vero
263 3980 336 4041 nibil
360 3989 478 4060 urgeat.
525 3981 647 4042 Modica
671 3999 790 4060 semper
813 3982 859 4044 vis
884 4002 972 4045 maun
992 3983 1167 4045 sufficiatur.
1214 3980 1365 4043 Metimini
1389 3979 1444 4039 boc

108 4077 179 4132 acto
208 4070 285 4130 diem
314 4069 482 4145 hibernum,
518 4070 597 4131 diem
621 4068 693 4130 item
718 4071 881 4146 aestivum,
916 4071 941 4134 si
966 4071 1164 4133 differentiam
1193 4069 1334 4145 invenitis
1358 4067 1445 4130 unius

108 4168 142 4222 ut
171 4159 296 4220 duamm
318 4159 471 4234 boramm,
506 4159 700 4239 gratulamini
723 4159 820 4221 vobis.
866 4161 972 4240 Neque
997 4159 1061 4222 Soli
1089 4161 1225 4224 metuite.
1271 4159 1351 4220 Nam
1376 4156 1446 4237 quid

108 4248 222 4311 fficiuut
246 4246 277 4311 5⁶
302 4248 415 4320 (motus
439 4246 460 4310 2
482 4248 638 4320 horarum)
663 4247 693 4308 in
717 4247 932 4324 declinatione,
958 4269 1047 4330 quam
1072 4250 1170 4312 solam
1192 4248 1278 4311 vobis
1302 4247 1375 4309 licet
1397 4247 1444 4309 in-

108 4337 270 4412 trumentis
289 4338 418 4418 capere?
465 4336 527 4399 Sed
551 4356 632 4398 eram
657 4336 770 4399 oblitus
793 4356 885 4418 supra
909 4338 1036 4400 alteram
1059 4358 1185 4401 eausam
1208 4339 1246 4400 de
1261 4336 1348 4398 Luna
1372 4336 1446 4407 (non

108 4425 231 4500 eSule)
255 4425 426 4506 suspicandi
450 4426 626 4506 adjungere,
668 4426 790 4487 Etenim
814 4426 838 4487 si
856 4425 938 4489 Solis
962 4429 1158 4507 aequationes
1181 4427 1210 4489 in
1227 4445 1320 4489 causa
1344 4430 1447 4484 esseut

108 4516 201 4580 noris
225 4516 307 4577 circa
328 4515 472 4595 eclipses,
499 4515 604 4576 Lunae
627 4513 720 4594 igitur
743 4522 842 4576 motus
867 4524 971 4577 essent
994 4517 1084 4587 certi,
1114 4526 1145 4578 et
1172 4514 1299 4578 inveniri
1321 4511 1447 4574 deberet

108 4624 177 4667 nna
201 4624 236 4666 eo
262 4606 337 4681 luco,
362 4606 391 4667 iu
416 4623 502 4685 quem
527 4624 545 4664 a
569 4604 685 4665 calculo
704 4603 867 4683 reponitur.
914 4603 960 4667 At
982 4605 1031 4666 die
1056 4606 1223 4685 paschatis,
1248 4602 1291 4663 uti
1315 4618 1362 4663 me
1380 4599 1445 4680 pri-

109 4712 158 4756 am
182 4693 342 4772 scripsisse
367 4693 539 4756 meminisse
562 4699 660 4771 potes,
685 4691 773 4754 Luna
797 4699 882 4755 tanto
908 4694 969 4756 fere
995 4693 1090 4756 serius
1115 4694 1153 4756 ad
1176 4694 1273 4756 locum
1297 4688 1445 4752 aealculo

108 4783 275 4845 astinetum
300 4783 446 4860 pervenit,
471 4788 583 4860 quanto
608 4779 705 4841 serius
729 4781 850 4861 eclipsis
874 4782 956 4860 prior
979 4789 1170 4862 appamarat.
1217 4779 1299 4859 Ergo
1315 4775 1445 4857 suspicio

108 4883 148 4948 st,
173 4873 279 4934 Lunae
304 4880 417 4934 motum
441 4870 542 4952 potius
567 4888 656 4952 quam
680 4867 762 4932 Solis
785 4870 814 4933 iu
839 4890 932 4933 causa
954 4891 1033 4934 esse.
