3278 5542
137 339 204 409 423
700 338 939 394 renuamus·

140 504 250 578 efficit;
284 502 410 582 denique
436 503 496 563 fere
520 510 817 576 momentaneam,
852 509 882 563 et
911 509 1094 564 commutato
1122 504 1234 585 angulo
1259 500 1441 583 geometrico
1460 501 1483 564 in

141 593 248 671 dlcyor
270 600 302 652 et
324 589 529 670 ἀναρμοστον,
553 591 657 652 statim
680 600 733 653 aut
755 591 845 669 paulo
868 598 940 670 post
963 590 1108 672 quiescit,
1138 591 1334 677 quantumvis
1357 607 1483 652 crescen-

141 682 221 743 tibus
245 680 399 743 stellamm
423 681 590 742 luminibus.
637 679 723 750 Quae
757 698 823 741 euru
855 681 894 741 ab
918 680 1105 760 experientia
1132 682 1194 744 siut
1217 680 1397 744 confirmata
1416 680 1481 741 vali·

142 768 282 832 dissime?
306 769 535 848 suppeditarunt
557 769 629 831 mihi
654 770 797 848 dogmata
821 769 988 848 sequentia.

658 858 787 919 Thesis
810 858 975 919 XXXVII.

231 946 307 1010 Cum
332 945 460 1009 Creator
479 946 566 1007 Dens
595 947 694 1008 mundi
720 947 806 1025 hujus
830 947 964 1025 corporei
992 953 1132 1008 ornatum
1156 963 1195 1006 ex
1218 945 1319 1007 forma
1342 962 1479 1025 corporea,

140 1055 216 1117 quae
241 1036 396 1116 quantitas
420 1042 478 1108 est,
502 1036 697 1097 desumserit:
722 1045 956 1097 consentaneum
980 1043 1037 1109 est,
1063 1036 1144 1114 ipsos
1168 1034 1292 1114 quidem
1311 1034 1405 1108 locos,
1428 1035 1478 1114 ipsa

141 1125 243 1206 spatia
265 1125 418 1203 molesque
443 1143 599 1202 corporum
623 1144 690 1187 eam
714 1125 752 1185 ad
767 1143 800 1185 se
816 1132 916 1185 mutuo
940 1124 1164 1205 proportionem
1187 1142 1258 1185 esse
1275 1123 1398 1197 sortita,
1421 1141 1479 1203 quae

142 1215 184 1275 sit
207 1222 275 1276 orta
299 1233 336 1274 ex
360 1213 521 1274 solidarum
545 1215 703 1293 figurarum
727 1213 874 1274 ordinatis
898 1214 1075 1293 generibus:
1099 1213 1178 1293 quod
1203 1212 1232 1273 in
1255 1212 1407 1293 Mysterio
1428 1231 1479 1273 meo

144 1302 400 1382 Cosmographico
424 1303 564 1382 probavi:
589 1303 736 1364 motiones
759 1321 830 1362 vero
855 1320 1021 1382 corporum,
1047 1321 1123 1383 quae
1142 1301 1329 1363 vitamundi
1344 1309 1403 1375 est,
1426 1309 1478 1361 tunc

139 1393 188 1453 vel
219 1392 352 1453 suaviter
384 1411 549 1454 consonare
577 1393 626 1453 rel
656 1391 811 1471 cooperari
847 1392 980 1465 fortiter,
1015 1391 1132 1472 quando
1157 1410 1196 1453 ex
1221 1391 1328 1471 planis
1353 1389 1480 1452 ordinatis

141 1482 310 1542 desumtam
334 1481 448 1541 habent
471 1481 702 1561 proportionem.
750 1481 829 1541 Nam
853 1487 887 1542 ut
909 1481 1031 1559 planum
1056 1480 1155 1555 solidi,
1180 1480 1224 1541 sic
1248 1487 1352 1541 motus
1367 1477 1480 1558 corporis

140 1578 188 1630 est
212 1570 322 1649 imago.
371 1568 629 1640 Quemadmodum
655 1588 727 1630 vero
756 1569 853 1629 solida
876 1569 1016 1631 ordinata
1042 1569 1070 1630 in
1099 1567 1269 1649 geometria
1297 1568 1480 1648 pluraquam

140 1659 268 1739 quinque
291 1659 477 1737 impossibile
503 1666 657 1719 estesse:
687 1658 731 1719 ita
752 1657 888 1718 rationes
913 1677 1028 1738 quoque
1056 1657 1248 1734 harmonicas
1277 1675 1317 1717 ex
1340 1657 1479 1736 planorum

140 1747 343 1808 ordinatorum
368 1749 592 1826 comparatione
616 1755 699 1808 ortas
723 1747 823 1825 plures
848 1754 917 1808 octo
942 1766 999 1808 non
1025 1766 1103 1822 esse,
1128 1746 1187 1808 alio
1207 1754 1348 1827 tempore
1372 1745 1479 1807 inflar-

137 1835 271 1910 manicis,
295 1836 361 1897 Deo
384 1838 516 1911 volente,
541 1834 767 1898 demonstrabo.

647 1924 775 1986 Thesis
798 1923 980 1985 XXXVIII.

225 2013 362 2074 Mutuum
387 2032 458 2092 ergo
482 2013 673 2075 formatrices
699 2013 833 2076 rationes
859 2020 929 2073 octo
953 2030 1020 2073 cum
1044 2010 1113 2087 siut,
1138 2010 1214 2073 coeli
1239 2029 1313 2074 vero
1337 2010 1370 2072 in
1389 2010 1480 2072 'Iunas

137 2102 217 2165 actio
242 2102 304 2174 (vel
330 2102 430 2183 quasi)
456 2110 553 2163 motus
579 2103 620 2164 ait
645 2103 763 2182 aliquis,
788 2109 821 2162 et
844 2101 1001 2180 contingat
1023 2099 1256 2162 intermediaute
1275 2099 1479 2170 radiostellae,

139 2193 188 2272 qni
213 2192 319 2264 (radii)
338 2191 368 2252 in
385 2192 485 2252 Terris
501 2198 609 2254 coeunt
625 2192 796 2271 faciuntque
818 2192 962 2269 angulos:
987 2189 1121 2251 rationes
1136 2208 1208 2269 ergo
1223 2189 1416 2251 harmonicas
1428 2196 1481 2248 orto

138 2282 166 2343 in
188 2281 370 2342 dimensione
395 2281 498 2342 homm
522 2282 697 2359 angulorum
720 2279 928 2341 versabuntur.
975 2278 1023 2340 Ac
1042 2286 1161 2339 veteres
1178 2278 1300 2357 quidem
1325 2277 1481 2357 conplures
1522 2286 1525 2313 ²

139 2371 266 2450 quiaque
297 2376 477 2448 receperunt
500 2372 691 2450 (aspectus
721 2370 810 2449 vulgo
839 2368 952 2441 dictos)
977 2367 1231 2447 conjunctionem,
1266 2366 1482 2447 oppositionem,
1523 2372 1525 2377 '

121 2452 328 2538 quadratum,
359 2458 483 2533 trinum,
514 2459 663 2521 sextilem.
711 2459 756 2519 At
787 2476 835 2518 me
863 2457 941 2518 ratio
971 2456 1100 2536 primum
1133 2463 1197 2518 tres
1227 2455 1344 2518 addere
1377 2453 1481 2516 docuit:

139 2547 303 2626 quintilem,
325 2546 522 2624 biquintilem,
550 2547 849 2627 sesquiquadratum:
875 2565 949 2625 quos
972 2546 1164 2626 postmodum
1185 2545 1381 2626 experientia
1394 2542 1480 2607 multi·

137 2637 207 2716 plen
230 2635 427 2697 confirmavit.
764 2682 768 2688 .

661 2724 795 2785 Thesis
818 2723 970 2786 XXXIX.

227 2811 359 2875 Causam
392 2831 444 2874 cur
471 2813 606 2892 operatio
636 2814 825 2893 planetarum
853 2813 990 2873 binorum
1018 2817 1084 2871 tam
1107 2809 1207 2871 valide
1238 2809 1415 2873 intendatur
1439 2808 1483 2870 sub
1523 2878 1525 2885 Ι

136 2903 219 2983 ipsos
243 2913 419 2981 aspectuum
446 2903 599 2973 articulos,
625 2904 714 2964 aliam
738 2911 874 2963 statuere
898 2919 957 2962 non
980 2918 1121 2980 possum,
1146 2918 1237 2979 quam
1262 2900 1424 2962 animalem
1444 2899 1482 2959 fa-

137 2993 292 3061 cultatem,
318 3011 393 3071 quae
416 3011 454 3052 ex
478 3011 537 3052 una
559 3000 647 3070 parte
670 2992 713 3052 sit
735 2991 936 3071 geometricae
965 2988 1096 3051 rationis
1119 2991 1213 3067 (quae
1237 2998 1399 3069 aspectum
1420 3006 1481 3049 con·

138 3084 264 3152 format)
290 3099 387 3158 capax
416 3088 448 3140 et
471 3081 569 3141 altera
592 3088 678 3160 parte
702 3080 835 3158 corporis
860 3080 926 3157 ejus
950 3088 1075 3158 potens,
1109 3077 1140 3138 in
1164 3095 1223 3157 quo
1247 3076 1483 3142 animadvertitur
1523 3154 1525 3161 Ι

138 3170 282 3248 operatio.
327 3169 406 3229 Nam
431 3189 487 3229 non
512 3170 546 3229 fit
569 3170 641 3242 hoc,
675 3171 745 3249 quia
769 3168 909 3231 uniuntur
932 3167 1008 3229 radii
1037 3167 1066 3228 in
1090 3185 1148 3227 uno
1173 3166 1297 3246 angulo.
1346 3167 1483 3246 Angulum

140 3256 217 3318 enlm
241 3265 272 3318 et
294 3257 389 3336 pridie
414 3267 445 3318 et
468 3259 613 3336 postridie
640 3266 793 3336 aspectus,
818 3268 849 3317 et
871 3265 1016 3336 perpetuo
1042 3256 1157 3316 faciunt
1178 3254 1314 3335 aliquem
1330 3251 1482 3324 biniradiit

140 3345 274 3425 operatio
298 3365 370 3407 vero
394 3355 465 3408 tunc
490 3346 608 3409 demum
633 3348 748 3421 existit,
774 3366 840 3407 cum
864 3346 991 3426 angulus
1016 3344 1109 3405 habet
1121 3343 1273 3406 rationem
1295 3344 1482 3407 harmonicen

139 3455 192 3496 seu
216 3457 313 3516 σχημα
337 3435 545 3507 (Ptolemaeus
570 3438 649 3499 enirn
675 3457 897 3517 σχηματισμους
921 3435 1018 3506 dicit).
1066 3432 1229 3495 Rationum
1252 3452 1330 3496 vero
1354 3443 1387 3495 et
1408 3431 1482 3496 sche-

140 3532 254 3586 matum
281 3542 335 3603 per
359 3544 391 3585 se
417 3525 499 3586 nulla
522 3525 570 3587 est
594 3526 765 3586 efficientia.
812 3525 920 3603 Fitque
945 3523 992 3584 hic
1015 3523 1104 3603 plane
1127 3523 1223 3592 idem,
1254 3523 1337 3604 quod
1360 3523 1391 3584 in
1412 3522 1482 3584 luco·

139 3614 269 3675 motione
301 3614 474 3675 animalium
501 3613 564 3675 heri
589 3616 677 3676 solet.
725 3612 759 3674 Si
789 3613 854 3693 quis
879 3613 1008 3686 diceret,
1041 3611 1162 3674 obiecta
1187 3612 1273 3674 visus
1303 3630 1358 3692 per
1381 3610 1484 3681 oculum

37 3728 45 3736 ·
138 3702 338 3782 ingredientia
361 3721 482 3763 morere
507 3704 615 3764 animal
640 3722 748 3782 posse,
782 3720 837 3763 nec
861 3720 935 3779 opus
960 3719 1026 3761 esse
1055 3700 1093 3762 ad
1116 3701 1173 3762 hoc
1197 3700 1324 3763 animali
1349 3700 1480 3765 facultate

136 3791 255 3872 inipso
279 3810 404 3872 corpore
428 3801 520 3868 ructo,
544 3800 714 3854 monstrose
737 3791 1011 3870 philosopharetur.

704 3880 839 3941 Thesis
862 3880 931 3940 XL.

226 3967 311 4027 Haec
336 3975 435 4028 autem
460 3969 600 4044 facultas,
626 3987 701 4050 quae
726 3971 786 4031 vim
810 3968 896 4029 addit
919 3964 1102 4046 aspectibus,
1126 3983 1185 4027 nun
1209 3973 1259 4028 est
1282 3966 1314 4028 in
1328 3964 1404 4046 ipsis
1417 3948 1480 4026 alel-

138 4054 185 4116 lis.
232 4055 312 4116 Nam
335 4063 477 4135 aspectus
500 4058 540 4131 hi,
566 4059 724 4138 dequibus
748 4059 883 4130 dicimus,
908 4058 937 4118 in
953 4052 1046 4116 'ferra
1066 4054 1256 4134 contingunt
1269 4064 1400 4136 suntque
1414 4070 1482 4115 mera

140 4165 254 4224 σχεσις,
278 4163 334 4204 non
360 4163 397 4205 ex
421 4154 503 4207 motu
527 4148 683 4208 stellarum
708 4147 875 4208 formaliter
892 4145 1059 4225 profluens,
1085 4144 1139 4204 sed
1165 4164 1203 4205 ex
1219 4139 1483 4207 accidentauiositu

138 4231 274 4293 binarum
299 4233 456 4295 stellarum
480 4254 546 4296 cum
571 4237 675 4297 Terra.
722 4235 983 4306 Quemadmodum
1013 4253 1084 4312 ergo
1112 4233 1214 4294 anima
1244 4251 1371 4295 movens
1395 4246 1484 4312 corpu

138 4340 196 4381 non
221 4328 269 4381 est
292 4322 321 4382 in
346 4321 476 4400 objecto,
502 4325 556 4385 sed
578 4325 617 4386 ibi
641 4325 690 4386 ubi
715 4324 825 4402 objecti
845 4325 963 4403 species
978 4330 1242 4402 repraesentatur:
1267 4322 1317 4384 ita
1334 4322 1480 4389 haecum,

122 4429 213 4489 quae
237 4410 376 4470 efficaces
400 4411 493 4472 efsrcit
516 4423 666 4493 aspectus,
693 4433 759 4475 cum
783 4413 811 4473 in
837 4412 973 4474 omnibus
996 4411 1207 4473 sublunaribus
1222 4412 1409 4493 corporibus,
1431 4416 1481 4470 tua

138 4499 166 4560 in
199 4500 266 4579 ipso
290 4515 399 4576 magno
424 4500 535 4561 Terrae
560 4504 648 4580 globo
677 4504 778 4564 inesse
808 4520 932 4562 necesse
963 4506 1021 4562 est.
1071 4499 1201 4563 Scilicet
1233 4501 1334 4563 omnis
1362 4495 1482 4561 animale

139 4589 269 4650 facultas
300 4596 348 4648 est
374 4585 472 4666 imago
504 4590 562 4650 Dei
589 4612 825 4671 γεωμετρονηος
859 4590 888 4651 in
918 4589 1084 4663 creatione,
1119 4590 1331 4672 excitaturque
1359 4589 1483 4667 adapes

140 4695 224 4737 suum
246 4677 303 4737 hac
330 4676 457 4764 coelesti
476 4688 651 4757 aspectuum
675 4680 842 4760 geometria
865 4679 1108 4742 seu‘harmonia.

691 4769 828 4830 Thesis
851 4768 936 4830 XLI.

227 4851 466 4915 Inconsideratis
497 4873 577 4917 nova
598 4857 806 4938 philosophiae
831 4858 928 4920 forma
949 4855 1113 4929 videbitur,
1149 4873 1229 4937 quae
1257 4872 1320 4917 non
1343 4861 1408 4919 est:
1435 4847 1482 4913 nti
