3278 5542
135 484 233 548 tione.
266 485 395 566 Tempus
418 482 552 549 editioni:
565 484 678 547 nullum
701 483 815 558 statui;
837 482 975 565 intelligo
989 483 1078 562 enim,
1098 502 1174 566 opus
1186 485 1260 551 mihi
1279 462 1347 549 esse
1367 487 1496 551 lectione

136 581 286 636 accurata
307 574 498 648 Aristotelis,
522 572 659 636 Platonis
682 573 737 635 isc.
771 580 817 646 ει,
844 572 1007 653 praecipue
1029 571 1060 635 in
1082 573 1160 638 libro
1181 575 1289 650 tertio,
1321 595 1497 659 cosmogra-

137 664 267 743 phorum
290 664 376 745 hujus
399 663 521 738 aetatis,
545 671 579 724 ut
601 671 633 723 ει
655 661 857 724 historiarum.
895 661 938 724 Et
960 660 1061 725 timon
1083 682 1131 727 me
1154 664 1304 745 peculiare
1328 666 1398 746 quid
1422 667 1496 729 hac-

137 763 229 814 tenns
259 752 392 829 detinet,
426 771 484 833 quo
510 751 607 813 minus
638 770 674 814 ne
706 769 824 813 manum
848 750 967 832 quidem
988 748 1176 817 admoveam.
1222 754 1257 816 ld
1280 755 1342 815 tale
1373 763 1441 817 est:
1466 757 1497 819 in

136 842 273 923 antiquis
296 842 512 924 hypothesibus
536 859 589 920 per
612 840 777 904 doctrinam
806 839 963 920 eclipsinm
985 838 1126 905 docemur
1139 841 1237 905 metiri
1252 841 1334 905 Solis
1350 852 1381 905 et
1394 844 1498 907 Lunae

136 932 287 1011 sphaeras
311 949 468 1012 eorumque
492 948 618 1010 corpora
625 949 635 1004 ;
664 930 701 992 de
725 929 834 991 ceteris
856 927 1032 1010 corporibus
1054 929 1130 995 nibil
1142 930 1381 995 demonstrative
1404 933 1498 996 statui

136 1029 252 1102 potest.
281 1022 317 1084 In
340 1019 554 1104 hypothesibus
575 1016 735 1099 Oopemici
752 1018 839 1081 novis
854 1018 994 1081 docemur
1008 1018 1108 1083 maini
1130 1021 1229 1083 omnia
1243 1020 1373 1095 mobilia,
1395 1040 1497 1084 omnes

140 1111 330 1189 planetarum
357 1111 523 1190 sphaeras3
554 1108 608 1171 sed
637 1108 796 1188 sphaeram
829 1106 956 1171 nimum
983 1124 1021 1169 ex
1047 1107 1085 1171 iis
1113 1110 1213 1172 metiri
1230 1129 1299 1176 ,oon
1327 1130 1498 1191 possumus.
1568 1141 1571 1147 ·

139 1199 240 1262 Docet
269 1200 347 1261 enim
371 1218 436 1261 cum
459 1197 668 1278 antiquissimo
692 1196 888 1272 Aristarcho,
913 1196 1015 1259 orbem
1039 1216 1092 1261 seu
1115 1200 1231 1261 coelum
1253 1200 1363 1262 Terrae
1387 1201 1498 1264 habere

139 1307 171 1350 se
194 1288 297 1368 instar
318 1287 421 1369 puncti
443 1288 482 1349 ad
502 1285 729 1367 amplitudinem
752 1286 887 1355 fixamm,
912 1294 946 1347 nt
960 1293 1010 1347 εει
1024 1286 1096 1349 folio
1119 1285 1180 1351 116
1194 1289 1252 1351 mei
1275 1290 1418 1369 opusculi,
1434 1291 1498 1353 sive

139 1377 241 1458 potius
263 1376 472 1454 „Narrationis
495 1375 668 1439 Rhaetici.“
716 1373 800 1449 (vide
824 1374 904 1436 infra
925 1393 954 1454 p.
978 1371 1048 1449 65.)

227 1467 297 1547 Ego
330 1467 369 1528 ad
396 1464 642 1546 cosmographiae
678 1464 911 1543 descriptionem
937 1465 1063 1526 multum
1090 1464 1238 1527 interesse
1262 1485 1386 1541 censeo,
1410 1469 1498 1542 scire,

140 1577 178 1618 an
202 1575 275 1618 vere
297 1557 373 1618 haec
395 1555 440 1617 ita
463 1574 496 1617 se
519 1554 661 1617 habeant.
709 1552 843 1633 Cumque
873 1552 903 1613 in
932 1551 1099 1632 Copernico
1130 1554 1204 1617 nihil
1231 1556 1349 1618 videam
1377 1565 1500 1636 praeter

141 1641 298 1720 moeson,
322 1646 379 1708 hoc
398 1652 455 1719 est,
481 1663 547 1706 cum
569 1644 620 1706 ille
643 1645 699 1705 hoc
722 1662 782 1705 non
805 1642 866 1704 alic
893 1650 1067 1722 argumento
1092 1642 1277 1706 demonstret
1308 1664 1396 1726 qnam
1427 1666 1500 1708 sen-

144 1736 223 1798 suali
259 1734 325 1807 (nbi
342 1733 488 1814 probatur
511 1733 648 1814 quidem,
676 1733 798 1803 Terram
828 1732 867 1793 ad
890 1750 1025 1792 crassum
1048 1751 1167 1794 sensum
1191 1753 1250 1795 non
1272 1735 1386 1796 distare
1409 1745 1500 1798 nuta-

145 1824 246 1887 biliter
269 1845 288 1885 a
311 1822 400 1898 Scle;
424 1823 496 1896 sed,
525 1842 563 1884 an
587 1822 739 1902 exquisito
768 1840 858 1883 sensu
886 1830 918 1882 ει
946 1820 1152 1882 instrumentis
1176 1823 1250 1885 haec
1274 1824 1420 1887 distantia
1442 1844 1500 1887 non

144 1914 415 1988 animadvertatur,
445 1911 476 1973 id
507 1930 565 1973 non
588 1911 763 1992 probatur),
794 1911 875 1972 viam
898 1908 989 1970 talem
1014 1909 1127 1986 inveni,
1157 1931 1214 1992 qua
1238 1921 1291 1975 aut
1312 1916 1501 1993 suppositum

176 2004 304 2078 obetur,
338 2010 391 2064 aut
413 2001 524 2062 Terrae
554 2020 574 2060 a
596 2008 698 2063 centro
728 1998 874 2061 distantia
901 1998 1104 2061 constituatur
1138 2009 1171 2063 et
1197 2002 1386 2083 exploretur,
1409 2013 1500 2085 atque

158 2090 168 2108 “
208 2091 303 2156 etiam
327 2101 491 2153 extremum
511 2089 626 2152 coelum
649 2089 747 2151 metiri
770 2088 930 2168 possimus.

150 2184 153 2189 '
228 2182 300 2245 Nou
324 2191 372 2243 εει
394 2190 502 2254 autem,
528 2178 606 2259 quud
629 2179 750 2240 credere
774 2178 840 2258 quis
864 2177 969 2256 possit,
995 2176 1085 2238 obvia
1104 2177 1208 2240 hurum
1230 2181 1501 2259 experimentorum

142 2320 147 2333 .
232 2269 286 2335 ic:
314 2270 368 2332 sed
390 2269 439 2330 ubi
463 2269 563 2330 omnia
586 2267 746 2347 diligenter
768 2265 997 2346 perquisiveris,
1028 2265 1080 2327 vix
1103 2263 1124 2328 2
1147 2275 1200 2329 aut
1223 2264 1243 2330 3
1266 2270 1371 2333 modos
1394 2270 1500 2332 obaer-

149 2358 235 2429 randi
258 2359 431 2439 excogitare
453 2357 563 2437 possis.
610 2356 725 2418 Horum
749 2364 848 2417 autem
872 2355 972 2418 nullus
996 2363 1063 2428 εει,
1093 2355 1143 2434 qui
1175 2375 1233 2419 non
1261 2359 1376 2439 aliquot
1406 2378 1501 2422 annos

151 2446 185 2513 ed
205 2449 252 2511 sui
276 2447 519 2511 certificationem
549 2445 699 2526 requirat:
735 2443 870 2525 quamvis
900 2464 960 2505 una
991 2442 1167 2506 observatio
1196 2445 1326 2510 breviori
1357 2448 1501 2531 temporis

153 2539 252 2618 spatio,
277 2547 352 2619 puta
378 2538 392 2599 i
418 2544 471 2598 aut
493 2532 514 2597 2
538 2535 608 2597 anni
631 2532 849 2615 quadrantibus
872 2532 1053 2612 perficiatur.

230 2628 350 2690 Primus
383 2645 420 2688 ex
451 2625 514 2701 hie,
545 2643 632 2705 quem
662 2642 718 2703 ego
748 2622 820 2685 mihi
843 2622 941 2701 elegi,
972 2621 1075 2703 etqui
1100 2621 1343 2687 evidentissimus
1367 2635 1433 2703 est,
1457 2627 1501 2690 sic

154 2716 251 2782 habet:
277 2713 400 2779 Certum
422 2722 479 2788 est,
504 2713 530 2775 si
554 2714 648 2775 Terra
671 2713 712 2774 sit
735 2720 823 2775 extra
845 2712 945 2775 mundi
969 2711 1107 2783 medium,
1122 2711 1274 2776 horizonte
1290 2714 1405 2777 coelum
1423 2735 1502 2778 nun-

155 2825 232 2886 quam
255 2805 395 2867 bilariam
418 2802 530 2878 secari,
562 2802 620 2865 nisi
652 2801 683 2864 in
711 2808 779 2864 ortu
802 2811 855 2863 aut
882 2819 990 2862 occasu
1015 2797 1097 2861 Solis
1121 2801 1365 2883 (praesupposito
1387 2814 1499 2880 tamen,

155 2896 224 2975 quod
252 2902 352 2956 motus
381 2893 502 2955 diurnus
527 2892 637 2954 Terrae
661 2890 814 2952 volutione
838 2890 984 2963 accidat).
1030 2888 1089 2950 Est
1115 2889 1146 2951 in
1174 2901 1334 2971 praesente
1361 2894 1501 2956 schema-

155 2983 233 3047 tismo
258 2983 350 3045 KAH
363 2982 543 3044 meridianus
565 2980 594 3042 iu
615 2981 681 3060 ipsa
704 2980 828 3042 fixarum
852 2979 991 3059 sphaera,
1006 2977 1079 3039 EID
1102 2978 1181 3042 linea
1195 2991 1278 3044 recta
1293 2991 1502 3062 repraesentet

153 3074 310 3145 zodiacum,
334 3091 419 3153 quem
435 3071 553 3151 quidem
568 3070 738 3132 debuissem
751 3069 914 3130 secundum
928 3067 972 3130 rei
995 3066 1153 3130 veritatem
1174 3071 1343 3135 describere
1358 3073 1388 3135 in
1402 3074 1502 3154 amplo

153 3163 195 3225 illc
219 3162 349 3238 circulo,
374 3160 427 3224 sed
450 3167 660 3240 repraesentet
682 3159 760 3220 viam
785 3167 816 3220 ει
839 3157 942 3220 orbem
965 3156 1109 3230 Telluris,
1138 3159 1236 3242 sitque
1260 3161 1371 3224 Terrae
1394 3182 1501 3245 corpus

152 3252 174 3314 in
209 3253 256 3329 E,
299 3251 343 3327 D,
376 3258 408 3312 ει
442 3249 489 3312 bis
522 3249 552 3311 iu
588 3247 625 3322 J;
661 3248 782 3310 ELDM
817 3255 867 3310 eat
1145 3263 1225 3314 rrae.

151 3341 311 3422 amplitudo
335 3339 410 3402 coeli
434 3339 596 3401 terrestris.
644 3339 738 3400 Terra
760 3338 862 3416 itaque
1259 3369 1272 3381 s

151 3440 225 3494 noto
249 3448 350 3492 anuuo
374 3428 535 3491 circumeat
558 3427 596 3489 ab
618 3425 646 3488 Ε
669 3445 722 3506 per
744 3428 760 3488 I
779 3426 808 3487 in
822 3426 861 3501 Ι),

151 3529 178 3582 ει
196 3520 269 3583 hinc
288 3537 404 3580 rursum
426 3517 458 3579 in
481 3517 577 3580 altero
600 3515 786 3578 semicirculo
809 3533 864 3594 per

154 3608 211 3673 lin
232 3608 273 3671 Ε.
305 3606 380 3670 Cum
402 3623 473 3686 ergo
496 3606 603 3686 globus
627 3604 738 3667 Terrae
762 3612 809 3666 est
832 3602 861 3664 io

157 3695 228 3773 Det
252 3706 388 3759 nostmm
410 3697 440 3757 in
464 3715 499 3757 ec
514 3694 693 3758 domicilium
713 3694 756 3754 ita
774 3693 861 3755 incli-

157 3795 258 3864 natum,
284 3797 319 3848 ut
342 3784 512 3866 longissime
534 3785 628 3847 distet
651 3783 689 3845 ab
711 3782 728 3844 I
747 3780 817 3844 Sole
832 3781 863 3842 in
895 3795 921 3839 n
974 3821 994 3827 -·

152 3886 264 3952 centro,
289 3875 390 3937 media
412 3893 470 3936 nox
493 3883 560 3948 est;
598 3881 630 3934 ει
656 3880 719 3936 tum
742 3871 863 3933 horizon
893 3857 917 3964 ᾗ

151 3965 213 4028 ΚΗ.
240 3966 288 4028 At
302 3965 329 4027 si
343 3964 437 4027 Terra
450 3963 490 4027 sit
508 3964 539 4025 in
557 3964 583 4038 I,
597 3970 630 4023 et
647 3971 781 4024 nostmm
806 3961 863 4022 do-

151 4055 290 4119 micilium
306 4073 421 4116 sursum
435 4061 551 4134 vergat,
570 4070 678 4132 vesper
697 4058 753 4124 εει,
770 4047 862 4111 etSul

151 4145 276 4218 occidit;
301 4152 406 4224 estque
429 4143 550 4206 horizon
570 4141 708 4214 FLIMB,
728 4139 862 4202 incidens

149 4234 178 4295 in
201 4232 305 4297 Solem
326 4235 352 4296 1.
399 4231 451 4295 Sic
474 4233 501 4294 si
524 4232 617 4293 Terra
645 4229 676 4291 in
697 4229 726 4290 D
750 4227 861 4304 veniat,

150 4331 180 4384 et
201 4324 233 4386 in
254 4342 290 4385 eo
311 4329 444 4385 nostrum
459 4319 638 4383 domicilium
657 4338 773 4380 sursum
790 4336 861 4379 ver-

149 4419 212 4492 gat,
236 4413 360 4475 horizon
382 4411 446 4491 ejus
469 4418 517 4472 εει
540 4407 607 4483 GC,
632 4415 663 4470 ει
686 4406 834 4471 meridies.

236 4519 313 4582 Esto
334 4520 400 4600 jam
421 4513 554 4593 Ε4Ὓ,
577 4510 730 4584 DQ,
754 4509 866 4589 14⁰5,
890 4508 987 4587 ‹1⁰a3
1012 4518 1043 4572 et
1065 4508 1107 4570 sit
1129 4509 1264 4573 atellaA
1287 4510 1409 4589 polaris,
1428 4526 1504 4590 quae

147 4609 270 4688 ponitur
293 4611 407 4672 coelum
430 4604 561 4668 mediare
584 4623 651 4667 cum
673 4599 762 4681 4Ὕ.
808 4602 907 4681 Igitur
929 4597 1075 4680 superiori
1098 4618 1199 4661 mense
1223 4597 1413 4680 Septembri,
1438 4615 1505 4659 cnm

148 4695 205 4760 Sol
229 4707 315 4762 esset
337 4699 419 4760 circa
439 4690 553 4767 4⁰2,
585 4702 617 4756 ει
643 4694 768 4774 proinde
792 4693 885 4754 Terra
903 4691 985 4752 circa
1006 4681 1098 4764 Dr,
1128 4687 1286 4751 observavi
1316 4687 1506 4750 altitudinem

147 4789 180 4850 A
203 4789 313 4852 stellae
336 4787 367 4849 in
389 4785 489 4849 media
511 4791 610 4846 nocte.
638 4783 774 4847 Necesse
797 4781 889 4862 igitur
912 4787 970 4853 est,
994 4777 1150 4859 provenire
1173 4797 1274 4840 arcum
1287 4775 1358 4840 ΑΚ.
1382 4775 1505 4858 Expec-

148 4878 217 4940 tavi
239 4879 342 4960 itaque
363 4894 458 4958 uoqm
480 4874 522 4937 ad
542 4871 757 4946 Decembrem,
787 4879 821 4933 ει
849 4877 921 4933 tuuc
952 4886 1039 4930 mane
1071 4874 1161 4946 atque
1189 4883 1317 4948 vespere
1347 4863 1505 4929 observari
