3278 5542
245 341 311 408 498
844 346 1004 395 Prooemium.

177 550 189 561 ,
246 502 356 552 hernach
374 504 400 551 iu
420 502 459 550 die
478 502 625 552 Reichstadt
644 503 774 568 Hagenaw
793 504 900 569 gethan.
921 505 981 553 aber
1001 504 1019 553 1.
1041 506 1070 560 F,
1091 506 1121 554 G.
1141 505 1255 556 Medicus
1272 505 1419 570 gablieben,
1439 504 1475 552 bis
1494 517 1523 551 ru
1540 501 1596 550 Dera

247 574 382 623 tddtlichen
402 575 510 638 Abgang
535 589 600 622 anuo
624 571 699 622 1592.
736 575 903 624 Vatervreileu
924 576 983 624 aber
1012 573 1107 624 vor'25
1125 576 1202 625 laren
1230 578 1270 626 bin
1290 576 1332 633 ich
1350 579 1377 625 in
1397 573 1443 624 der
1460 573 1556 623 Graffen
1573 588 1596 621 ιι

247 645 346 694 Hauavv
364 644 486 693 Diensten
511 645 634 693 lrommeu.
672 645 729 695 Hab
749 647 813 694 auch
841 649 865 695 1η
885 647 957 695 rebus
977 647 1084 710 physicis
1108 646 1198 697 etliche
1216 649 1301 697 theses
1328 648 1360 696 de
1381 661 1454 709 opere
1473 644 1521 694 Del
1538 657 1595 692 cres·

245 717 317 765 tionis
337 716 497 778 gescbriebeu
518 714 621 776 (1597).
661 716 707 765 Mit
730 732 782 765 vas
800 716 884 766 Ruhm
908 718 956 767 rud
975 717 1026 766 Ehr
1043 717 1132 781 Raym.
1153 717 1229 767 Ursus
1248 735 1291 769 ror
1309 718 1401 768 Zeiten
1420 714 1593 780 arpenna

245 785 438 836 Mathematicus
457 788 509 836 sich
529 788 613 836 diesen
632 789 730 837 melnen
749 789 858 837 thesibus
876 790 926 838 rud
944 790 1016 838 rebus
1035 790 1142 852 physicis
1161 791 1311 847 videnetzr,
1334 791 1382 839 das
1401 789 1462 838 vird
1482 787 1533 836 sich
1549 786 1592 835 her·

244 857 337 907 nachar
355 859 387 905 im
407 858 511 907 Tractat
529 859 608 907 selber
628 859 718 908 finden.

338 928 450 977 Letzlich
469 930 550 978 haben
570 930 634 978 mich
654 931 718 980 auch
737 946 768 979 ιιι
789 930 895 979 Gnaden
915 932 940 979 in
959 931 1081 980 Dieusten
1101 946 1283 996 augenommen
1302 931 1461 983 derDurchl.
1475 929 1592 979 runem

246 1001 309 1049 Herr
327 999 384 1049 Joh.
409 1003 536 1064 Augustus
555 1001 704 1065 Pialtzgraff
720 1002 766 1063 bey
786 1001 849 1049 Rciu
869 1000 914 1050 ιιι.
935 1001 982 1050 rud
1001 1002 1064 1051 Herr
1081 1001 1137 1051 Joh.
1155 1003 1284 1053 Reiuhard
1304 1004 1370 1053 Grai
1385 1018 1416 1052 zu
1435 1002 1541 1058 Hmav.
1556 1002 1591 1050 rod

244 1071 326 1120 haben
344 1071 409 1119 mich
429 1072 566 1129 ermahnet,
595 1073 642 1119 deu
671 1072 758 1121 studiis
783 1073 967 1123 nachzusetreu
992 1074 1040 1122 rud
1067 1088 1100 1123 an
1118 1074 1164 1123 das
1183 1074 1271 1124 Liecht
1294 1091 1324 1124 ιη
1352 1075 1472 1139 haugen,
1500 1087 1549 1122 vas
1562 1073 1591 1121 ici

244 1143 337 1191 bissher
356 1148 428 1205 gures
447 1143 574 1191 ariundan.

334 1213 377 1260 Als
401 1229 427 1261 es
455 1212 500 1262 mh
529 1214 588 1262 aher
614 1227 646 1261 an
672 1212 717 1264 det
734 1211 905 1265 Hebruschen
924 1211 1020 1279 Spreta
1047 1211 1164 1279 mangeln
1183 1215 1253 1276 volt,
1280 1216 1314 1265 da
1337 1214 1390 1265 hab
1417 1215 1460 1265 ich
1485 1215 1539 1263 rmb
1557 1215 1590 1262 das

245 1282 287 1331 58.
307 1283 417 1401 Jahrffiu
442 1287 549 1333 meinem
573 1285 643 1332 Alter
670 1280 735 1333 mich
759 1281 824 1334 auch
847 1280 979 1335 darhinder
1002 1281 1119 1350 gemacht
1145 1285 1192 1334 rud
1216 1287 1255 1336 die
1278 1286 1402 1336 Cabalam
1425 1287 1475 1335 mit
1497 1285 1590 1350 rugieiclr

249 1369 280 1404 an
301 1370 314 1404 Ε
333 1370 367 1402 ΠΕ
388 1371 426 1404 en.

283 1371 433 1474 ggDiesem
454 1425 526 1474 aliem
554 1426 738 1475 uachzusetzen
766 1427 816 1475 rud
840 1425 920 1476 damit
937 1425 978 1476 ich
1003 1427 1067 1476 auch
1095 1429 1193 1477 meineu
1213 1427 1303 1476 Dieust
1326 1442 1409 1492 gegen
1438 1428 1588 1494 rorgenreltcu

245 1499 349 1546 Fiirsten
374 1498 422 1545 md
442 1497 542 1546 Grailen
567 1496 636 1545 desto
655 1498 739 1546 besser
758 1505 911 1547 aussvrarten
928 1497 1034 1556 hondte,
1063 1499 1095 1547 da
1118 1499 1226 1548 habich
1252 1499 1319 1547 mich
1342 1514 1390 1547 ron
1410 1499 1589 1564 Hagesander

245 1568 319 1618 Stadt
338 1566 424 1628 (deren
443 1570 482 1617 ich
501 1570 525 1616 in
546 1565 578 1615 26
597 1567 659 1617 1ι1ι
677 1566 790 1632 gadiant)
809 1584 858 1634 gen
876 1568 1044 1618 Buchsrveiler
1062 1570 1164 1634 gethan,
1184 1570 1322 1619 trostlieher
1339 1568 1482 1635 Hoffnung,
1500 1570 1555 1619 LF.
1566 1569 1587 1617 11.

244 1640 310 1689 mich
333 1641 358 1688 in
382 1642 488 1688 meinem
507 1639 629 1689 ldblicheu
648 1640 787 1689 Fiirnemen
806 1639 875 1689 nicht
892 1640 1009 1696 hindem,
1037 1642 1142 1691 scudem
1161 1642 1206 1689 mir
1229 1642 1277 1691 alle
1296 1641 1468 1707 beliirdernng
1490 1641 1536 1691 rud
1550 1642 1588 1689 hr-

243 1710 320 1762 achub
337 1711 399 1762 thun
417 1710 524 1760 werden.

340 1800 394 1860 His
423 1800 559 1861 Rnesliui
587 1799 687 1861 verbis
717 1801 792 1862 haec
822 1799 960 1860 addenda
988 1819 1153 1861 censemus.
1203 1797 1310 1871 Quoad
1341 1799 1453 1875 vitam,
1487 1808 1588 1880 praeter

246 1911 291 1964 ea,
317 1908 393 1968 quae
418 1889 481 1967 ipse
505 1889 553 1950 hic
577 1889 750 1967 perscribit,
784 1887 857 1948 nihil
882 1889 962 1950 aliud
987 1888 1072 1949 nobis
1097 1888 1241 1962 innotuit,
1274 1887 1330 1949 nisi
1361 1897 1514 1951 mortuum
1535 1905 1587 1949 csse

244 1987 386 2040 autumno
411 1977 481 2038 aoni
508 1973 605 2050 1616,
632 1984 711 2039 teste
735 1977 913 2046 Maestlino,
939 1978 988 2056 qui
1012 1978 1040 2039 d.
1066 1975 1220 2057 2l.Sept.
1248 1973 1344 2041 1616.
1371 1977 1450 2039 haec
1474 1977 1587 2056 Keplero

242 2067 380 2129 nunciat:
407 2067 465 2142 „D.
482 2066 644 2128 Roeslinns
669 2086 762 2146 nuper
786 2065 869 2127 obiit.
918 2065 1039 2127 Utinam
1063 2066 1093 2127 in
1114 2085 1188 2128 vera
1202 2064 1346 2145 religione
1362 2067 1497 2128 animam
1519 2085 1587 2127 suan

241 2154 364 2219 Christo
398 2155 663 2216 commendaverit.
717 2155 887 2232 Singularis
916 2155 944 2215 iu
969 2155 1113 2233 religione
1144 2173 1262 2234 semper
1291 2154 1358 2227 fuit,
1389 2155 1467 2216 nulli
1495 2172 1587 2234 prope·

241 2245 361 2306 modum
376 2254 477 2306 certae
495 2244 643 2305 addictus.
683 2242 763 2315 Quid
779 2244 807 2304 in
824 2245 966 2305 extremis
982 2245 1087 2323 egerit,
1103 2244 1213 2306 nescio.
1251 2242 1294 2306 Ut
1309 2265 1328 2304 a
1342 2243 1410 2304 Deo
1428 2244 1518 2305 fuerit
1532 2243 1586 2305 illu·

239 2334 381 2406 miuatus,
407 2334 509 2411 opto.“
558 2330 666 2402 Quoad
681 2351 849 2412 personam,
876 2333 955 2393 idem
970 2332 1160 2408 Maestlinus,
1184 2352 1238 2413 per
1257 2331 1368 2393 multos
1383 2351 1484 2393 anuos
1503 2333 1586 2394 Roes-
1627 2396 1629 2405 ,

241 2422 302 2484 11ηο
326 2421 422 2483 multa
449 2423 664 2483 cousuetudine
689 2421 876 2500 conjunctus,
905 2421 961 2481 hoo
991 2422 1048 2482 fert
1076 2421 1113 2482 de
1138 2421 1189 2482 1110
1210 2420 1374 2499 jndicium:
1407 2419 1532 2502 Optima
1551 2430 1586 2481 est
1627 2418 1629 2449 ⁵

241 2512 298 2572 viri
322 2511 477 2583 voluntas,
513 2511 567 2572 sed
591 2531 667 2571 anne
692 2510 792 2571 omnia
815 2509 891 2570 satis
915 2510 1097 2588 prudenter?
1143 2509 1349 2581 Sententiam,
1385 2529 1479 2589 quam
1511 2511 1585 2570 semel

242 2601 341 2662 animo
373 2600 525 2679 concepit,
559 2600 707 2660 mordicus
736 2598 860 2672 retinet,
896 2618 950 2659 nec
975 2598 1158 2660 sufficienter
1190 2599 1325 2660 rationes
1350 2598 1459 2673 audit,
1484 2617 1629 2678 easque,

241 2698 331 2769 prout
353 2687 416 2748 lieri
441 2688 584 2761 debebat,
616 2689 695 2749 inter
719 2707 751 2748 se
775 2705 832 2747 non
858 2696 1023 2766 comparat.
1071 2687 1265 2766 Horologium
1294 2687 1359 2767 ejus
1373 2687 1506 2791 semper
1526 2689 1629 2755 benel

243 2778 392 2838 sehabet
395 2823 537 2839 .....
571 2777 628 2839 Vir
652 2790 699 2838 est
728 2776 883 2849 cordatus,
919 2777 974 2837 sed
1000 2775 1115 2854 primae
1143 2785 1307 2855 conceptae
1331 2774 1485 2854 opinionis
1512 2775 1584 2838 nimis
1623 2740 1629 2823 1

242 2875 348 2928 tenax.
374 2867 457 2936 ideo,
482 2875 516 2927 nt
539 2886 572 2927 se
596 2867 728 2937 evolvat,
753 2865 881 2944 undique
906 2884 1097 2946 quascunque
1121 2865 1255 2926 rationes
1278 2863 1408 2944 colligit
1456 2866 1583 2927 Praesta·

240 2964 297 3030 ret,
323 2957 419 3035 ipsum
443 2955 568 3016 meliora
592 2954 699 3016 admitt
686 2963 760 3016 tere.
800 2960 833 3022 (E
851 2963 928 3013 litem
947 2962 971 3013 d.
991 2961 1033 3012 20.
1053 2962 1102 3013 ιιι.
1125 2959 1215 3023 1613.)

331 3043 459 3114 Qualem
484 3064 516 3104 se
542 3052 745 3105 astronomum
769 3051 801 3103 ιι
825 3045 1009 3124 astrologum
1032 3044 1222 3123 praebuerit,
1258 3061 1324 3105 curu
1349 3062 1388 3104 ex
1413 3042 1507 3124 ipsius
1528 3062 1582 3103 ver·

242 3133 289 3194 bis
313 3141 453 3212 apparet,
480 3152 554 3211 quae
580 3133 719 3209 leguntur
736 3151 765 3213 p.
782 3130 860 3207 228,
883 3142 946 3194 tum
970 3152 1008 3194 ιι
1031 3141 1176 3213 sequente
1190 3131 1314 3212 Kepleri
1334 3131 1528 3194 refutatione.
1558 3132 1582 3193 Ιι

241 3221 465 3282 mathematicis
482 3229 513 3280 et
526 3221 660 3302 physicis
677 3222 773 3300 qualis
790 3221 887 3295 fuerit,
906 3222 1023 3282 abunde
1038 3222 1225 3300 intelligetur
1241 3241 1257 3282 e
1274 3220 1388 3295 libello,
1407 3240 1494 3301 quem
1507 3221 1584 3282 edidit

243 3327 320 3370 auno
348 3306 442 3371 1612.
468 3309 625 3390 inscripto:
652 3310 865 3372 Praematnrae
881 3308 961 3371 Solis
982 3310 1179 3391 apparitionis
1202 3310 1233 3371 in
1250 3309 1341 3373 Nova
1355 3309 1487 3371 Zembla
1508 3328 1584 3372 causa

241 3416 315 3459 vcra
337 3399 391 3460 duc.
417 3399 445 3459 iu
466 3417 522 3478 quo
547 3398 621 3459 haee
646 3398 788 3476 legimus:
819 3407 900 3468 Quam
919 3408 963 3456 ιιι
982 3408 1056 3459 finem
1076 3404 1100 3456 9.
1114 3407 1209 3473 Capitis
1226 3406 1302 3458 libelli
1314 3408 1363 3457 mei
1383 3407 1417 3459 de
1435 3406 1584 3473 Navigamus

244 3486 438 3550 Septentrionali
457 3487 543 3551 reliqui
561 3488 593 3535 D.
613 3487 721 3550 Keplero
740 3487 884 3538 solvendam
902 3489 1083 3551 quaestionem:
1103 3502 1167 3552 quae
1185 3502 1221 3537 sc.
1235 3501 1313 3537 causa
1330 3487 1409 3538 luerit
1427 3496 1583 3553 praenatans

241 3557 306 3608 illius
327 3557 389 3608 Solis
409 3558 585 3621 apparitionis?
613 3559 646 3607 ad
663 3559 729 3608 hauc
747 3559 872 3622 respondit
890 3559 925 3607 vir
943 3559 1098 3607 acutissimus
1121 3560 1147 3607 iu
1165 3558 1246 3608 libello
1264 3573 1309 3607 suo
1329 3558 1474 3624 Dioptrices
1491 3559 1527 3609 his
1542 3571 1582 3606 ιιι·

241 3630 289 3678 bis:
316 3629 389 3679 audio
407 3629 439 3679 D.
459 3628 603 3679 Roeslinum
626 3630 752 3693 problema
775 3629 833 3678 mihi
860 3631 1012 3693 proposuisse
1031 3629 1174 3680 solvendum
1199 3629 1230 3680 de
1257 3628 1315 3681 Sole
1342 3629 1376 3680 11
1396 3631 1493 3681 dieram
1517 3629 1582 3694 spatie

241 3701 313 3751 citius
329 3703 396 3763 justo
416 3716 433 3750 a
450 3700 553 3751 Batavis
572 3703 630 3750 viso.
667 3701 795 3750 Admoueo
814 3707 908 3758 tamen,
928 3703 1098 3764 quaestionem
1116 3701 1182 3750 haue
1200 3714 1217 3750 a
1234 3717 1274 3750 me
1292 3717 1338 3765 par
1354 3703 1520 3753 retractiones
1531 3701 1582 3751 alos

241 3771 381 3834 expeditam
400 3773 424 3820 iu
444 3774 617 3821 Astrouomine
634 3779 705 3835 parte
726 3771 815 3834 Optica
835 3771 894 3833 Cap.
912 3771 955 3820 Vl.
993 3772 1065 3822 Haec
1083 3772 1132 3821 ille.
1170 3770 1233 3821 Cam
1251 3786 1307 3822 roro
1326 3773 1425 3836 optines
1437 3775 1583 3839 ignarum

241 3857 337 3907 prorsus
357 3850 484 3891 ettamen
503 3844 608 3892 scribere
628 3841 719 3907 aliquid
738 3842 836 3892 haode
855 3856 880 3891 re
899 3842 999 3900 vellem,
1027 3843 1127 3904 adjunxi
1147 3841 1208 3906 Cap.
1227 3840 1274 3900 X.,
1304 3851 1330 3893 et
1349 3858 1457 3895 eausam
1473 3843 1542 3906 hujus
1557 3841 1583 3891 rei
1617 3854 1620 3865 ·

240 3915 315 3974 rejeci
343 3914 367 3960 in
386 3916 461 3962 maris
489 3914 709 3963 detumescentiam
730 3921 755 3962 ιι
773 3913 958 3967 subsidentiam.
978 3915 1048 3977 quasi
1074 3928 1119 3978 per
1136 3913 1202 3963 bauo
1225 3913 1354 3965 horizonte
1382 3915 1514 3966 dediriore
1530 3913 1583 3964 iacto

240 3982 283 4032 Sol
301 3984 372 4033 citius
392 3986 447 4032 oriri
471 3987 584 4048 potuerit.
622 3986 768 4034 Admonitus
793 3991 877 4033 autem
905 3985 935 4033 do
960 3986 1059 4034 sinistro
1077 3984 1191 4034 hoamen
1216 3984 1308 4046 judicio
1337 3999 1354 4034 a
1380 3987 1433 4036 viro
1458 3986 1584 4037 ductim
1627 4028 1629 4049 ,

240 4052 273 4103 D.
293 4050 328 4103 M.
350 4054 515 4120 Pemeggero‚
521 4056 605 4137 'acad
623 4056 809 4120 argentinensis
827 4055 962 4119 professore
982 4055 1093 4112 classico,
1114 4071 1163 4105 nou
1182 4055 1269 4106 roscidi
1288 4063 1367 4121 caput
1386 4056 1446 4116 hoc,
1464 4056 1582 4121 sedpnlrli·

240 4125 290 4174 cari
318 4127 417 4189 permisi
441 4129 530 4190 partim
557 4129 586 4176 ob
605 4127 671 4176 hauc
691 4141 805 4184 causam,
825 4126 889 4190 quod
914 4128 967 4187 Jam
993 4128 1037 4175 sub
1056 4126 1139 4190 praelo
1163 4133 1229 4176 esset
1251 4127 1363 4184 libellus.
1394 4143 1444 4179 nee
1461 4129 1495 4179 ad
1510 4140 1583 4178 manus

239 4195 359 4259 amplius,
385 4199 474 4258 partim
493 4199 559 4280 qnod
576 4213 619 4261 per
636 4197 682 4247 hoc
701 4198 793 4262 dogma
811 4196 870 4246 uihil
888 4211 962 4260 scopo
985 4197 1114 4262 principali
1130 4197 1207 4247 libelli
1224 4199 1286 4255 mei,
1312 4213 1415 4249 carrum
1433 4199 1582 4266 aenigma
1626 4152 1629 4241 l

237 4281 282 4333 per
299 4269 491 4330 septentrionem
517 4271 541 4317 iu
567 4271 686 4319 orientem
704 4269 807 4318 Batavis
831 4276 967 4317 monstrare
990 4268 1155 4330 intendentis,
1182 4267 1340 4327 danmamr,
1370 4270 1425 4320 sire
1447 4286 1528 4321 rernm
1542 4270 1582 4319 sin
1626 4258 1629 4303 3

238 4336 327 4388 tusum
345 4337 392 4387 hoe
412 4338 502 4402 dogma
519 4340 558 4388 sit
1627 4324 1629 4351 ¹

328 4408 548 4490 chronologica
572 4411 697 4490 denique
711 4409 848 4471 Roesliui
872 4411 1132 4490 studiaKeplerus
1156 4419 1245 4473 taxat
1267 4411 1296 4473 in
1317 4412 1424 4476 libello
1448 4433 1502 4477 suc
1523 4431 1581 4491 ger·
1627 4458 1629 4491 ,

238 4499 355 4560 manico
380 4499 416 4558 de
440 4498 601 4559 nativitate
626 4497 750 4572 Christi,
776 4518 862 4580 quem
888 4499 1042 4560 exhibebit
1066 4500 1136 4560 Vol.
1162 4499 1218 4561 lv,
1244 4501 1389 4563 editionis
1414 4511 1541 4564 ιιιιιιι.
1626 4496 1629 4563 l

328 4587 382 4648 His
406 4586 593 4666 interpositis
617 4587 747 4648 redimus
772 4587 809 4647 ad
834 4587 969 4648 Roeslini
997 4587 1226 4664 „Discursum“‚
1251 4590 1366 4670 inquo
1392 4588 1579 4671 deprehendi·
1627 4584 1629 4613 ⁵

237 4695 301 4737 mus
327 4675 557 4755 descriptionem
582 4683 716 4736 cometae
730 4675 798 4736 auni
817 4672 914 4749 1607,
935 4676 1079 4755 judicium
1095 4675 1189 4756 ipsius
1205 4678 1241 4739 de
1257 4685 1341 4739 ortus
1357 4681 1461 4743 causis
1476 4681 1579 4760 ejusque
1624 4722 1629 4737 .

236 4765 301 4827 loco
324 4765 353 4826 in
382 4765 500 4828 mundo.
549 4763 714 4844 Comparat
737 4764 813 4826 hunc
838 4774 987 4826 cometam
1010 4784 1078 4827 cum
1102 4765 1170 4827 aliis
1186 4766 1314 4828 cometis
1339 4769 1476 4831 etnovis
1497 4764 1580 4828 stellis
1627 4830 1629 4835 ¹

235 4853 266 4916 io
291 4852 484 4935 Cassiopeia.
506 4852 622 4937 (lygon,
647 4854 678 4916 in
702 4849 779 4916 Ceto
802 4853 989 4930 (variabili),
1014 4854 1043 4916 in
1067 4852 1284 4938 Serpentsri03
1309 4855 1423 4924 deinde
1445 4857 1534 4923 aaa
1550 4868 1580 4916 ἰι
1627 4912 1629 4919 .
