3278 5542
178 312 182 322 '
233 311 276 381 38
825 313 990 377 mmmm

229 476 296 544 quod
313 476 433 526 maximus
452 482 478 526 et
496 478 600 541 optimus
619 482 717 527 avertat
733 473 817 531 Dens,
836 474 933 538 publice
951 475 1013 526 boas
1030 471 1179 537 hypotheses
1199 487 1254 524 cnm
1273 470 1440 538 Scripturas.
1460 471 1592 524 conciliare

229 547 307 599 selles
324 553 349 596 et
367 562 529 613 propugnare,
549 555 642 599 certum
660 553 760 604 metuo,
779 545 850 596 utin
869 543 1033 594 dissensiones
1052 553 1078 594 et
1096 559 1197 594 nemum
1215 559 1254 594 res
1273 544 1368 595 isthaec
1387 553 1518 608 erumpat:
1546 560 1591 610 quo

230 633 291 671 casn
308 618 381 668 selim
399 633 454 684 ego,
472 634 512 670 me
530 621 591 669 istas
611 620 775 685 cogitationes
793 625 859 672 tuas,
878 619 903 666 in
922 631 948 666 se
967 617 1066 682 quidem
1085 623 1110 666 et
1128 615 1306 666 mathematice
1329 616 1501 667 consideratas
1519 629 1589 680 prse-

231 692 313 742 olaras
332 696 358 739 et
374 691 483 745 nobiles,
510 704 636 755 nunquam
660 690 755 740 vidisse.
793 688 850 738 Jsm
868 688 959 738 dudum
978 690 1043 738 enim
1061 689 1086 736 in
1105 687 1212 738 ecclesia
1229 686 1329 738 Domini
1348 688 1404 751 plns
1425 688 1589 738 contentionis

231 769 284 816 est.
303 775 377 826 qnam
395 762 496 812 infimis
515 762 639 826 expediat.
678 760 727 811 Sed
745 763 829 811 nescio
847 775 894 824 quo
912 775 952 810 me
971 761 1076 823 abripiat
1094 759 1191 822 stylus,
1219 760 1257 809 sel
1280 757 1361 823 potins
1379 758 1504 809 fraternus
1522 773 1589 809 meus

228 835 255 884 in
273 839 299 884 te
318 847 402 884 amor:
430 836 472 898 qui
496 835 543 884 nisi
561 834 619 883 talis
636 835 663 882 in
680 840 706 882 te
725 840 807 886 esset.
835 832 914 895 qualis
933 838 986 891 est,
1013 831 1197 881 ardentissimus
1215 833 1328 882 nimirum
1346 836 1373 881 et
1391 830 1588 885 candidissimas,

230 911 283 955 tum
301 904 403 955 liberam
421 905 485 967 stylo
503 905 631 956 licentiam
648 919 697 953 non
716 903 886 968 permisissem.
925 902 973 953 Sed
998 903 1038 953 hic
1062 902 1127 951 idem
1146 916 1215 951 amor
1234 903 1282 952 dno
1301 902 1344 952 abs
1363 910 1389 953 te
1407 902 1536 967 postulat,
1562 908 1588 951 nt

229 977 343 1026 nimimm
368 982 493 1026 strenuum
520 976 588 1025 nobis
617 989 678 1041 agas
705 976 908 1025 mathematicum
936 981 961 1023 et
985 989 1060 1039 quem
1079 980 1155 1023 antea
1172 973 1216 1022 tibi
1235 973 1435 1025 commendatam
1454 987 1510 1024 esse
1529 973 1585 1030 scio,

229 1048 351 1100 ecclesiae
380 1049 585 1112 tranquillitatem
609 1053 753 1098 constanter
780 1048 871 1096 ioreas.
909 1045 985 1096 Hisce
1013 1055 1040 1095 te
1067 1045 1121 1095 Deo
1141 1043 1170 1094 0.
1190 1044 1225 1096 li.
1253 1059 1304 1096 ana
1327 1060 1384 1096 oum
1408 1051 1465 1095 tots
1483 1045 1587 1096 eeclesia

230 1119 319 1170 Christi
337 1119 377 1182 pie
397 1119 549 1169 commendo.
587 1119 715 1184 Tubingae
734 1119 757 1168 d.
779 1116 820 1168 12.
840 1118 930 1182 Aprilis
950 1114 1026 1166 ttae.

300 1189 395 1251 Quibus
422 1190 631 1241 exhortationsbm
659 1198 739 1240 motus
759 1190 881 1253 Keplerus
912 1190 1051 1254 promisisse
1074 1187 1186 1243 ridetur.
1215 1202 1340 1252 nunqnam
1358 1202 1385 1237 se
1402 1187 1542 1238 immiscere
1560 1203 1584 1237 se

229 1261 291 1312 selle
309 1261 515 1325 disputationibus
535 1260 728 1319 ecclesiasticis,
748 1267 819 1312 extat
837 1263 901 1311 enim
922 1260 1026 1325 epistola
1043 1258 1076 1309 Η.
1099 1256 1134 1320 (d.
1155 1259 1178 1308 d
1199 1256 1223 1307 t.
1244 1261 1308 1325 Aug.
1330 1255 1419 1319 1598),
1436 1260 1462 1307 in
1482 1272 1534 1322 qna
1551 1259 1586 1309 bic

229 1346 320 1397 magno
338 1333 429 1397 gaudio
448 1339 579 1397 acceptam
600 1348 616 1382 a
634 1332 741 1396 Keplero
760 1334 943 1396 promissionem
961 1331 1050 1388 refert,
1081 1331 1163 1389 ,illum
1181 1330 1257 1394 plmis
1275 1333 1358 1381 iacere
1377 1329 1500 1380 ecclesiae
1522 1337 1585 1380 trau·

229 1404 393 1470 quillitatem,
422 1418 496 1468 quam
522 1419 678 1468 quoscunque
705 1406 858 1471 ingeniorum
882 1404 1042 1453 nobilissimos
1068 1409 1094 1452 et
1119 1402 1266 1460 clarissimos
1292 1403 1380 1452 tostus.
1418 1401 1453 1451 Et
1470 1404 1586 1464 quamvis,

229 1476 316 1539 inquit,
338 1474 369 1524 de
387 1473 493 1525 thesium
511 1478 614 1525 veritate
634 1475 717 1525 adbuc
736 1476 833 1541 quidem
853 1475 1022 1531 dissidemus,
1042 1489 1079 1526 eo.
1099 1474 1163 1537 quod
1181 1479 1284 1539 uterque
1302 1473 1411 1524 nosmdm
1430 1471 1481 1522 snis
1499 1472 1585 1523 mnda-

228 1547 318 1598 mentis
336 1546 430 1604 nititur,
449 1548 508 1610 quis
525 1553 611 1596 tamen
629 1554 727 1611 propter
744 1554 822 1602 tuam,
841 1560 890 1610 qua
908 1545 955 1596 imi
973 1545 1133 1605 tibi-rideris,
1151 1559 1239 1595 sensus
1252 1545 1439 1601 abundantiam,
1458 1558 1508 1593 non
1522 1546 1586 1609 quis·

228 1631 302 1683 quam
321 1632 463 1679 succenseo,
483 1619 519 1668 sic
537 1619 613 1668 multo
632 1620 711 1667 minus
729 1626 757 1668 tn
776 1618 834 1667 mibi
852 1619 942 1682 poteris
960 1617 1093 1681 indignari,
1113 1617 1154 1680 qui
1167 1615 1311 1666 firmioribus
1324 1614 1439 1666 suffultus
1451 1616 1586 1666 rationibus
1620 1669 1622 1677 ¹

228 1689 303 1739 libere
322 1689 448 1746 dissentio,
467 1691 564 1740 iuterim
582 1695 666 1740 temen
685 1690 875 1741 mathematicas
894 1688 1113 1753 contemplationes
1133 1695 1253 1754 perpetua
1272 1687 1435 1739 admiratione
1457 1701 1585 1738 renmaas.

229 1759 278 1812 Sed
296 1762 363 1811 mest
382 1768 408 1811 et
426 1762 511 1826 rigeat
528 1760 650 1812 ecciesiae
668 1762 864 1836 pia‘sanctaque
883 1759 1071 1824 tranquillitas.“

298 1831 339 1882 De
350 1832 515 1884 Haienrefferi
532 1833 608 1883 literis
625 1834 689 1884 haec
707 1833 782 1884 reiert
799 1833 954 1899 Keplerus
971 1831 1163 1888 Messalino,
1182 1831 1332 1883 condedens
1349 1830 1437 1882 literas
1455 1830 1586 1900 longiores.

228 1918 332 1971 quarum
350 1907 430 1969 major
448 1918 506 1969 pars
524 1906 590 1955 intra
608 1910 740 1970 sequetur:
1217 1901 1222 1909 '

313 2111 382 2128 ....
399 2064 512 2128 Restat
526 2085 615 2128 unum
631 2067 737 2141 adhuc,
763 2075 796 2129 et
818 2084 892 2147 pene
916 2064 1119 2146 praecipuum.
1154 2058 1221 2134 Quo
1241 2064 1365 2126 oonsilio
1381 2065 1419 2127 ad
1433 2065 1473 2126 D.
1489 2065 1587 2128 Hais-

227 2156 365 2218 reiierum
389 2156 571 2235 scripserim,
596 2156 685 2219 nosti.
732 2155 912 2235 Respondit,
938 2174 1055 2218 summa
1069 2153 1222 2237 literarum
1235 2153 1310 2215 haec
1326 2162 1392 2216 est:
1418 2151 1585 2216 abstineam

228 2266 247 2307 a
270 2244 421 2307 mentione
446 2264 599 2307 sacrarum
614 2246 768 2307 literarum
783 2246 811 2307 in
831 2244 961 2324 publico.
1010 2243 1165 2307 Offensum
1184 2243 1219 2303 iri
1242 2243 1352 2305 multos
1375 2244 1487 2306 bonos:
1514 2262 1583 2326 quos

226 2334 305 2396 inter
328 2342 414 2396 etse
439 2353 497 2395 non
522 2334 646 2405 obscure
670 2344 784 2397 censet.
834 2332 961 2395 Omnino
985 2334 1104 2396 videtur
1128 2337 1280 2403 metuere,
1309 2350 1345 2394 ue
1369 2331 1503 2395 munitus
1533 2338 1582 2412 ego

228 2423 392 2485 autoritate
419 2422 563 2492 Friderici
590 2423 733 2502 principis
765 2441 820 2503 per
847 2422 907 2483 vim
935 2423 1095 2485 extrudere
1124 2420 1213 2483 velim
1245 2420 1448 2485 defensionem
1482 2431 1586 2486 contra

227 2529 380 2574 sacrarum
404 2511 560 2574 literarum
583 2512 778 2592 objectiones,
804 2512 877 2575 dicit
900 2511 992 2588 euim,
1025 2516 1176 2591 repertum
1199 2509 1254 2585 iri,
1284 2510 1334 2589 qui
1357 2530 1420 2573 rem
1443 2510 1586 2590 impedire

224 2599 330 2662 velint.
376 2602 499 2662 Interea
517 2600 607 2679 jubet
629 2620 676 2663 ma
700 2609 820 2663 strenue
844 2619 970 2683 pergere
993 2601 1023 2662 in
1047 2601 1095 2662 his
1118 2599 1350 2681 hypothesibus,
1375 2608 1525 2681 quatenus
1549 2599 1586 2661 ad

228 2689 442 2752 astronomiam
467 2690 591 2753 iaciunt.
638 2689 799 2752 Enimvero
823 2691 901 2772 quod
926 2698 1018 2752 autea
1041 2688 1153 2758 censui,
1173 2689 1238 2768 jam
1253 2688 1346 2750 multo
1361 2688 1459 2769 magis
1482 2689 1587 2752 credo:

227 2799 286 2841 non
310 2798 377 2844 esse
402 2779 531 2841 alienum
556 2801 575 2842 a
598 2777 766 2860 Copernico
789 2779 950 2855 hominem,
975 2780 1028 2841 sed
1053 2780 1130 2841 inter
1152 2778 1309 2857 theologos
1334 2786 1453 2841 ceteros
1477 2798 1584 2841 neces-

228 2867 309 2930 sario
333 2869 474 2931 standum
498 2868 555 2948 ipsi
578 2888 632 2950 pro
656 2870 819 2933 autoritate
845 2872 893 2942 (ut
906 2871 1029 2950 putant)
1054 2867 1230 2947 scripturae.
1276 2867 1406 2947 Ideoque
1430 2887 1517 2930 suam
1532 2887 1586 2948 ge·

227 2957 348 3020 uuinam
371 2959 552 3021 senteutiam
575 2959 647 3020 mibi
670 2978 729 3021 non
754 2959 897 3038 explicat.
944 2956 1023 3028 Quid
1049 2957 1192 3037 agemus?
1216 2957 1294 3017 Tota
1309 2957 1494 3033 astronomia
1509 2956 1588 3018 tanti

228 3066 285 3109 non
310 3053 373 3121 est,
407 3055 441 3109 ut
468 3067 544 3109 nnus
568 3067 609 3121 ¹ex
632 3049 749 3128 pusillis
775 3047 889 3112 Christi
914 3048 1091 3110 offendatur.
1139 3043 1215 3109 Cum
1237 3045 1339 3126 itaque
1362 3065 1433 3127 pars
1456 3047 1589 3109 maxima

228 3136 383 3198 doctorum
408 3136 499 3198 etiam
523 3137 561 3198 ad
584 3137 662 3199 hanc
687 3137 888 3199 astronomiae
915 3139 962 3212 (ut
985 3137 1074 3216 vulgo
1099 3135 1231 3209 ridetur)
1256 3135 1471 3198 sublimitatem
1494 3135 1587 3199 intel·

232 3226 312 3287 lectu
335 3244 388 3287 suo
412 3244 470 3286 non
494 3227 655 3288 ascendat:
681 3246 737 3307 age
761 3227 989 3308 Pythagoraeos
1011 3226 1058 3286 vel
1084 3225 1205 3287 taudem
1229 3225 1321 3287 etiam
1344 3225 1493 3288 institutis
1517 3225 1587 3287 inri-

230 3322 337 3376 tamus.
384 3314 533 3377 Privatim
557 3334 611 3376 nos
635 3316 683 3395 qui
708 3316 787 3389 adit,
812 3315 1061 3383 communicemus
1084 3313 1128 3376 illi
1153 3313 1278 3375 candide
1305 3323 1439 3376 nostram
1460 3322 1585 3376 senten-

230 3403 315 3466 tiam.
362 3399 485 3468 Publice
518 3412 681 3467 taoeamus.
730 3403 791 3468 Cur
827 3404 1043 3466 astronomiam
1080 3401 1265 3465 astronomiis
1300 3404 1450 3485 perditum
1486 3401 1585 3467 imus?

232 3491 329 3554 Totus
352 3492 478 3555 muudus
501 3493 672 3574 hujusmodi
696 3502 795 3557 scatet
818 3493 1003 3568 hominibus,
1035 3492 1084 3572 qui
1107 3491 1207 3573 parati
1230 3500 1299 3555 sunt
1325 3500 1420 3555 totam
1443 3501 1581 3556 astrono-

232 3581 342 3655 miam,
368 3581 394 3644 si
418 3580 586 3663 Coperuico
610 3601 691 3644 mere
715 3584 909 3658 adhaereat„
923 3582 1031 3644 mundo
1055 3582 1163 3662 ejicere
1191 3583 1410 3662 commodisque
1439 3583 1586 3646 artificum

229 3670 389 3734 obsistere.
423 3673 565 3735 Artifices
580 3691 651 3733 vero
675 3691 712 3734 en
736 3691 769 3734 se
792 3672 867 3753 ipsis
890 3671 940 3732 vel
964 3691 1001 3734 ex
1019 3691 1093 3733 aura
1115 3670 1216 3732 vivere
1235 3689 1292 3733 non
1306 3680 1444 3751 possunt.
1483 3669 1585 3742 Quare

229 3760 273 3823 ita
296 3760 327 3823 in
351 3762 561 3825 astronomicis
586 3780 734 3841 agamus,
774 3773 807 3824 ut
835 3761 969 3823 fautores
997 3761 1197 3823 astronomiae
1226 3760 1408 3822 retineamus
1437 3768 1470 3822 et
1492 3768 1586 3823 utne

228 3850 406 3914 esuriamus.
453 3849 541 3922 Quod
566 3851 633 3914 ideo
657 3851 765 3927 scribo,
792 3851 862 3931 quia
884 3849 1050 3931 penultimis
1073 3849 1126 3913 turi
1148 3849 1279 3929 epistolis
1301 3850 1341 3911 ad
1360 3869 1406 3911 ine
1425 3849 1587 3928 scripsisti,

227 3947 259 4000 te
284 3940 382 4019 quoad
405 3940 521 4002 ludicra
545 3947 657 4003 tractet
680 3941 898 4016 Haferelierus,
928 3939 1050 4002 ludicris
1074 3957 1241 4012 occurrere,
1267 3940 1320 4000 sed
1343 3949 1481 4019 paratum
1505 3959 1586 4013 esse,

227 4028 254 4090 si
277 4027 386 4090 seriam
411 4028 466 4091 tibi
489 4039 609 4091 moveat
633 4031 879 4105 controversiam,
903 4048 957 4111 pro
981 4028 1087 4090 merito
1107 4029 1189 4089 illum
1204 4028 1352 4109 excipere.
1390 4030 1490 4091 Nolim
1506 4028 1586 4092 enim

228 4123 258 4177 te
280 4116 330 4198 uel
353 4117 383 4179 iu
412 4136 509 4180 meam
538 4118 586 4179 vel
616 4119 645 4181 in
670 4118 764 4198 ipsius
789 4119 880 4181 etiam
903 4118 1042 4182 veritatis
1076 4119 1165 4196 (quae
1199 4117 1307 4181 nullius
1340 4118 1469 4200 hominis
1498 4118 1585 4180 salu-

226 4214 287 4268 tem
311 4214 366 4269 aut
388 4208 573 4269 commodum
597 4208 765 4282 concernit)
789 4208 919 4286 gratiam
944 4207 1078 4270 inimicos
1102 4206 1156 4268 tibi
1171 4207 1331 4270 conciliare
1347 4217 1400 4269 aut
1418 4207 1584 4270 incommo-

227 4294 293 4356 dius
318 4313 418 4375 agere.
464 4296 509 4358 Tu
533 4296 582 4377 qui
607 4297 860 4372 animadvertisti,
889 4305 1023 4362 tractare
1051 4297 1146 4358 virum
1173 4294 1257 4358 illum
1284 4297 1366 4358 seria
1387 4315 1442 4376 per
1477 4297 1584 4369 lusum,

226 4384 345 4448 clavum
369 4385 455 4447 clavo
479 4385 591 4465 pellere
614 4392 702 4464 potes
726 4396 757 4448 et
779 4387 827 4447 vel
852 4386 931 4447 seria
954 4394 1137 4448 tractantem
1161 4385 1227 4448 lusu
1251 4387 1388 4466 excipere
1411 4387 1503 4460 serio,
1529 4404 1585 4447 nec

228 4467 288 4534 alia
310 4492 440 4554 persona
463 4475 492 4536 iu
517 4493 640 4537 arenam
663 4475 856 4537 descendere.
900 4475 984 4537 Haec
1012 4493 1068 4555 ego
1097 4474 1215 4555 quidem
1242 4470 1451 4554 παρρησιαζων
1474 4494 1529 4537 nec
1553 4482 1585 4535 te

228 4560 366 4638 imitans,
399 4562 450 4644 qui
478 4564 558 4626 soles
585 4563 676 4625 nihil
706 4565 888 4638 dubitare,
918 4563 1066 4646 quiahoc
1090 4567 1146 4642 'ego
1170 4584 1269 4644 agam,
1294 4564 1373 4645 quod
1397 4583 1444 4625 me
1468 4562 1584 4627 hortari

152 4704 155 4710 ,
225 4670 279 4732 pro
304 4652 469 4714 autoritate
492 4672 618 4733 posses,
648 4661 680 4715 ut
703 4672 833 4733 agerem.
882 4652 998 4724 Quodsi
1021 4655 1111 4715 aliter
1133 4652 1188 4715 tibi
1211 4654 1328 4715 videtur
1351 4654 1380 4715 in
1404 4653 1461 4715 hac
1478 4672 1582 4727 causa,

227 4757 345 4822 semper
366 4740 436 4803 mihi
461 4743 518 4804 erit
540 4744 701 4822 integrum,
731 4750 813 4804 tuum
842 4743 924 4823 sequi
953 4743 1125 4805 consilium:
1164 4761 1231 4802 nani
1260 4743 1288 4804 iu
1312 4743 1486 4822 praesentia
1509 4742 1583 4804 nibil

225 4829 392 4917 respondeo
415 4830 454 4898 D.
471 4831 666 4911 Hafereffero,
692 4831 748 4895 nisi
773 4840 806 4893 ut
827 4850 882 4916 per
904 4831 1091 4898 occasionem
1115 4829 1199 4895 illum
1222 4831 1336 4896 salutes
1361 4831 1581 4895 officiosissime
