3278 5542
676 345 763 406 aaut*
782 337 878 391 nm
1393 338 1456 408 241

184 496 267 568 Quid
290 496 398 577 igitur,
426 517 464 559 an
487 516 547 559 non
577 496 756 561 alterutram
785 498 994 580 hypothesium
1018 498 1100 561 circa
1122 499 1250 578 primum
1274 509 1386 576 motum
1409 504 1459 577 (ut

106 588 234 665 exemplo
259 587 429 666 loquamur)
453 587 563 649 falsam
587 607 655 650 esse
679 606 804 674 necesse
829 596 885 662 est,
912 596 965 649 ant
988 607 1065 660 eam,
1090 608 1166 669 qnae
1183 590 1306 652 Terram
1330 591 1458 653 aitmo-

106 677 159 738 ’eri
181 677 266 737 intra
288 676 419 747 coelum,
449 683 502 737 aut
524 694 601 751 eam,
626 696 703 757 quae
727 678 841 738 coelum
865 677 930 738 vult
958 678 1059 757 gyrari
1083 679 1164 740 circa
1186 679 1330 741 Terram?
1376 678 1457 742 Sane

106 767 120 829 »i
143 764 384 826 contradictoria
406 765 494 827 simul
517 783 590 827 vera
612 775 855 846 nequeuntem,
881 784 976 845 neque
992 767 1066 829 haec
1082 767 1139 829 duo
1154 768 1242 831 simul
1261 787 1334 831 vera
1355 776 1458 842 erunt3

106 854 154 916 ed
174 854 305 916 alterum
329 853 448 915 omnino
482 854 601 917 falsum.
648 855 693 916 At
720 863 847 935 utroque
878 855 965 916 modo
994 856 1072 917 idem
1101 857 1139 917 de
1168 857 1263 935 primo
1294 867 1377 921 motu
1401 859 1455 919 de·

106 950 292 1007 nonstratnr.
337 941 473 1004 Eaedem
500 939 664 1024 sequuntur
694 945 846 1023 signorum
877 944 1074 1018 emeramnus,
1101 945 1192 1006 iidem
1216 947 1291 1022 dies,
1317 956 1401 1009 ortus
1426 957 1459 1007 et

106 1051 224 1095 ccasus
249 1031 420 1104 stellamm,
455 1032 577 1093 eaedem
602 1033 765 1113 qualitates
796 1032 937 1094 noctium.
988 1033 1037 1095 Ex
1066 1034 1144 1095 falso
1175 1035 1266 1114 igitur
1299 1054 1392 1114 aeque
1421 1055 1457 1096 ac

106 1142 132 1185 m
154 1140 229 1182 vero
253 1139 355 1182 verum
379 1121 533 1200 sequitur?
578 1121 701 1183 Minime
725 1122 870 1201 gentium.
916 1123 984 1184 Non
1001 1122 1077 1183 enim
1098 1124 1182 1198 haec,
1207 1143 1282 1203 qnae
1302 1126 1458 1188 ,recensita

106 1219 166 1273 unt
198 1218 231 1270 et
263 1210 343 1271 mille
367 1209 443 1284 alia,
472 1211 520 1271 vel
542 1217 665 1289 propter
688 1211 799 1272 Terrae
824 1212 881 1280 ,vel
912 1218 1037 1290 propter
1060 1212 1136 1274 coeli
1165 1222 1280 1274 motum
1303 1214 1456 1288 eveniunt,

106 1309 245 1381 quatenns
269 1298 295 1359 is
320 1299 432 1361 Terrae
456 1299 505 1360 vel
529 1299 603 1361 coeli
622 1309 721 1361 motus
746 1310 812 1361 est:
843 1301 895 1361 sod
920 1307 1068 1380 quatenns
1098 1301 1259 1363 intercedit
1282 1303 1361 1364 inter
1384 1321 1457 1364 coe-

106 1408 154 1450 um
179 1397 214 1449 et
236 1389 361 1449 Terram
386 1388 496 1468 aliqua'
511 1388 664 1468 separatio
688 1408 777 1469 snper
801 1396 899 1450 tractu
924 1389 1065 1468 quodam,
1091 1390 1140 1470 qni
1159 1390 1292 1470 legitime
1317 1391 1355 1452 ad
1378 1390 1458 1452 viam

106 1477 176 1541 iolis
202 1479 245 1538 sit
272 1477 416 1546 iuflexus,
449 1486 633 1557 utrocunque
661 1477 726 1557 jam
750 1496 874 1557 corpore
904 1477 956 1539 illa
984 1479 1137 1556 separatio
1165 1479 1346 1558 perficiatur.
1392 1479 1458 1541 De-

106 1574 304 1629 nonstrantnr
324 1565 417 1645 igitur
440 1574 511 1627 ante
537 1566 619 1627 dicta
641 1585 696 1646 per
719 1568 793 1628 duas
818 1567 1016 1648 hypotheses,
1045 1578 1192 1649 qnatenus
1214 1569 1286 1630 illae
1301 1576 1380 1630 sunt
1403 1568 1458 1630 snb

106 1675 152 1720 mo
166 1673 290 1736 genere,
313 1673 371 1716 non
395 1663 542 1735 quatenns
566 1656 645 1718 inter
658 1675 692 1717 se
706 1657 856 1718 differunt.
904 1655 981 1718 Cum
1000 1675 1073 1737 ergo
1087 1676 1180 1719 causa
1194 1658 1459 1720 demonstrationis

106 1764 185 1809 mum
209 1746 286 1820 sint,
311 1763 404 1806 causa
427 1744 694 1807 demonstrationis
722 1746 814 1807 etiam
838 1763 896 1806 non
922 1754 1009 1808 erunt
1039 1745 1282 1809 contradictoria.
1329 1746 1376 1809 Ac
1400 1747 1459 1808 etsi

106 1836 155 1899 llis
178 1835 349 1896 adhaereat
375 1833 575 1896 contradictio
598 1835 742 1916 physica,
778 1835 831 1896 illa
850 1843 951 1896 tamen
976 1836 1263 1898 demonstrationem
1287 1836 1352 1914 jam
1384 1836 1459 1897 nihil

106 1925 218 1988 ttinet.
266 1924 335 1986 Non
358 1922 451 2003 igitur
474 1930 506 1984 et
529 1943 568 1985 ex
590 1942 662 1987 vero
686 1932 718 1985 et
740 1943 778 1984 ex
801 1924 880 2000 falso
904 1943 1005 1984 verum
1026 1925 1109 2003 sequi
1134 1924 1189 1985 hoo
1209 1924 1329 2004 quidem
1353 1943 1457 1985 exem-

106 2015 144 2076 oo
177 2012 340 2093 probatum
367 2020 425 2074 est.
471 2011 534 2074 Sed
564 2012 663 2075 acrius
692 2013 822 2075 fortasse
846 2031 901 2073 nos
931 2013 1050 2091 urgebit
1078 2014 1266 2074 notissimum
1290 2013 1458 2093 exemplum

106 2104 132 2165 le
155 2102 349 2165 concentrico
373 2121 441 2163 cum
464 2101 612 2184 epicyolo,
646 2102 697 2182 qui
719 2101 904 2182 aequipollet
931 2103 1108 2164 eccentrico.
1156 2104 1204 2163 An
1230 2121 1304 2176 non,
1338 2102 1364 2163 si
1387 2102 1456 2182 pla-

106 2199 168 2255 reta
192 2211 247 2253 sen
271 2191 410 2271 quicquid
434 2191 465 2253 id
489 2199 538 2254 est
561 2191 640 2272 qnod
664 2185 817 2270 planetam
840 2191 955 2265 incitat,
981 2200 1116 2253 centrum
1136 2192 1296 2253 eccentrici
1321 2191 1350 2251 in
1375 2199 1456 2253 motu
1499 2234 1502 2239 ·

106 2301 150 2345 tuo
173 2280 311 2359 respicit,
336 2287 472 2342 centrum
495 2280 623 2362 epicycli
645 2279 735 2342 simul
758 2299 816 2341 non
832 2280 992 2358 respiciet?
1039 2279 1126 2351 Quod
1142 2281 1167 2342 si
1187 2280 1253 2360 quis
1269 2288 1458 2342 astronomus

106 2390 151 2433 roc
175 2369 344 2432 affirmabit
375 2369 455 2432 alter
477 2369 569 2444 illud,
606 2370 716 2432 laisum
739 2369 776 2431 ab
801 2370 946 2431 ulterutro
970 2369 1028 2431 dici
1052 2389 1149 2431 nonne
1170 2389 1294 2431 necesse
1310 2378 1366 2444 est,
1392 2387 1459 2431 cum

107 2479 198 2522 amen
230 2458 311 2520 idem
340 2465 467 2538 uterque
497 2458 699 2533 demonstret,
737 2459 858 2538 ¹aequali
891 2458 1008 2520 scilicet
1035 2468 1175 2521 manente
1205 2459 1347 2538 planetae
1375 2467 1458 2519 motu

106 2567 211 2612 noram
241 2556 344 2609 tamen
373 2547 439 2627 ejus
472 2547 502 2610 in
529 2565 588 2609 uno
617 2547 804 2610 semicirculo
838 2548 1000 2625 longiorem
1029 2547 1112 2608 lieri?
1165 2547 1214 2609 Ex
1247 2548 1324 2609 falso
1356 2547 1458 2628 itaque

106 2657 192 2720 teque
216 2656 253 2698 ac
277 2656 314 2698 ex
337 2655 410 2699 vero
433 2654 539 2699 verum
562 2655 659 2698 nonne
683 2635 726 2699 sic
747 2636 900 2716 sequitur?
945 2637 1068 2698 Minime
1083 2638 1233 2716 gentium:
1258 2637 1364 2698 eadem
1379 2637 1458 2699 enim

106 2728 265 2809 esponoeo
304 2744 380 2806 qnae
403 2744 503 2805 supra.
560 2725 601 2819 ld
623 2744 680 2806 quo
704 2727 872 2795 coniicitur,
902 2744 1002 2787 moras
1036 2726 1065 2786 in
1094 2726 1239 2788 altemtro
1273 2725 1456 2788 semicirculo

106 2818 251 2897 ongiores
274 2815 353 2889 lieri,
379 2815 418 2876 ab
442 2823 567 2895 utroque
592 2815 714 2890 dicitnr,
749 2824 781 2876 et
804 2816 842 2876 ab
867 2833 902 2875 eo
933 2815 982 2893 qni
1006 2815 1204 2876 ecceotricnm
1226 2815 1329 2895 ponit,
1364 2823 1396 2876 et
1419 2815 1456 2876 ab

106 2925 131 2969 ro
153 2905 207 2987 qni
231 2904 452 2966 concentricnm
485 2923 552 2966 cum
575 2904 718 2985 epicyclo.
765 2904 845 2966 Nam
869 2912 993 2984 uterque
1017 2903 1159 2983 generale
1182 2905 1239 2966 hoc
1263 2904 1364 2977 affert,
1389 2923 1456 2965 ma-

106 3014 189 3059 orem
213 2993 319 3056 circuli
349 2993 511 3072 planetarii
541 2991 708 3072 portionem
733 3012 800 3054 esse
830 2993 858 3054 in
883 2992 934 3055 illo
963 2992 1158 3054 semicirculo.
1204 2994 1271 3055 Hoc
1298 2992 1457 3071 genuinum

106 3082 365 3148 lemonstrationis
392 3089 425 3144 et
447 3090 646 3162 coaequatum
670 3082 799 3144 medium
822 3101 887 3142 cum
911 3081 983 3142 insit
1011 3082 1042 3142 in
1066 3091 1192 3162 utraque
1217 3081 1377 3164 hypothesi
1399 3099 1456 3160 ge·

106 3173 251 3248 ruraliter,
275 3171 350 3234 nihil
369 3171 435 3251 jam
458 3171 744 3233 demonstrationem
770 3171 949 3246 attinebnnt,
970 3190 1045 3251 quae
1063 3180 1193 3251 uterque
1208 3171 1283 3233 dicit
1300 3171 1328 3232 in
1344 3171 1455 3250 specie,

106 3262 159 3327 rire
183 3270 301 3342 pugnet
323 3261 377 3323 illa
409 3260 473 3321 sive
497 3279 568 3322 non.
614 3261 720 3340 Neque
744 3279 818 3321 sane
841 3261 973 3339 planetis
993 3260 1095 3322 oculos
1118 3269 1150 3322 et
1172 3261 1338 3322 discursum
1362 3261 1454 3322 intel-

108 3361 194 3415 ectns
220 3352 381 3412 humanum
405 3349 573 3424 tribuimus,
598 3358 633 3411 nt
656 3349 714 3411 sibi
738 3350 848 3411 circino
874 3351 920 3410 vel
945 3350 1000 3412 hoc
1023 3349 1071 3410 vel
1087 3350 1159 3411 illud
1174 3359 1315 3429 punctum
1330 3349 1462 3428 signent,
1506 3354 1507 3359 ’

106 3461 232 3522 taecque
264 3459 340 3521 qnae
369 3438 431 3500 dixi
462 3438 610 3518 specialia
633 3439 679 3500 sni
711 3440 812 3517 potius
836 3448 958 3517 captus,
994 3457 1081 3518 qnam
1106 3439 1305 3516 explicandae
1335 3446 1461 3499 naturae

106 3551 191 3594 ausa
214 3530 409 3592 introducunt
432 3528 574 3590 artifices.
620 3528 689 3590 Non
714 3536 762 3589 est
783 3528 876 3607 igitur
901 3527 1123 3607 dignanomine
1140 3527 1343 3609 hypotheseos
1359 3535 1460 3588 astro-

106 3621 233 3684 romicae
263 3619 312 3681 vel
335 3617 412 3679 haec
440 3618 488 3679 vel
513 3617 567 3679 illa
590 3617 772 3695 suppositio,
807 3617 861 3677 sed
895 3616 925 3677 id
954 3616 1055 3697 potins
1084 3617 1162 3695 qnod
1185 3617 1301 3693 utrique
1326 3632 1461 3676 commu-

106 3711 174 3773 niter
199 3710 289 3783 inest,
314 3707 384 3769 dnm
407 3724 450 3767 sc.
476 3704 641 3767 assumitur
665 3714 697 3766 et
720 3707 897 3784 supponitur
921 3717 1005 3766 certa
1028 3713 1060 3765 et
1075 3705 1211 3765 dimensa
1225 3704 1323 3782 portio
1348 3703 1459 3776 circuli,

106 3819 185 3881 quem
213 3799 339 3878 planeta
361 3796 509 3870 decurrit,
541 3795 683 3875 quaesit
711 3795 740 3855 in
764 3814 822 3865 uno
848 3794 949 3855 circuli
972 3794 1089 3854 zodiaci
1114 3793 1250 3854 semisse.
1297 3792 1382 3852 Haec
1411 3792 1460 3852 in-

106 3907 185 3969 quam
220 3886 343 3948 tandem
366 3890 416 3946 est
445 3884 622 3967 hypothesis
652 3884 751 3963 justa,
786 3903 844 3964 qna
876 3883 1030 3963 longitudo
1059 3901 1159 3942 morae
1188 3881 1331 3960 planetae
1355 3880 1385 3940 in
1409 3880 1461 3941 illo

106 3977 291 4041 semicirculo
315 3977 547 4037 demonstretur.
594 3973 702 4051 Itaque
727 3981 759 4034 ut
782 3973 971 4041 concludam,
1003 3973 1099 4033 omnis
1124 3972 1152 4031 in
1178 3970 1363 4032 astronomia
1386 3988 1461 4031 cou-

106 4068 192 4131 rlusio
221 4084 281 4127 non
309 4063 368 4126 nisi
398 4062 437 4124 ab
466 4081 523 4124 nno
552 4069 584 4123 et
606 4062 712 4123 eodem
736 4062 834 4122 medio
863 4063 1015 4140 perficitur
1038 4069 1070 4121 et
1092 4061 1270 4143 uniformem
1294 4059 1463 4138 praemittit

106 4153 297 4240 rypothesin:
322 4153 380 4215 etsi
403 4151 458 4213 illa
481 4173 500 4214 a
523 4171 555 4213 se
578 4152 647 4231 ipsa
661 4150 793 4224 differat,
820 4160 966 4230 quatenns
982 4158 1068 4211 extra
1087 4151 1162 4211 hanc
1178 4148 1464 4211 demonstrationem

106 4245 320 4310 consideratur.
367 4240 581 4315 nitriensis,
613 4240 766 4319 quaelibet
789 4239 979 4320 hypothesis,
1015 4240 1040 4300 si
1065 4246 1206 4300 accurate
1230 4237 1461 4311 consideremus,

106 4335 252 4416 propriam
284 4351 338 4393 nec
358 4331 412 4394 ulli
435 4331 488 4394 alii
511 4329 673 4412 hypothesi
697 4347 881 4390 communem
911 4330 1032 4407 penitus
1060 4328 1198 4406 producit
1230 4327 1462 4388 conclusionem.

106 4425 161 4487 ‚lec
186 4422 252 4485 beri
275 4421 424 4501 potestin
450 4420 650 4492 astronomia,
676 4428 710 4479 nt
733 4437 771 4478 ex
795 4419 873 4479 omni
897 4427 983 4497 parte
1008 4435 1109 4478 verurn
1134 4417 1190 4490 sit,
1222 4416 1299 4496 quod
1324 4434 1362 4477 ex
1385 4414 1465 4475 falsa

106 4513 238 4576 nimitas
262 4510 423 4593 hypothesi
445 4510 503 4571 fnit
526 4516 710 4570 extructum:
736 4513 766 4566 et
790 4507 914 4586 proinde
932 4507 1146 4589 hypothesibus
1170 4507 1226 4567 hoc
1242 4513 1291 4566 est
1310 4504 1463 4582 proprium

106 4604 141 4680 [si
164 4604 269 4666 ideam
291 4601 439 4681 fingamus
463 4599 613 4679 justarum
644 4596 885 4678 hypothesium),
915 4605 948 4657 ut
976 4596 1037 4657 sint
1061 4596 1249 4675 undiqueque
1273 4611 1379 4655 verse:
1409 4610 1464 4654 nec

106 4700 148 4757 st
177 4689 363 4766 astronomi,
403 4688 549 4752 scientem
583 4687 678 4748 falsas
712 4703 879 4764 supponere
917 4687 965 4748 vel
995 4685 1151 4765 ingeniose
1190 4684 1335 4746 confictas
1365 4683 1462 4765 hypo-

106 4783 215 4854 heses,
240 4788 274 4842 nt
297 4798 336 4841 ex
358 4778 398 4841 iis
421 4786 520 4841 motus
544 4777 694 4839 coelestes
719 4775 916 4836 demonstret.

187 4870 260 4933 Jam
283 4869 354 4932 Ursi
377 4867 526 4932 absurdas
549 4864 718 4928 sententias
741 4863 896 4946 paulisper
925 4863 1140 4944 expendemus.
1186 4862 1287 4924 Primo
1310 4861 1463 4942 hypothe-
1572 4898 1576 4905 -

149 4973 357 5028 masopane
1070 5018 1074 5024 ,
1217 4962 1251 5017 lt

1531 294 1554 329 eq
