3278 5542
659 342 742 397 tote
760 314 875 397 mss..
1177 373 1182 377 ‚
1380 321 1441 412 eei

81 510 181 568 oeulos
203 513 302 579 aperte
322 507 496 579 perspicere,
527 507 556 561 in
575 507 669 562 multis
697 507 848 572 caecutire,
879 509 906 562 in
928 508 1066 579 plerisque
1088 509 1198 579 penitus
1225 525 1323 563 caecos
1344 507 1447 564 esset‘'

77 600 114 648 Ac
144 590 209 643 illos
231 596 275 643 tot
295 589 449 642 seculorum
470 587 646 658 experientia
667 596 770 652 tuetur,
792 605 864 659 quae
884 590 961 643 nullo
982 605 1073 653 sensu,
1097 591 1173 644 nullo
1187 591 1368 645 instrumento
1389 606 1445 645 ma·

73 670 250 732 ehematiae.
281 670 362 723 nulla
381 667 497 723 rationis
519 669 681 723 deductione
702 686 821 739 unquam
843 668 964 723 convinci
986 674 1097 739 potest?
1137 670 1287 724 Praeclare
1307 687 1389 735 sane,
1415 678 1448 725 ut

72 751 166 809 nobis
186 757 294 804 noctem
308 750 488 820 persuadeas,
510 765 570 802 cnm
585 765 687 803 aurora
700 749 835 813 illuxerit,
858 750 993 803 fenestras
1010 750 1115 803 claudis
1137 768 1187 803 nec
1209 767 1328 819 unquam
1344 750 1446 821 aperiri

71 833 163 888 sinis.
203 834 243 884 At
262 847 317 884 non
337 828 427 891 rides,
458 830 555 882 eadem
576 829 726 899 negatione
748 837 776 882 te
797 830 952 884 universam
976 830 1170 884 astronomiam
1191 836 1334 884 evertere?
1377 830 1446 893 Quid

71 914 175 986 igitur
195 912 293 965 laudas
314 910 485 980 Tychonem,
517 909 580 979 quid
609 910 746 978 praeclari
768 911 805 963 ab
825 910 885 980 ipso
915 911 944 964 in
965 911 1133 972 astronomia
1153 927 1266 980 sperare
1296 917 1392 980 potes,
1423 911 1446 966 si

73 1001 124 1055 ,te
158 1010 209 1046 non
230 991 303 1044 latet
324 990 421 1043 talium
442 989 578 1043 rationum
600 989 801 1043 incertitudo?“
846 991 901 1045 Cur
914 991 1075 1044 Ptolemaeo
1095 993 1128 1044 de
1143 990 1329 1054 concentricis,
1351 1009 1446 1046 eccen-

71 1071 173 1134 tricis,
193 1070 325 1141 epicyclis
347 1069 447 1132 credis,
475 1069 497 1123 si
518 1070 589 1124 haec
612 1069 817 1131 „instrumentis
839 1071 928 1134 cerni,
951 1077 1000 1123 aut
1022 1071 1079 1124 ullo
1101 1088 1184 1125 sensu
1206 1072 1249 1124 vel
1271 1071 1378 1125 ratione
1400 1073 1446 1126 de·

73 1150 239 1222 prehendi'f
261 1155 425 1221 nequeunti
467 1149 537 1212 Quid
559 1150 666 1204 habent
687 1151 763 1205 aliud
785 1150 949 1214 astronomi,
972 1168 1025 1221 quo
1047 1150 1073 1204 in
1095 1151 1280 1221 coguitionem
1302 1151 1446 1205 distantia-

71 1248 139 1286 rum
160 1231 272 1285 veniunt
286 1229 490 1300 altissimosque
505 1230 597 1284 coelos
611 1239 772 1300 perrepunt,
799 1231 851 1285 nisi
866 1230 1051 1285 instrumenta
1064 1236 1135 1285 sna?
1172 1232 1276 1293 Quibus
1294 1231 1317 1285 si
1332 1239 1448 1301 possunt

74 1312 95 1364 in
127 1313 281 1366 stellarum
302 1309 488 1383 cognitionem
508 1319 598 1364 motus
620 1317 649 1363 et
670 1309 722 1364 loci
743 1312 851 1375 venire,
884 1316 1001 1382 possunt
1021 1317 1051 1364 et
1071 1312 1099 1365 in
1120 1317 1297 1366 cometarum.
1339 1312 1397 1366 Nec
1418 1318 1446 1366 te

73 1391 117 1443 bic
149 1391 244 1446 audiet
265 1391 417 1461 quisquam,
439 1392 510 1462 quod
531 1389 583 1445 illa
603 1407 720 1460 corpora
741 1392 899 1446 constantia
912 1392 976 1454 sint,
998 1398 1088 1445 motus
1102 1392 1219 1461 perfecti
1241 1399 1271 1445 ot
1290 1393 1452 1462 regulares,

10 1520 12 1525 .
74 1481 209 1526 mmetae
230 1477 400 1526 evanescant
420 1478 450 1524 et
469 1478 610 1542 vagentur
631 1470 737 1525 incerti.
779 1474 851 1527 Nam
872 1488 925 1542 quo
947 1488 1028 1525 sensu
1061 1478 1152 1526 certas
1173 1479 1294 1526 motuum
1316 1472 1396 1542 leges
1418 1471 1447 1527 in

76 1551 177 1606 stellis
196 1551 364 1623 deprehendi
385 1567 468 1620 posse
490 1549 585 1614 credis,
607 1553 701 1604 eodem
717 1553 811 1623 Tycho
832 1555 942 1606 easdem
960 1552 987 1604 in
1002 1551 1116 1606 cometis
1131 1552 1298 1620 deprehendi
1314 1553 1444 1607 affirmat.

10 1642 30 1699 t,
75 1629 142 1685 tic
166 1633 297 1704 Tycha,
318 1630 424 1702 peritus
446 1631 559 1694 artifex,
581 1631 626 1701 qui
647 1630 802 1700 hujusmodi
817 1632 981 1686 observandi
995 1632 1205 1702 calculandique
1226 1633 1337 1686 labores
1359 1632 1446 1688 totius

10 1708 21 1759 i
76 1713 176 1767 nundi
195 1712 275 1767 vanis
296 1710 406 1783 gaudiis
428 1709 588 1781 anteponit:
610 1720 720 1781 negat
739 1712 902 1776 medicus,
926 1712 968 1765 cui
990 1712 1017 1765 in
1034 1712 1202 1766 astronomia
1214 1713 1320 1765 versari
1335 1712 1443 1767 minime

19 1854 22 1861 Ι
77 1800 180 1856 vacat,
211 1793 256 1865 qui
289 1787 347 1846 rem
375 1790 541 1845 levissimam
571 1809 621 1844 nec
644 1793 736 1847 verbis
757 1793 869 1864 dignam
899 1811 936 1846 ex
957 1793 1011 1845 hac
1041 1791 1205 1846 observandi
1230 1793 1339 1846 ratione
1370 1792 1447 1847 iacit.

20 1894 30 1955 q
79 1870 145 1925 Utri
167 1874 258 1944 potina
282 1874 446 1926 credendum
466 1872 539 1925 erit?
581 1875 624 1925 An
646 1872 712 1943 quia
729 1873 975 1935 Maestlinnm,
998 1872 1063 1942 quia
1082 1873 1249 1926 Gemmam
1271 1872 1396 1926 inscitiae
1418 1879 1449 1926 et

10 1962 30 2015 ‘l
80 1952 213 2008 mditatis
234 1954 263 2007 in
285 1954 457 2008 observando
478 1951 583 2023 arguis,
606 1952 659 2005 hac
680 1953 823 2022 praetoria
843 1954 969 2007 oratioue
991 1958 1020 2006 te
1041 1952 1113 2007 iuter
1127 1953 1233 2022 peritos
1247 1953 1367 2006 artifices
1381 1970 1445 2006 con·
1524 1976 1528 1982 ·

10 2026 33 2107 al,
81 2030 198 2088 stantes
238 2033 352 2089 Scilicet
371 2033 398 2087 id
419 2033 538 2103 populns
553 2039 640 2094 curat,
662 2041 766 2088 temere
781 2034 843 2105 quid
869 2034 988 2088 affirmes
1009 2049 1045 2087 an
1064 2035 1242 2087 demonstres.
1284 2035 1446 2089 Humerum

12 2118 32 2177 1,
81 2118 179 2169 temen
197 2114 240 2169 illi
260 2113 392 2168 decennio
413 2120 478 2183 post
498 2130 562 2167 suos
584 2113 694 2167 labores
715 2115 872 2183 publicatos
893 2132 930 2167 ex
951 2121 980 2167 te
1000 2120 1183 2182 praeceptore
1208 2113 1342 2166 rationem
1363 2128 1444 2182 sepa·

10 2186 33 2245 η’
81 2195 164 2249 andi
191 2201 282 2250 motus
304 2201 428 2248 cometae
456 2193 562 2264 proprii
588 2209 607 2247 a
627 2194 741 2265 negotio
771 2196 971 2265 parallaxeos?
1013 2194 1036 2248 Ο
1059 2192 1184 2256 miseros,
1217 2193 1336 2263 quinon
1368 2191 1444 2262 prius

29 2262 33 2333 ἶ
83 2275 163 2329 lutus
183 2274 387 2344 Gapnuraniam
400 2273 527 2328 viderint.
562 2275 647 2336 ‚Quod
662 2273 714 2328 nisi
729 2282 786 2329 tam
801 2275 968 2329 confidenter
982 2281 1011 2328 te
1026 2279 1183 2343 pertaesum
1206 2280 1281 2327 esset
1305 2275 1443 2348 πολυρῤη-

10 2360 32 2423 Ιξ
82 2369 180 2424 ιορως
200 2354 411 2427 Tychonianae,
433 2371 487 2407 non
503 2352 564 2422 jam
586 2371 635 2407 nos
657 2353 768 2424 pigeret
782 2355 865 2424 hujus
880 2355 1004 2408 crambes
1020 2353 1062 2407 bis
1078 2370 1096 2407 a
1118 2359 1147 2406 te
1171 2360 1282 2424 coctae3
1305 2356 1339 2407 ad
1361 2370 1444 2425 quam

10 2440 36 2493 ,ἦ
84 2427 121 2483 ila
145 2436 296 2507 diligenter
315 2441 345 2489 et
365 2434 452 2488 solide
473 2433 611 2502 Tychonis
633 2435 766 2505 apologia
785 2435 934 2505 respondit,
956 2442 988 2488 ut
1008 2441 1039 2488 tu
1060 2435 1174 2487 verbum
1195 2435 1239 2486 hic
1261 2451 1313 2486 non
1331 2433 1442 2499 dixeris,

10 2508 32 2559 ²²
84 2518 156 2578 qnod
176 2516 258 2571 isthic
278 2515 412 2570 intactum
426 2513 608 2584 relinquatur.
650 2514 773 2569 Vidisses
788 2516 833 2578 ibi,
857 2534 911 2570 nou
935 2515 995 2568 ideo
1017 2514 1082 2585 quia
1095 2514 1190 2584 Tycho
1204 2515 1240 2568 ab
1255 2514 1443 2568 instrumentis

10 2596 33 2673 ‘¹'
85 2588 242 2657 instructor
272 2595 351 2650 etin
372 2595 450 2649 coelo
481 2593 649 2665 inspiciendo
679 2597 782 2655 multas
804 2598 839 2650 ob
861 2595 1081 2657 commoditates,
1113 2594 1211 2664 quibus
1234 2593 1316 2648 alteri
1338 2603 1443 2658 carent,

10 2686 31 2737 Ι,
85 2668 251 2748 diligentior,
268 2675 333 2745 jure
354 2677 471 2748 quodam
493 2690 542 2728 suo
563 2674 591 2728 in
612 2676 762 2729 alterorum
777 2677 985 2732 observationes
999 2674 1195 2729 animadvertit
1209 2690 1312 2744 easque
1326 2673 1442 2729 limitat:

10 2764 30 2813 ,¹-
86 2765 137 2808 l⁰u
158 2758 269 2830 inquam
290 2756 351 2810 ideo
372 2755 417 2809 rel
438 2757 471 2808 de
493 2761 555 2809 tota
574 2770 661 2809 causa
681 2763 772 2810 actum
793 2774 864 2820 esse,
886 2755 933 2809 vel
947 2755 1061 2809 cuilibet
1075 2755 1185 2807 easdem
1200 2754 1334 2824 sugillare
1348 2753 1443 2818 licere,

10 2842 31 2887 ti
87 2839 163 2897 suasi
184 2845 244 2892 toto
264 2837 342 2891 coelo
363 2837 503 2891 aberrent.
545 2835 623 2897 Quae
644 2835 715 2889 enim
742 2836 814 2891 inter
839 2837 949 2890 illorum
969 2847 999 2889 et
1019 2833 1156 2906 Tychonis
1184 2835 1336 2888 observata
1356 2834 1441 2888 minu·

10 2902 33 2977 i
87 2912 145 2969 blla
163 2917 320 2972 differentia
340 2914 500 2978 intercedit,
532 2914 593 2982 ejus
619 2917 729 2985 culpam
751 2916 811 2986 quis
837 2934 940 2988 quaeso
961 2917 1007 2968 vel
1028 2915 1056 2969 in
1076 2915 1149 2968 hunc
1169 2914 1214 2966 vel
1245 2915 1273 2967 in
1294 2914 1356 2968 illos
1378 2932 1441 2968 con·

10 2982 34 3067 ἦ,
87 2988 155 3052 ferre
175 3000 286 3060 audeat,
308 2997 353 3069 qui
375 3014 430 3051 non
450 3014 487 3049 ex
508 2995 578 3049 libro
592 2996 729 3065 Tychonis
752 2996 842 3050 obiter
856 2997 979 3068 perlecto
994 2994 1135 3049 balbutire
1154 2992 1229 3064 prins
1244 2995 1277 3046 de
1292 2993 1336 3048 his
1351 3002 1440 3048 astro·

10 3076 34 3119 Ι
87 3080 189 3134 nemias
219 3077 359 3149 mysteriis
388 3075 498 3131 didicit?
546 3075 669 3130 Vidisses
700 3076 798 3139 etiam,
835 3077 859 3131 si
889 3076 939 3131 tibi
963 3075 1141 3146 Tychoniano
1172 3072 1260 3129 labori
1290 3074 1443 3144 placuisset

10 3140 33 3235 'ai
87 3148 230 3233 invigilare
260 3159 393 3229 legendo,
424 3172 507 3227 quam
534 3156 601 3209 nihil
633 3156 706 3210 obsit
726 3157 921 3227 Tychoniauae
953 3154 1202 3227 argumentationi,
1234 3156 1304 3224 quod
1327 3157 1442 3209 eundern

10 3242 33 3299 Β,
87 3228 206 3294 Ῑῑδοτεω
226 3237 393 3293 Maestlinus
418 3236 539 3291 tentavit
559 3236 587 3289 in
616 3237 701 3306 paulo
723 3237 781 3291 alia
808 3238 972 3308 hypothesi:
1004 3237 1099 3307 itaque
1128 3235 1212 3304 hujus
1243 3235 1346 3303 injectu
1367 3252 1441 3289 scru-

10 3316 32 3379 3
87 3316 141 3377 iuli
161 3322 197 3375 ad
216 3318 386 3390 suspiciones
406 3316 583 3371 concitandus
605 3317 631 3370 in
652 3318 706 3370 hac
725 3317 892 3387 repetitione
912 3325 963 3373 tna
983 3315 1194 3386 supersedisses.

10 3476 36 3543 q.
152 3450 199 3501 His
216 3449 341 3514 abrumpit
357 3461 495 3498 sermonem
512 3446 649 3511 Keplerus.
668 3462 747 3512 neque
765 3448 866 3499 ulterius
885 3449 918 3499 ad
936 3448 1002 3499 hanc
1019 3448 1088 3497 litem
1107 3447 1187 3504 rediit,
1205 3447 1311 3496 libenter
1328 3460 1379 3495 rem
1398 3445 1436 3494 in·

10 3552 32 3603 ii
84 3523 181 3575 mum
199 3536 216 3572 a
233 3520 351 3586 'lychoue
368 3519 473 3584 petitam
490 3518 533 3569 illo
550 3525 645 3569 mortuo
665 3520 792 3583 abiiciens.

10 3641 33 3775 Ξ
156 3678 184 3743 t)
203 3696 228 3745 p.
249 3676 310 3729 2³2.
349 3677 553 3742 QuaeKeplerus
574 3679 683 3736 ..autos‘¹
705 3686 792 3730 contra
804 3678 894 3730 Ursum
906 3679 1059 3743 conscripsit,
1078 3677 1213 3742 disquisitio
1227 3678 1289 3725 torte
1303 3682 1349 3732 est,
1368 3689 1443 3759 quam

10 3780 32 3851 ,ε
84 3740 143 3798 dvm
160 3753 185 3801 in
203 3750 353 3837 bibliotheca
364 3749 548 3836 Viennensi
567 3751 738 3834 manuscripta
747 3751 848 3835 Kepleri
861 3751 1049 3834 quaerebamus,
1070 3750 1210 3812 accepimus
1223 3748 1294 3832 quasi
1310 3745 1442 3809 aKeplsn

10 3851 12 3855 -
84 3824 161 3872 u*triu
177 3830 302 3888 scriptam.
340 3820 414 3872 Hanc
432 3821 531 3886 qudem
549 3835 600 3870 uon
618 3822 683 3871 lllsua
700 3836 777 3871 manu
795 3829 913 3886 scriptam
928 3821 1102 3885 judicavimus,
1124 3827 1152 3869 at
1170 3820 1320 3881 descriptam
1339 3832 1394 3866 asse
1414 3818 1445 3866 ab

10 3866 31 3970 ἕξ
84 3893 237 3960 nampio
255 3893 359 3958 aspris
376 3893 412 3943 uu
431 3892 498 3942 suto
518 3892 610 3942 ossas

10 3974 23 3999 l·

10 3966 33 4087 :i
156 4037 302 4102 luncriptum
321 4041 360 4086 est
377 4034 463 4085 lolium
481 4036 610 4086 confluens
628 4034 694 4084 banc
713 4035 923 4099 disquisitionem:

10 4128 33 4185 '²3
165 4146 201 4200 ld.
221 4147 270 4200 Jo.
291 4143 441 4214 Kepleri
469 4144 545 4198 Ord.
571 4144 666 4197 Prov.
690 4142 841 4214 Styriae
862 4142 1101 4198 Mathematici
1127 4141 1300 4211 judicium
1331 4143 1369 4195 de
1390 4141 1445 4212 hy·

10 4202 33 4277 ⁵².
86 4226 295 4305 lpthesibus
326 4222 577 4295 Tychonianis,
609 4241 693 4294 quas
723 4224 864 4295 quidam
893 4224 1065 4279 Nicolaus
1096 4224 1202 4278 Ursus
1224 4222 1447 4276 Dithmarsus

26 4304 34 4377 ’ξ
87 4298 347 4378 ”interrogare
368 4303 583 4375 praesumit,
615 4312 665 4358 aut
685 4303 708 4358 si
730 4304 756 4358 id
777 4307 850 4376 apud
872 4305 1041 4359 cordatiores
1062 4305 1188 4358 obtinere
1209 4321 1263 4356 non
1285 4309 1393 4372 posset,
1414 4308 1448 4355 ut

10 4368 34 4449 ’ἦ
88 4377 184 4440 ³²lteus
204 4385 343 4459 Tychonis
364 4385 503 4439 inventum
524 4401 579 4437 non
600 4401 670 4445 esse,
692 4387 740 4438 sed
761 4404 798 4440 ex
819 4385 959 4439 Martiano
974 4385 1101 4454 Capella,
1124 4382 1274 4454 Cupernico
1296 4388 1347 4436 aut
1360 4381 1446 4452 Apol·

10 4448 36 4505 ’ἶ
88 4447 160 4520 lunio
178 4468 305 4540 Pergaeo
326 4467 480 4519 desumtum
500 4464 579 4517 fldem
601 4466 717 4521 iaceret.
762 4467 839 4528 Quae
862 4465 953 4520 omnia
973 4481 991 4519 a
1011 4465 1083 4519 dicto
1104 4464 1229 4534 Keplero
1252 4460 1446 4516 inathematico

10 4524 38 4605 'i
91 4539 185 4601 exiunio
206 4547 284 4601 etin
305 4546 466 4600 Ptolemaeo
488 4550 573 4614 atque
596 4545 746 4614 Copemico
767 4547 838 4600 bene
861 4556 972 4600 versato
993 4546 1130 4599 succincte
1152 4552 1181 4599 et
1201 4543 1286 4597 solide
1307 4541 1353 4596 hic
1372 4542 1445 4596 reiis-

10 4606 42 4661 ’ἶ
93 4614 188 4681 tlatur.
231 4627 461 4689 Quemadmodum
482 4624 581 4688 etiam,
614 4631 763 4695 antequam
794 4627 816 4679 is
838 4627 994 4696 Tychonem
1026 4628 1058 4679 de
1081 4626 1152 4680 facie
1173 4630 1282 4685 nosset,
1314 4625 1348 4677 ad
1379 4623 1444 4676 nob.

10 4678 41 4725 ¹¹⁵
94 4700 121 4748 ‘i
137 4714 238 4777 praest
259 4706 347 4761 virum
367 4708 403 4761 D.
423 4706 467 4761 Jo.
490 4706 523 4759 G.
546 4706 722 4760 Hermartum
743 4707 779 4760 ab
801 4707 989 4775 Hohenburg‚
1017 4713 1141 4761 statuum
1161 4702 1370 4776 provincialium
1391 4704 1445 4756 Ba·

10 4766 28 4803 ¹
96 4785 179 4842 'mss
199 4786 411 4850 cancellarium,
442 4787 515 4840 hanc
536 4785 726 4856 quaestionem
747 4793 915 4851 moventem,
934 4787 1148 4857 'perscripserat
1180 4801 1252 4859 quae
1273 4783 1374 4839 literae
1395 4798 1446 4836 sno

10 4850 26 4963 ζ
100 4858 211 4941 leupore
232 4863 333 4925 habiri
352 4873 384 4923 et
403 4865 432 4925 in
452 4865 581 4921 veritatis
602 4866 753 4923 subsidium
772 4866 888 4940 proferri
907 4873 1032 4948 possunt.
