3262 5550
147 310 208 377 iso
595 309 1041 376 esrsmnmcosmoemm

197 470 221 533 1)
249 473 310 526 Non
334 478 377 524 est
401 472 556 533 absurdum,
581 472 671 523 Deum
691 471 718 524 in
741 472 849 525 conditu
870 478 968 525 tantae
991 472 1070 525 molis
1094 473 1298 527 demonstrasse
1323 489 1403 528 suam
1426 475 1505 528 omni·

249 552 410 621 potentiam.
461 552 519 603 Nec
542 554 612 605 Deo
637 553 774 603 mundus
798 568 938 621 magnus
967 560 1038 613 est,
1069 553 1127 604 sed
1155 569 1213 605 nos
1245 556 1368 607 mundo
1392 556 1504 623 parri.

250 634 308 684 Hoc
328 647 410 684 unum
432 631 525 693 habet,
551 633 621 702 quod
641 647 718 683 meac
739 648 787 699 pro
802 632 953 700 Cepernico
977 632 1212 703 argumentationi
1234 632 1367 701 objiciat:
1393 634 1504 698 scilieet,

248 711 435 780 imperfectam
451 729 527 773 esse,
552 713 622 780 quod
638 713 851 779 comprehendat
866 720 974 764 tantum
989 713 1110 764 secunda
1123 712 1251 776 mobilia,
1267 713 1373 766 omissa
1388 715 1506 783 sphaera

249 795 374 852 lixarum,
392 801 506 860 propter
520 791 580 858 ejus
596 792 622 842 in
639 792 789 858 l'opcruico
804 792 976 845 infinitatem.
1006 792 1099 860 Atqui,
1122 793 1256 861 oTycho,
1280 795 1440 847 mundanae
1455 795 1504 847 for·

247 888 307 924 mae
331 872 456 932 interest,
479 872 621 940 quiescens
642 887 660 922 a
684 871 828 925 mobilibus
853 881 932 925 tanto
947 873 1096 924 intervallo
1110 873 1218 926 abesse.
1247 873 1321 929 Nam
1336 874 1359 927 si
1374 891 1432 927 una
1446 892 1503 943 pro·

248 952 373 1020 portione
393 951 601 1018 comprehendit
614 952 690 1002 Deus
711 952 825 1003 mobilia
845 969 905 1004 curu
928 952 1100 1021 quiescente,
1127 968 1174 1005 cur
1198 952 1249 1006 illa
1271 963 1435 1016 moventur,
1458 955 1504 1007 hoc

247 1031 382 1100 quiescit?
407 1032 503 1083 Nonne
519 1034 553 1083 ad
569 1046 688 1083 normam
704 1042 823 1084 motuum
838 1033 973 1092 corisson,
990 1031 1165 1084 distributam
1179 1049 1241 1085 esse
1255 1040 1285 1085 et
1301 1034 1503 1102 quantitatem?

180 1107 219 1175 m)
250 1111 373 1173 Quilibet
387 1128 416 1163 se
433 1119 523 1173 amat;
546 1113 593 1163 sed
609 1110 671 1163 hinc
687 1112 759 1174 vide,
781 1111 877 1180 quanti
892 1112 977 1164 faciat
993 1127 1081 1165 meam
1097 1112 1379 1182 argumentationem.

190 1188 221 1259 n)
249 1192 309 1243 Non
325 1190 431 1259 quidem
446 1200 490 1243 est
504 1192 716 1259 praetereunda,
733 1193 780 1244 scd
796 1202 888 1245 tamen
904 1200 1017 1245 nonest
1032 1191 1206 1245 immiscenda
1224 1191 1388 1257 mobilibus,
1412 1194 1439 1247 in
1455 1194 1503 1255 hac

246 1271 300 1323 iliis
315 1270 429 1339 propria
444 1271 644 1339 speculatione.

216 1425 257 1487 14)
276 1444 300 1490 p.
320 1425 361 1486 15.
402 1427 591 1481 „Domesticus“
612 1427 653 1476 ille
672 1428 719 1475 fuit
738 1427 858 1476 Gellius
878 1428 1065 1478 Sascerides
1085 1428 1237 1489 Hainiensis,
1258 1428 1327 1478 Med.
1348 1429 1424 1480 stud.
1442 1426 1500 1491 (rno-

140 1501 200 1547 ritur
218 1499 326 1547 Hafniae
346 1513 410 1548 anno
433 1495 516 1553 1512,
540 1500 678 1547 medicinae
698 1499 840 1561 professoris
859 1514 959 1548 munere
979 1500 1092 1564 iungens.
1130 1498 1170 1548 De
1189 1501 1305 1557 actione.
1325 1514 1403 1564 quam
1421 1508 1502 1550 conat

139 1570 204 1618 bunc
226 1569 332 1619 Gellium
358 1571 465 1617 instituit
490 1570 572 1631 Tycho
601 1584 666 1618 anno
696 1566 761 1617 1596
786 1571 815 1618 ob
841 1586 880 1617 res
908 1571 1047 1633 nuptiales,
1076 1572 1129 1620 vide
1159 1572 1234 1619 vitam
1257 1570 1386 1633 Tycbonis
1414 1571 1500 1621 editam

140 1654 163 1689 a.
187 1638 254 1687 1755
280 1656 296 1689 a
313 1641 375 1689 Phil.
403 1642 433 1688 do
453 1641 585 1689 Weistritz.
616 1657 640 1703 p.
660 1637 711 1687 236
730 1637 793 1703 sq),
821 1642 861 1703 qui
886 1641 939 1690 cal.
966 1645 1029 1706 Aug.
1053 1638 1120 1691 1588
1144 1641 1278 1692 Messalino
1303 1655 1366 1705 opus
1385 1641 1502 1704 Tycbouis

138 1712 255 1769 miserat,
274 1711 312 1760 bis
332 1711 422 1760 additis
441 1712 533 1760 verbis:
564 1712 647 1773 Tycho
666 1728 706 1760 mo
725 1714 837 1775 rogarit,
856 1719 885 1759 ut
903 1727 946 1760 suo
966 1714 1065 1763 nomine
1084 1727 1101 1761 a
1118 1721 1144 1762 10
1163 1719 1289 1776 peterem,
1314 1727 1347 1763 ne
1366 1724 1501 1777 gravarem,

138 1781 204 1831 hunc
223 1785 302 1844 ipsum
322 1786 374 1844 ejus
393 1782 479 1831 librum
499 1782 625 1847 perlegere
649 1790 675 1831 et
698 1783 728 1830 de
748 1798 776 1830 eo
801 1791 870 1830 tuum
893 1783 1013 1844 judicium
1032 1783 1215 1848 Uraoiburgum
1238 1784 1271 1835 ad
1299 1798 1328 1833 se
1346 1786 1501 1847 perscribere.

138 1851 163 1901 Is
182 1868 238 1901 vero
258 1853 319 1901 liber
336 1854 457 1916 peculiari
476 1853 581 1917 quodam
601 1854 824 1916 consilioprimum
844 1861 882 1902 est
900 1854 989 1914 editus,
1008 1856 1119 1919 quamvis
1138 1854 1245 1904 necdum
1263 1855 1398 1920 vulgatum
1417 1857 1501 1920 primns

139 1931 165 1973 et
183 1926 270 1973 tertius
288 1926 362 1983 brevi,
383 1933 411 1972 ut
429 1940 508 1987 spero,
529 1933 671 1987 sequentur.

209 1994 302 2054 Quibus
321 1995 468 2045 Maestliuus
488 1998 552 2044 breri
571 2003 627 2058 post
651 1996 805 2058 respondisse
828 1996 939 2052 videtur,
965 2012 1039 2060 quum
1064 2003 1145 2047 exstet
1171 1996 1281 2059 ejusdem
1301 1984 1378 2046 balii
1403 1997 1502 2061 epistola

136 2065 172 2128 (d.
195 2064 235 2114 19.
251 2065 318 2129 Sept.
335 2065 416 2123 1588)
437 2067 468 2115 ad
488 2066 522 2114 M.
545 2067 612 2116 data.
634 2069 657 2115 in
677 2081 727 2129 qua
745 2066 807 2115 haec
826 2067 945 2130 legimus:
966 2069 1123 2130 gratissimae
1143 2068 1201 2115 mibi
1220 2067 1322 2116 inerunt
1339 2067 1430 2117 literae
1448 2076 1501 2116 tuae

137 2143 164 2186 et
181 2138 334 2200 approbatio.
354 2140 394 2201 qui
409 2140 452 2186 tibi
466 2138 552 2186 librum
567 2137 702 2199 Tychouis,
722 2139 795 2186 amici
815 2141 862 2186 mei
882 2141 1098 2200 praestantissimi,
1118 2139 1218 2187 testaris
1235 2138 1344 2201 placere.
1377 2138 1413 2188 Ut
1431 2141 1501 2188 etiem

135 2208 259 2271 Tychonis
279 2209 427 2258 desiderium
447 2223 597 2273 cognoscas,
621 2209 847 2257 transscribendum
867 2210 912 2257 tibi
931 2210 1001 2264 duxi,
1029 2211 1093 2274 qnod
1112 2224 1129 2258 a
1146 2224 1186 2258 me
1205 2210 1256 2257 suis
1275 2209 1354 2258 literis
1371 2210 1499 2275 flagitarit

135 2279 220 2328 Verba
239 2283 292 2341 ejus
311 2281 374 2329 haec
394 2288 467 2328 sunt:
486 2282 507 2327 si
527 2281 614 2328 misisti
634 2278 766 2328 Maestlino
786 2280 872 2328 librum
892 2295 981 2337 meum,
1001 2288 1029 2329 ut
1047 2287 1073 2329 te
1093 2281 1188 2334 iecisse.
1200 2295 1249 2329 non
1268 2280 1372 2336 dubito,
1392 2297 1459 2346 rogo,
1477 2287 1500 2328 ut

136 2351 169 2399 illi
188 2352 269 2413 prima
287 2354 417 2399 occasione
436 2353 542 2400 scribere
561 2351 619 2399 reiis
645 2366 747 2413 meoque
775 2352 874 2399 nomine
900 2366 1002 2414 rogare,
1026 2359 1054 2400 ut
1072 2366 1143 2400 suam
1162 2352 1193 2400 de
1221 2352 1264 2407 in,
1292 2366 1358 2416 quae
1386 2353 1500 2405 confluet.

136 2423 286 2470 sententiam
305 2423 364 2469 mibi
384 2431 479 2471 mature
499 2429 557 2470 ante
576 2422 681 2470 hiemem
694 2437 737 2483 per
750 2422 834 2469 literas
847 2423 987 2486 significare
1000 2438 1049 2470 non
1062 2424 1159 2488 gravari
1174 2420 1239 2470 velit.
1268 2419 1343 2482 (Mas.
1355 2419 1499 2480 Maestlini.)

206 2491 294 2541 Pauca
312 2493 358 2541 hoc
377 2493 431 2541 loco
450 2493 480 2542 do
499 2492 646 2554 Tychone
664 2493 781 2541 addenda
800 2507 937 2548 censemus,
957 2493 1114 2542 celeberrimo
1141 2493 1182 2542 illo
1207 2500 1364 2548 astronomo.
1390 2496 1432 2558 qui
1450 2495 1499 2542 inu·

58 2570 62 2580 ⁴
136 2564 256 2612 damenta
278 2566 341 2624 lecit
366 2565 478 2626 viamque
502 2566 597 2626 apernit
623 2563 731 2626 Keplero
756 2563 952 2612 observationum
978 2579 1077 2612 suarum
1104 2564 1350 2628 diligentissimorum
1383 2566 1447 2614 mole
1472 2564 1500 2614 sd

137 2633 318 2682 emendandam
338 2636 520 2683 astronomiam.
559 2634 611 2681 Viri
630 2643 713 2683 autem
732 2634 795 2683 illius
814 2636 898 2690 vitam,
919 2642 959 2689 et,
978 2636 1065 2698 quibus
1088 2635 1219 2684 defunctus
1238 2637 1287 2691 sit.
1308 2650 1398 2691 casm,
1418 2638 1499 2701 quippe

135 2705 218 2753 multis
237 2705 303 2753 libris
323 2707 493 2753 astronomicis
512 2712 537 2753 et
555 2705 675 2753 historicis
695 2707 782 2753 iterum
801 2708 936 2768 iterumque
955 2707 1090 2768 repetitos,
1118 2705 1227 2769 pluribus
1246 2707 1338 2755 referre
1359 2722 1410 2756 non
1429 2710 1499 2754 risum

135 2782 183 2825 est.
215 2776 284 2824 Haec
303 2783 400 2825 tantum
421 2777 579 2824 Gassendo
599 2785 699 2825 auctore
718 2777 826 2837 adjicere
845 2777 946 2839 placuit.
976 2777 1060 2838 Tycbo
1084 2784 1158 2825 natus
1177 2784 1216 2826 est
1235 2777 1403 2841 Knudstorpii
1420 2793 1499 2828 mense

135 2846 266 2896 Decembri
293 2849 350 2896 anui
383 2844 464 2903 1515,
490 2856 560 2910 patre
584 2846 700 2895 Ottone
723 2847 973 2901 Brahe0domino
998 2848 1178 2910 Knudstorpii,
1205 2848 1271 2897 leudi
1290 2850 1318 2897 in
1341 2848 1437 2898 Scania
1454 2852 1499 2903 siti.

133 2933 184 2966 non
211 2918 295 2980 procul
323 2919 354 2967 ab
377 2919 550 2983 Helsingborg.
589 2919 716 2966 Educatus
744 2926 782 2967 est
806 2919 890 2979 Tycbo
919 2934 934 2967 a
961 2927 1050 2981 patruo
1078 2919 1184 2983 Georgia
1209 2918 1302 2968 Brabe.
1340 2923 1416 2970 Anno
1437 2914 1499 2967 1559

133 2988 255 3047 Hainiae,
284 2987 352 3036 1562
374 2989 472 3052 Lipsiae
491 2991 567 3037 literis
587 2991 729 3052 artibusque
749 3003 849 3051 operam
869 2989 958 3043 dabat,
979 2990 1023 3038 sed
1042 2988 1269 3053 cognoscendorum
1294 2990 1405 3040 siderum
1423 2991 1500 3040 studio

134 3062 213 3124 magis
233 3060 377 3109 ducebatur.
407 3061 488 3119 Quum
507 3075 572 3109 anno
594 3058 661 3108 1569
676 3064 816 3124 Augustam
835 3076 861 3109 se
881 3061 1035 3117 contulisset,
1056 3061 1241 3109 cumfratribus
1254 3058 1395 3111 Hainzeliis
1414 3060 1500 3123 (altero

134 3131 249 3186 consule,
277 3132 354 3179 altero
372 3139 488 3181 senatore
509 3129 668 3195 augustano)
689 3132 846 3180 observandis
864 3132 981 3180 studebat
999 3132 1132 3191 sideribus,
1157 3131 1273 3181 adhibitis
1291 3135 1356 3181 satis
1375 3133 1500 3183 subtilibus

133 3202 160 3250 iu
179 3201 244 3250 hunc
264 3202 339 3251 linem
358 3204 533 3252 instrumentis.
571 3203 599 3251 ln
617 3205 724 3265 patriam
751 3217 862 3251 reversus
887 3217 952 3252 anno
979 3201 1044 3252 1571
1068 3203 1099 3252 ab
1119 3203 1240 3252 avunculo
1259 3201 1401 3253 Stenone
1419 3203 1500 3253 Bilis

134 3272 233 3321 domum
252 3280 413 3335 opportunam
433 3274 465 3322 sd
484 3276 557 3339 signa
575 3274 693 3322 coelestia
712 3274 866 3323 observanda
885 3275 1003 3323 donatam
1023 3274 1132 3336 accepit,
1158 3280 1185 3323 01
1203 3288 1270 3323 anno
1291 3271 1362 3323 1575
1382 3277 1501 3325 concessit

133 3341 244 3405 Tychoni
263 3359 305 3392 rex
324 3343 424 3393 Daniae
444 3345 581 3394 fridericus
599 3345 622 3392 ll
642 3345 747 3393 insulam
766 3345 915 3397 Huennam.
944 3354 972 3392 ut
998 3348 1023 3393 in
1051 3360 1080 3394 eo
1106 3345 1177 3409 qnasi
1206 3360 1306 3394 secessu
1336 3349 1501 3397 umonomiae

135 3428 235 3479 operam
255 3415 333 3464 daret.
372 3416 429 3475 Qua
446 3431 504 3465 usus
523 3417 672 3467 liberalitate
693 3418 821 3464 constituit
846 3417 870 3464 in
896 3416 976 3465 medio
1004 3430 1091 3478 campo
1116 3416 1278 3480 magnificam
1302 3431 1404 3475 arcem,
1431 3433 1500 3482 quam

133 3484 370 3551 Urauiburgum
389 3489 534 3536 nominarit.
562 3488 609 3536 Hic
628 3496 792 3536 commoratus
811 3494 944 3550 estusque
963 3486 997 3536 ad
1015 3501 1106 3535 annum
1127 3483 1203 3546 1597,
1222 3488 1393 3539 instrumenta
1411 3489 1444 3538 ad
1461 3490 1498 3537 eb

134 3556 282 3606 sonandum
306 3560 406 3607 summis
432 3560 549 3621 impensis
576 3558 731 3607 conficienda
754 3560 849 3606 curarit
874 3556 1012 3620 (descripta
1029 3558 1093 3607 haec
1112 3560 1279 3608 iustrumenta
1297 3559 1500 3622 deprehendimus

131 3629 157 3677 in
184 3628 301 3690 peculiari
327 3645 414 3692 opere,
441 3631 571 3693 inscripto:
602 3631 821 3678 astronomiae
850 3632 1052 3678 instauratae
1080 3628 1275 3679 blechanica.
1321 3631 1499 3694 Wandesburgi

134 3696 218 3752 1598.
244 3714 330 3748 recuso
349 3700 526 3765 Norimbcrgae
550 3698 654 3759 1602).
684 3700 815 3762 discipulos
839 3710 865 3748 et
884 3701 1048 3749 calculatores
1067 3700 1188 3754 adscivit.
1213 3708 1344 3765 totumque
1363 3717 1391 3752 ss
1410 3703 1500 3752 dedidit

133 3773 303 3820 astronomicis
322 3773 539 3821 observationibus.
570 3772 608 3821 De
628 3772 664 3819 bis
684 3773 893 3821 observationibus
911 3772 974 3820 baec
993 3774 1045 3834 ipse
1060 3772 1135 3819 dicit:
1158 3785 1221 3835 quas
1233 3771 1334 3835 Lipsiae
1354 3775 1379 3823 in
1398 3776 1500 3837 pueritia

132 3843 234 3905 peregi,
262 3843 366 3905 pueriles
392 3851 418 3892 et
444 3844 531 3893 dubias
551 3844 675 3906 appellare
693 3843 767 3891 soleo.
806 3843 875 3902 Quas
895 3842 950 3891 vero
969 3843 1057 3905 postea
1076 3844 1206 3908 Augustae
1225 3841 1415 3894 vindelicorum
1435 3854 1459 3894 et
1477 3847 1498 3892 in

134 3911 219 3960 Dania
236 3915 328 3974 passim
347 3914 451 3977 adeptus
471 3931 532 3970 sum,
550 3915 691 3976 iuveniliter
710 3921 736 3962 et
754 3914 909 3962 mediocriter
927 3928 953 3962 se
973 3914 1094 3963 babentes
1110 3927 1178 3962 voco.
1207 3913 1305 3963 Tertiae
1325 3924 1422 3973 autem,
1441 3930 1498 3980 quas

133 3982 287 4047 postmodum
306 3982 453 4049 Uraniburgi
472 3987 633 4035 exactissimis
652 3985 699 4033 illis
718 3986 885 4034 instrumentis
904 3985 1029 4034 dimensus
1048 4000 1118 4045 sum,
1138 3985 1236 4042 viriles,
1255 3993 1327 4035 ratas
1347 3994 1374 4037 st
1394 3990 1496 4038 certissi·

137 4067 190 4101 mas
210 4053 306 4115 appello
326 4061 352 4101 et
371 4069 467 4103 censeo.

205 4123 265 4172 lude
284 4124 316 4172 ab
335 4139 363 4173 eo
382 4136 499 4188 tempore,
519 4140 565 4188 quo
585 4128 683 4188 imperio
702 4127 794 4190 potitus
814 4133 852 4175 est
865 4125 1017 4175 Christianus
1032 4125 1068 4174 lV
1082 4123 1185 4188 (1588),
1206 4141 1245 4175 res
1259 4126 1395 4190 Tychonis,
1415 4143 1496 4194 qnam-

135 4207 208 4258 quam
227 4210 270 4256 per
289 4194 380 4257 aliquot
400 4210 477 4246 asinos
494 4198 590 4257 juvenis
609 4197 681 4258 hujus
701 4200 765 4261 regis
784 4199 867 4261 gratia
885 4197 1025 4262 gaudebat,
1053 4199 1144 4246 mutui
1162 4205 1189 4246 et
1206 4198 1257 4248 labi
1277 4208 1433 4263 coeperunt:
1457 4202 1495 4249 ds·

134 4264 209 4313 ficere
228 4265 329 4321 reditus,
348 4281 407 4329 quos
427 4283 457 4315 ex
474 4269 544 4331 regia
562 4268 732 4317 munificentia
751 4275 828 4317 antea
846 4271 1001 4325 obtinuerat,
1022 4270 1127 4319 existere
1146 4269 1342 4320 calumniatores
1361 4280 1387 4322 et
1405 4274 1495 4321 obtrec-

134 4343 237 4397 tatores,
256 4343 281 4383 et
300 4351 356 4383 cum
372 4339 425 4398 jam
443 4354 492 4386 non
511 4346 594 4401 posset
612 4355 641 4387 ex
659 4340 777 4389 reditibus
796 4342 1000 4403 propriis-tantos
1018 4348 1113 4389 sumtus
1126 4343 1257 4398 enatuere,
1276 4344 1418 4407 requirendi
1437 4342 1501 4407 apud

135 4413 230 4456 ceteros
249 4409 379 4469 patrocinii
400 4417 473 4472 atque
493 4410 555 4457 adeo
575 4411 638 4458 sedis
657 4410 768 4460 Uraniae
788 4410 836 4459 alio
855 4412 1043 4461 transferendae
1063 4410 1469 4476 cepitconsilium(l591—96).

207 4477 278 4537 Quae
297 4492 326 4526 eo
345 4493 421 4542 usque
440 4481 504 4542 typis
523 4482 684 4543 imprimenda
702 4484 810 4541 curarit,
830 4491 903 4539 suut,
921 4488 1020 4545 praeter
1039 4483 1184 4545 opusculum
1202 4482 1233 4533 de
1251 4482 1324 4534 Nova
1344 4484 1505 4537 Stallaenoi

137 4545 205 4595 1572
225 4546 301 4613 (quod
319 4549 372 4612 ipse
390 4550 415 4597 in
434 4552 521 4612 maiori
534 4551 564 4600 de
577 4552 664 4600 eadem
683 4553 757 4602 stella
770 4568 842 4615 opere
855 4561 942 4603 namet
960 4554 1114 4619 publicatum
1131 4554 1207 4605 tuisse
1226 4569 1292 4604 anno
1308 4554 1378 4606 15⁷³
1397 4565 1514 4608 curante:

136 4618 168 4667 D.
183 4618 309 4677 Pratense,
328 4619 446 4674 Hainiae,
466 4622 546 4684 „quod
563 4622 661 4685 quidem
675 4640 734 4687 opus
753 4640 802 4673 non
822 4640 850 4673 eo
871 4627 961 4681 animo,
978 4634 1007 4673 ut
1019 4627 1043 4673 in
1057 4624 1182 4687 publicum
1196 4626 1362 4678 omittendum
1376 4630 1506 4683 ducerem,

132 4690 271 4755 ¹amicorum
290 4689 378 4739 saltem
397 4692 616 4756 efflagitationibus
636 4709 664 4742 eo
684 4696 815 4759 impulsus,
835 4696 860 4744 id
878 4697 994 4761 quidquid
1014 4703 1065 4748 est.
1085 4695 1144 4745 mihi
1164 4712 1213 4746 non
1232 4698 1414 4762 satisfacit“),
1440 4714 1515 4763 opor-

136 4758 167 4808 de
187 4759 312 4809 Cometa
335 4763 394 4834 anni
420 4758 504 4820 1577,
534 4771 559 4813 01
586 4765 797 4827 Epistolarum
825 4768 936 4817 collectio
964 4764 1067 4829 (1598).
1104 4767 1169 4817 Illud
1197 4769 1344 4834 inscriptum
1372 4778 1427 4822 est:
1456 4771 1507 4819 De

135 4829 241 4883 Mundi
260 4830 998 4889 AethereiRecentioribusPhaenomenisLiber
1015 4839 1147 4896 secundus.
1168 4841 1210 4905 qui
1228 4841 1509 4895 mecummet»
