3278 5542
147 346 212 410 372
569 346 669 395 litterae
687 345 788 408 Keplsri
807 346 957 409 aliorumque
976 351 1078 393 mutuae

148 516 307 587 portunum
343 504 400 582 ipsi
434 504 491 564 fnit
525 504 561 562 dc
586 504 685 565 mnndi
714 504 879 586 archetypo
904 504 1056 582 cogitare,
1090 503 1139 582 qni
1162 510 1210 564 est
1234 502 1266 563 in
1289 496 1456 580 geometria
1476 505 1505 558 et

148 595 321 656 nominatim
348 594 375 653 in
392 591 527 665 Euclide,
552 592 731 672 philosopho
756 600 803 653 ter
817 592 957 653 maximo.
996 590 1092 651 Nobis
1111 598 1244 666 constat,
1268 595 1501 652 creatummon·

147 685 215 745 dnm
241 692 272 743 et
291 689 462 760 quantum
487 680 620 755 factum;
644 681 847 760 geometricae
863 682 975 761 figurae
1000 680 1042 753 (h.
1058 698 1084 743 e.
1110 676 1417 760 quantitativae)
1439 682 1501 737 sant

146 773 229 833 entia
261 770 397 831 rationis.
445 768 538 829 Ratio
572 778 704 832 aeterna.
751 769 834 849 Ergo
868 770 980 849 figurae
1015 770 1216 848 geometricae
1250 774 1325 830 sunt
1357 774 1499 836 aeternae,

146 879 254 939 nempe
279 859 316 920 ab
342 867 464 920 aeterno
489 876 590 918 verum
615 868 681 919 erat
705 859 733 918 in
759 866 857 919 mente
882 857 954 932 Dei,
986 857 1090 919 lateris
1121 857 1305 938 tetragonici
1330 853 1499 936 quadratam

145 968 170 1011 e.
188 968 231 1029 gr.
253 967 320 1010 esse
345 947 496 1008 dimidium
522 946 558 1006 de
574 948 721 1026 quadrato
737 947 886 1008 diametri.
928 946 1011 1026 Ergo
1035 954 1172 1026 quanta
1194 955 1266 1008 sant
1280 942 1386 1007 mnndi
1400 940 1498 1003 arche-

144 1046 246 1119 typus.
294 1036 328 1097 Si
352 1037 435 1096 Deus
459 1035 675 1114 ipsopsapposr
704 1037 783 1097 inter
811 1035 986 1109 creandum,
1022 1042 1052 1095 et
1075 1036 1222 1098 animales
1247 1032 1417 1096 facultates
1438 1036 1498 1091 sunt

145 1125 329 1207 exemplaria
343 1124 417 1197 Dei;
442 1125 604 1186 secundnm
629 1125 719 1186 illud:
744 1125 962 1199 „Praesentem
983 1123 1076 1186 refert
1096 1125 1251 1204 quaelibet
1263 1122 1362 1184 herba
1376 1119 1496 1194 Deum,“

144 1234 214 1295 ergo
248 1224 279 1275 et
312 1213 457 1274 animales
491 1213 653 1274 facultates
682 1235 899 1292 γιωμιτρουσι,
933 1214 1002 1273 dnm
1037 1213 1069 1274 id
1092 1232 1167 1293 opus
1190 1213 1390 1285 continuant,
1424 1208 1495 1287 cnjus

145 1305 243 1383 operis
276 1303 389 1363 creatio
424 1301 495 1362 fecit
527 1300 651 1363 initium.
699 1302 761 1363 Sed
785 1305 861 1364 satis
894 1303 931 1362 de
956 1301 1001 1362 his
1026 1301 1054 1362 in
1079 1302 1294 1381 disputatione.
1343 1297 1495 1362 Confirmat

144 1401 245 1453 antem
269 1411 331 1453 rem
357 1390 474 1450 music
484 1410 510 1449 a.
557 1391 648 1452 Dicat
672 1391 744 1452 mihi
768 1392 834 1471 quis
850 1410 973 1452 causam
989 1389 1079 1452 aliam
1104 1403 1278 1465 concentus,
1304 1408 1359 1451 cnr
1374 1393 1493 1449 διαπικι

145 1482 285 1553 delectet,
312 1479 344 1540 δι’
361 1475 434 1539 inan
458 1479 591 1540 offendat
614 1499 712 1553 aures,
738 1497 827 1559 qnam
852 1480 928 1541 hanc
953 1479 1059 1558 ipsam,
1085 1498 1174 1560 qnam
1194 1498 1251 1560 ego
1267 1478 1347 1551 dico,
1372 1493 1491 1538 commn-

144 1588 212 1630 nem
234 1568 365 1629 musicae
391 1577 422 1627 et
446 1568 630 1645 aspectibus.
678 1567 739 1630 Sed
764 1569 932 1648 supplenda
955 1567 1002 1629 hic
1028 1568 1160 1630 delinitio
1178 1569 1334 1630 rationum
1352 1563 1491 1627 harmoni-

144 1676 244 1718 corum
269 1677 305 1718 ex
329 1656 528 1731 harmonicis,
562 1666 595 1718 ut
624 1658 748 1730 videas,
785 1676 852 1718 esse
876 1666 993 1718 tautum
1018 1666 1096 1719 octo.
1143 1657 1237 1719 Ratio
1259 1653 1437 1719 harmonica
1456 1658 1491 1712 ert

142 1747 219 1807 ratio
247 1747 400 1824 perfecta,
433 1744 531 1806 solida
564 1753 595 1806 et
621 1765 700 1807 nexa
727 1768 745 1806 a
773 1747 890 1808 ratione
921 1746 1125 1827 aequalitatis.
1172 1746 1318 1809 Perfecta
1349 1742 1430 1807 ratio
1452 1748 1489 1802 eet

142 1836 220 1896 inter
243 1835 387 1896 terminos
410 1835 571 1913 perfectos.
620 1834 751 1895 Termini
775 1835 902 1914 perfecti
927 1843 997 1897 sunt
1017 1835 1130 1897 numeri
1145 1836 1305 1915 figurarum
1320 1830 1489 1913 regularium

142 1923 433 1995 demonstrabilium,
468 1923 497 1983 h.
523 1942 548 1983 e.
580 1942 703 2002 quarum
734 1925 829 1985 latera
862 1926 909 1985 rel
933 1946 1008 1986 κατα
1031 1946 1124 2003 paroc
1156 1925 1203 1986 vel
1228 1946 1305 1988 κατα
1327 1925 1489 1992 alarona

143 2033 377 2090 carpophoropoo
400 2013 447 2082 (et
470 2012 526 2072 hoc
550 2012 598 2072 vel
623 2007 734 2086 ἁπλως,
758 2013 806 2074 vel
829 2018 1005 2093 repondente,
1030 2014 1077 2075 vel
1100 2012 1257 2094 «incapaces
1283 2010 1412 2075 alterins
1426 2026 1488 2089 qna-

144 2102 223 2163 drati
247 2101 310 2162 noti
335 2094 500 2178 respirans,
526 2107 557 2160 et
580 2102 779 2180 completione
802 2102 941 2179 figurae),
967 2110 1037 2163 sunt
1059 2103 1278 2180 comparabilia
1302 2119 1369 2164 cnm
1386 2098 1487 2161 diame-

143 2199 189 2251 tro
222 2190 333 2251 circuli.
387 2192 469 2260 (Nota
489 2197 591 2262 Keplori
609 2201 634 2246 in
652 2201 782 2265 margins:
816 2203 888 2256 Huic
913 2201 1139 2273 contemplationi
1166 2202 1339 2256 diversorum
1367 2201 1488 2273 ςιιιάιιιιι

142 2286 353 2357 comparationis
369 2287 487 2342 laterum
502 2306 560 2342 cum
571 2290 704 2344 diametro
720 2291 812 2345 circuli
823 2292 1001 2361 peculiariter
1010 2294 1160 2362 deputatus
1171 2300 1216 2346 est
1224 2290 1342 2345 liberX
1354 2279 1486 2349 Euclidis.)

142 2368 221 2427 h'arn
246 2368 431 2444 comparatio
455 2377 503 2428 est
525 2371 717 2444 mensuratio,
742 2390 914 2432 mensurare
939 2380 987 2431 est
1008 2372 1104 2444 scire;
1129 2370 1236 2431 infiniti
1255 2370 1341 2430 nulla
1362 2381 1487 2428 mensura

142 2455 189 2514 vel
215 2454 351 2516 scientia
400 2455 476 2534 Sep
478 2457 577 2535 anguli
603 2457 696 2529 latus,
723 2469 755 2520 ut
779 2468 809 2519 ot
833 2460 1008 2539 nonanguli,
1035 2458 1254 2538 undecaugnli,
1281 2451 1485 2532 tredecassgulit

143 2543 260 2622 fugiunt
284 2561 386 2604 omnes
411 2545 621 2624 aequationes,
656 2548 725 2649 quia
749 2548 881 2650 ipsorum
909 2547 1058 2610 certitudo
1083 2546 1279 2627 longitudinis
1304 2544 1444 2607 consistit
1462 2538 1487 2598 in

140 2631 298 2706 infinitate
325 2651 399 2712 quae
424 2635 597 2706 mensurari,
623 2635 702 2710 sciri,
728 2637 876 2714 permeari
901 2655 959 2697 non
983 2643 1094 2714 potest,
1120 2654 1155 2698 eo
1179 2637 1245 2718 ipso
1270 2655 1308 2696 ne
1332 2633 1487 2713 implicetur

142 2720 350 2782 contradictio.
397 2722 444 2782 Ex
470 2724 525 2783 lrac
550 2722 664 2802 origine
689 2725 904 2786 consistentiae
936 2726 964 2786 in
989 2726 1135 2787 infinitate
1163 2725 1300 2807 seqnitur
1321 2723 1353 2784 in
1377 2737 1486 2802 geome-

140 2810 218 2871 trica
242 2832 499 2886 oopcaonorqon,
532 2812 609 2891 qnod
639 2831 734 2893 neque
759 2822 880 2889 coeant,
915 2833 1009 2894 neque
1038 2814 1117 2876 inter
1148 2810 1182 2877 fio
1214 2832 1311 2895 neque
1344 2831 1410 2873 cum
1431 2807 1487 2870 aliis

140 2899 330 2973 coeuntibus,
363 2919 457 2981 neque
483 2903 521 2962 ad
545 2903 738 2963 sternendam
761 2902 918 2982 planitiem
943 2923 1037 2982 neque
1061 2904 1100 2965 ad
1119 2904 1319 2965 claudendum
1335 2902 1485 2963 locnmso·

142 2988 243 3049 lidum.
283 2987 488 3068 Triangulum,
511 2991 756 3070 quadrangulum,
784 2992 1046 3072 quinquangulum,
1062 2992 1269 3073 sexangulum,
1296 2989 1484 3071 octangulon

140 3077 355 3156 decangnlum,
381 3096 435 3156 pes
460 3087 592 3153 truttae,
619 3090 733 3154 crates,
759 3080 878 3159 aliaque
903 3081 1086 3161 decangnla,
1112 3090 1222 3143 coeunt
1243 3080 1329 3143 uarie
1354 3080 1431 3141 inter
1450 3094 1484 3145 se,

139 3165 188 3226 rel
220 3184 287 3226 cum
320 3167 376 3227 sibi
402 3166 549 3230 similibus
583 3169 630 3230 vel
659 3189 725 3230 cum
755 3170 861 3242 sociis;
896 3170 940 3230 nti
971 3179 1071 3232 crates
1095 3171 1188 3233 etiam
1218 3171 1299 3232 inter
1321 3188 1356 3230 se
1380 3173 1484 3234 coeunt

139 3253 194 3314 sed
217 3253 311 3325 hiant,
338 3273 395 3314 non
421 3256 549 3335 undique
574 3258 760 3319 soliditatem
783 3258 927 3320 claudunt
950 3259 1003 3320 hc.
1051 3260 1158 3339 ltaque
1181 3258 1286 3322 invitis
1310 3258 1405 3320 etiam
1425 3254 1484 3337 phi·

138 3342 272 3421 losophis
296 3342 435 3422 ingerunt
460 3364 526 3406 sese
550 3364 603 3424 pro
628 3347 800 3428 archetypis
825 3348 1001 3419 creationis,
1030 3348 1100 3428 qnia
1123 3358 1155 3410 et
1176 3349 1245 3430 ipsa
1268 3348 1352 3409 intra
1373 3361 1485 3428 geome-

137 3431 214 3492 triae
238 3430 349 3492 limites
373 3434 555 3495 creationem
572 3435 703 3515 aliquam
728 3436 950 3499 administrant.
998 3436 1040 3498 Et
1055 3438 1093 3498 ab
1107 3438 1165 3499 hac
1182 3437 1313 3499 coitione
1329 3434 1485 3508 definissem

137 3521 290 3600 perfectas
315 3522 435 3601 figuras,
461 3522 518 3584 nisi
543 3525 599 3586 duo
623 3524 813 3587 rhomborum
833 3536 946 3604 genera
960 3527 1052 3588 eliam
1072 3527 1197 3602 coirent,
1221 3545 1298 3607 qnae
1317 3522 1485 3605 irregulares
1515 3548 1518 3553 ·

136 3611 248 3690 figurae
274 3619 345 3672 sunt
368 3611 477 3673 circulo
507 3633 564 3674 non
590 3621 697 3693 aptae;
736 3634 790 3675 nos
820 3634 890 3677 vero
919 3615 1029 3677 circulo
1058 3615 1224 3696 indigemus
1254 3615 1292 3677 ad
1322 3614 1485 3694 angulorum

137 3700 399 3762 mensurationem.
448 3705 530 3770 (Nota
547 3711 573 3759 ro
591 3722 686 3777 marga
706 3703 913 3784 Proprietates
937 3705 1043 3767 harum
1066 3707 1224 3785 figurarum
1247 3711 1363 3784 cogunt
1380 3700 1486 3784 quiden

137 3789 268 3868 aliquam
292 3790 508 3869 longitudinem
531 3799 662 3860 certam,
688 3794 741 3853 sed
766 3812 917 3872 expensae
941 3802 1050 3873 petunt
1071 3794 1250 3874 principium
1273 3794 1304 3855 in
1329 3790 1483 3855 ratiocina-

137 3877 228 3938 tione.
276 3876 310 3938 Si
335 3878 400 3957 quis
424 3879 550 3952 haberet
574 3882 654 3942 latus
678 3882 859 3960 septanguli,
884 3882 958 3944 illud
982 3883 1056 3945 haec
1081 3891 1112 3944 et
1135 3883 1188 3945 illa
1213 3890 1398 3963 praestaret.
1432 3874 1485 3941 Sed

136 3982 222 4024 nemo
247 3984 375 4044 unquam
399 3969 446 4028 vel
471 3969 499 4028 in
524 3970 640 4047 charta,
666 3972 713 4031 vel
737 3972 766 4031 in
791 3971 930 4046 numeris,
956 3973 1005 4033 vel
1029 3971 1057 4032 in
1082 3979 1182 4034 mente
1200 3971 1308 4034 habuit
1330 3971 1484 4052 perfectum

136 4053 217 4114 latus
242 4056 427 4134 septangnli;
453 4075 511 4116 non
536 4058 600 4135 ipse
624 4060 717 4134 Deus,
745 4060 814 4140 qnia
837 4061 901 4138 ejus
926 4062 1061 4122 essentia
1084 4061 1113 4122 ia
1138 4060 1363 4135 hocconsistit,
1386 4066 1419 4121 ut
1435 4072 1483 4117 non

135 4140 240 4202 haberi
264 4144 362 4221 possit
385 4155 494 4207 mente
544 4146 660 4208 Contra
685 4149 721 4209 de
746 4149 984 4229 quinquangulo,
1019 4150 1069 4211 nbi
1099 4150 1267 4230 geometria
1289 4149 1408 4225 defluit,
1437 4146 1483 4207 noc

136 4249 203 4292 esse
228 4231 308 4291 latus
323 4232 545 4314 quinquangnli,
571 4236 653 4314 cujus
669 4238 847 4317 quadratum
862 4237 1050 4319 componitur
1065 4240 1265 4321 exquadrata
1280 4233 1483 4301 semidiametri

136 4326 168 4380 et
191 4320 338 4399 quadrato
357 4320 422 4399 ejus
441 4323 537 4401 partis
557 4324 677 4403 majoris
702 4325 746 4397 (in
762 4327 894 4388 sectione
910 4329 1073 4391 secundum
1088 4336 1224 4390 extrema
1238 4336 1272 4390 et
1283 4328 1410 4404 media)
1440 4321 1482 4385 Uli

136 4416 168 4470 et
183 4409 430 4488 quemadmodum
451 4411 639 4474 semidiamet
626 4421 673 4474 ter
696 4422 727 4475 et
749 4435 820 4494 pars
844 4417 1060 4480 semidiametri
1084 4418 1179 4498 major
1201 4419 1231 4480 in
1255 4417 1392 4483 sectione
1414 4416 1483 4479 dicta

135 4499 316 4577 geometrice
333 4499 406 4560 dant
394 4507 450 4575 t,nr
468 4501 476 4561 i
479 4504 695 4583 taseptangnli
711 4505 789 4565 latus
804 4505 943 4584 potentia
957 4516 1005 4568 est
1021 4507 1051 4568 in
1065 4507 1155 4586 plano
1171 4506 1283 4581 circuli,
1299 4506 1331 4569 h.
1347 4528 1375 4571 e.
1394 4511 1483 4588 potest

134 4586 164 4646 in
189 4606 223 4646 eo
249 4589 403 4661 delineari,
429 4592 482 4652 sed
506 4610 562 4652 uon
586 4602 690 4672 potest
714 4613 842 4672 unquam
866 4605 1010 4674 punctum
1033 4596 1161 4671 ostendi,
1186 4597 1291 4677 inquo
1306 4597 1481 4660 terminetur.

135 4674 201 4735 Neo
225 4678 374 4757 sequitur:
400 4679 474 4740 illud
497 4689 610 4759 potest,
636 4701 708 4762 ergo
732 4682 787 4744 hoc
802 4692 905 4761 potest
924 4686 1027 4746 etiam.
1066 4685 1146 4746 Nam
1169 4684 1208 4745 ab
1231 4704 1317 4747 esse
1342 4683 1482 4750 adsciri

136 4781 195 4825 non
220 4765 320 4846 sequit
322 4786 365 4829 ur.
413 4766 493 4829 Sunt
516 4769 630 4832 infinita
653 4781 765 4854 puncta
789 4771 816 4831 in
843 4772 932 4848 linea,
957 4780 990 4833 at
1013 4791 1072 4834 non
1088 4773 1223 4836 sciuntur
1238 4773 1482 4858 infinitapnncta,

135 4861 329 4916 numerantur
357 4856 436 4917 enim
464 4864 496 4918 et
519 4859 562 4921 sic
586 4858 671 4921 finita
693 4868 806 4922 essent.
853 4859 913 4924 Est
935 4860 1029 4956 igitar
1052 4861 1221 4943 speculatio
1244 4863 1295 4927 hic
1317 4862 1484 4947 paruula·
