3278 5542
664 313 695 364 ds
713 314 786 365 rebus
804 315 966 382 astrologicis
1425 315 1486 383 301
1546 335 1549 339 ’

131 470 173 533 aa
194 478 299 532 tamen
322 470 377 532 illa
398 470 518 550 tragica
539 470 653 550 passim
677 470 706 533 in
721 471 851 534 Austria
873 471 929 534 sub
953 473 1016 551 ejus
1031 472 1157 535 nomine
1165 475 1339 554 palliantur.
1377 478 1491 539 Astro-

131 559 192 639 logi
217 559 364 634 dicerent,
390 559 491 640 vigere
516 559 711 621 directionem
736 559 923 639 1111110.
948 562 986 622 ad
1011 565 1072 634 8)
1097 572 1128 623 et
1153 559 1222 640 *5-

201 716 249 766 His
268 716 300 767 de
318 718 391 768 rebus
409 717 515 781 politicis
533 719 716 768 narrationibus
736 718 796 767 nihil
816 719 957 769 addendum
976 735 1118 779 censemus3
1138 728 1311 786 comparentur
1327 722 1448 773 historici.

201 786 284 848 Quam
302 802 378 853 supra
395 789 456 838 dicit
467 789 600 854 Keplerus
620 788 908 847 Zimmermannns,
927 792 1132 854 superintendant
1145 800 1200 842 erat
1223 793 1491 878 ecclesiarum'Styriae

128 857 234 909 Lntlscri
260 859 319 910 fidel
346 859 515 921 addictarum,
541 861 599 910 inde
625 861 657 910 11
683 875 748 909 anno
769 857 846 909 1198.
885 861 966 911 Natus
984 868 1023 912 est
1046 877 1112 913 anne
1133 862 1202 913 1540
1218 865 1363 922 1111111111,
1386 866 1412 913 in
1431 866 1489 914 ciri·

128 936 184 981 tate
211 929 441 997 Wdrtembargiaa,
475 939 502 982 et
526 931 659 982 Maestlino
685 933 780 995 pridem
807 934 919 983 amicitia
941 937 1088 1017 conjunctas
1113 942 1182 993 erat,
1210 950 1266 986 curn
1290 943 1392 1000 uterque
1419 936 1491 985 simul

128 1014 175 1065 pc
203 1001 299 1067 aliquot
326 1017 405 1053 annos
431 990 614 1068 Heidelbergae
638 1010 844 1062 commoraretur,
872 1005 913 1055 1111
938 1019 1010 1055 sacer
1036 1007 1151 1070 principis
1180 1015 1263 1057 orator
1289 1014 1314 1056 et
1342 1021 1358 1056 a
1382 1007 1490 1057 consiliis

129 1071 389 1193 111Ι11111111113,01111
416 1075 558 1125 matheseos
582 1074 711 1137 professor.
748 1074 788 1124 De
814 1075 1008 1126 Zimmermanni
1034 1076 1083 1126 lilio
1111 1079 1187 1128 reiert
1210 1077 1334 1141 Keplerns
1356 1077 1489 1129 Maestline

126 1156 207 1208 “ln
225 1157 277 1209 1³⁸8

205 1214 297 1265 Liserh
312 1215 414 1280 Keplsrl
427 1215 451 1264 1.
467 1213 508 1264 11.
519 1212 603 1265 Martii
622 1216 749 1280 respondit
760 1215 961 1268 Maestlinus
979 1218 1087 1282 pluribus
1108 1219 1239 1283 „postridie
1253 1218 1378 1282 0111111.
1393 1217 1487 1270 1198.“

126 1285 203 1348 Quae
223 1300 253 1336 aa
271 1287 309 1336 his
330 1287 409 1336 literis
426 1286 474 1336 huc
492 1288 626 1351 pertinent,
645 1287 709 1337 haec
726 1295 797 1337 sunt:

200 1356 301 1407 literas
313 1357 390 1415 Tuas,
405 1357 513 1407 Doctiss.
523 1358 575 1415 Vir,
595 1357 701 1408 Domine
714 1365 740 1409 et
754 1361 834 1409 amice
846 1359 973 1424 perchara,
994 1363 1080 1424 accepi
1091 1361 1151 1410 mihi
1163 1362 1332 1427 gratissimas;
1351 1361 1410 1411 mihi
1428 1375 1488 1426 quo·

126 1442 176 1492 qus
195 1435 317 1493 pergrata
335 1436 374 1478 est
391 1430 555 1492 respondendi
575 1432 681 1479 occasio.
720 1429 770 1480 Sed
788 1432 830 1479 ubi
843 1433 934 1481 faciam
952 1432 1066 1481 initium?
1103 1435 1143 1481 An
1161 1447 1210 1482 non
1230 1434 1261 1483 ab
1281 1447 1319 1492 eo,
1338 1433 1488 1497 quodauper

125 1499 229 1549 modum
248 1500 344 1565 ingenti
362 1501 489 1550 moestitia
506 1515 548 1551 eor
565 1515 648 1550 meum
667 1501 754 1550 alilixit
775 1509 800 1552 et
819 1501 899 1552 adhuc
919 1502 1027 1569 affligit?

200 1569 285 1620 Natus
304 1572 351 1621 tuit
369 1571 429 1620 mihi
447 1571 525 1629 filins,
552 1578 626 1620 natus
645 1578 683 1621 est
702 1574 778 1622 etiam
796 1574 849 1622 tibi.
888 1573 941 1623 Ah!
973 1574 1075 1624 Utinam
1093 1574 1187 1624 felicior
1204 1580 1261 1624 tuus
1280 1575 1386 1631 evadat,
1413 1582 1487 1639 atque

125 1648 153 1691 ts
180 1648 301 1706 tuumque
328 1645 440 1692 suarium
468 1643 540 1692 aliter
568 1642 700 1693 exhiberet.
739 1643 840 1707 Speravi
865 1645 1005 1695 dinmrnam
1028 1646 1105 1695 vitam
1128 1645 1196 1695 tilioli
1220 1647 1282 1703 meir
1314 1645 1420 1696 conhsus
1443 1648 1486 1703 lui,

124 1714 210 1779 ipsam
228 1715 364 1764 senectutis
383 1713 517 1778 aliqnando
541 1727 613 1764 meae
632 1728 691 1778 prae
711 1717 800 1764 ceteris
823 1717 884 1765 meis
902 1716 985 1767 liberis
1002 1717 1053 1766 lore
1073 1716 1197 1766 baculum.
1234 1717 1336 1766 Promisi
1355 1717 1414 1765 mihi
1432 1717 1486 1780 pln-

123 1786 192 1835 rinsa
211 1783 242 1833 da
260 1786 327 1848 ipso;
347 1784 389 1834 alii
407 1784 466 1834 mihi
485 1800 515 1834 ex
534 1786 616 1835 animo
634 1794 691 1835 sunt
710 1787 836 1851 gratulati.
875 1787 927 1853 Ego
940 1787 995 1837 Deo
1014 1802 1075 1852 quas
1093 1789 1256 1851 persolverem
1273 1789 1368 1852 gratias
1384 1789 1486 1846 nesciri,

123 1855 216 1907 1111111
234 1861 319 1905 tamen
343 1857 521 1905 ardentissimis
542 1858 605 1905 votis
631 1857 710 1920 ipsum
734 1858 871 1908 sollicitari.
910 1858 1002 1909 Verum
1025 1859 1084 1908 illud
1107 1873 1189 1908 meum
1207 1858 1326 1924 gaudium
1344 1858 1486 1908 diuturnum

123 1942 177 1979 non
196 1927 252 1975 luit
289 1925 356 1977 Nam
376 1927 408 1976 ad
428 1927 443 1975 1
463 1929 616 1990 septimanas
640 1943 690 1977 non
715 1931 840 1992 pervenit;
870 1931 961 1979 etenim
984 1925 1143 1994 11118111
1162 1931 1208 1979 ruit
1227 1929 1269 1978 15.
1289 1929 1348 1978 reo.
1368 1930 1486 1993 epilepsia

122 1999 242 2065 11111111Ι
261 1999 334 2062 cepit,
354 1998 416 2048 hora
434 2001 516 2049 noctis
535 1996 567 2056 83
586 1999 644 2048 inde
662 2013 713 2064 seq.
734 2001 774 2050 die
793 2002 915 2049 continuis
934 2003 1077 2066 paroxismis
1095 2008 1175 2050 totum
1194 2000 1364 2064 corpusculum
1383 2014 1485 2051 enerva-

120 2080 179 2123 tnrn
198 2058 254 2125 rusi.
273 2077 303 2118 at
319 2068 382 2119 hora
400 2072 479 2120 noctis
502 2068 534 2118 10
552 2077 702 2133 postremum
721 2071 874 2120 exhalaverit
887 2073 1006 2136 spiritum.
1045 2072 1099 2121 Ah!
1128 2072 1175 2121 Ubi
1188 2070 1385 2135 meaillaspesi
1404 2086 1486 2121 meum

121 2137 265 2210 gandium!
292 2141 352 2191 illae
370 2140 571 2206 gratulationes?
608 2141 636 2190 lu
655 2144 821 2200 moestitiam,
846 2142 987 2205 lachrymas
1006 2150 1032 2193 et
1049 2142 1240 2206 insuperabilem
1258 2143 1383 2192 tristitiam
1402 2145 1487 2192 omnia

121 2223 184 2265 sunt
203 2210 323 2261 resoluta
360 2211 443 2262 Natus
461 2213 508 2261 tuit
525 2211 584 2261 mihi
603 2212 668 2261 iilius
687 2228 735 2261 non
755 2215 823 2263 fllia:
856 2215 998 2278 etquidem
1016 2231 1046 2265 eo
1064 2221 1238 2278 temporeque
1257 2214 1363 2262 maxime
1382 2226 1484 2277 exopta-

120 2298 218 2337 mam.
251 2279 350 2332 Nomen
368 2283 401 2333 ab
418 2285 533 2348 Augusto
550 2284 660 2347 principe
679 2286 939 2350 accepitAugustum.
971 2289 1110 2352 Angustum
1128 2286 1237 2335 laturum
1255 2286 1359 2350 sperari.
1393 2284 1486 2334 Verum

119 2363 205 2407 narce
224 2359 250 2402 et
268 2355 365 2418 quidem
383 2355 530 2418 epileptica,
558 2355 627 2413 dira,
651 2357 713 2414 ista,
732 2371 796 2421 quae
814 2357 962 2407 videbantur
980 2359 1123 2410 iehcissima
1145 2358 1244 2415 omina,
1272 2359 1297 2406 iu
1320 2355 1423 2406 nihilum
1440 2356 1484 2406 ab·

196 2495 249 2547 Sed
266 2510 313 2559 quo
332 2495 395 2545 abeo
414 2496 544 2547 affectibus
563 2503 589 2547 et
606 2497 832 2560 perturbationibus
859 2495 888 2559 (1
906 2498 1006 2564 quihus,
1035 2499 1055 2547 si
1081 2497 1153 2549 irena
1171 2499 1206 2548 eis
1224 2498 1320 2557 laxem,
1345 2512 1384 2547 me
1402 2499 1442 2548 rix
1460 2505 1486 2548 st

118 2569 235 2635 profecto
254 2569 294 2616 vix
311 2581 426 2617 revocare
444 2564 555 2632 possum)
575 2570 677 2618 nimium
700 2569 806 2618 inhians.
843 2573 971 2635 Augustus
990 2571 1071 2619 estin
1090 2571 1194 2635 glorioso
1214 2577 1319 2635 augusto
1333 2569 1485 2634 Angelorum

118 2640 208 2700 ahere,
228 2638 404 2702 compendiosa
421 2641 463 2688 ria
480 2639 557 2689 adid
574 2640 639 2703 quod
657 2641 826 2704 principaliter
843 2655 971 2704 speramns
990 2644 1108 2704 pervenit.
1146 2644 1181 2690 At
1200 2656 1255 2707 ego,
1275 2642 1322 2691 etsi
1338 2643 1419 2690 omine
1437 2640 1485 2691 hoe

118 2726 172 2765 non
191 2711 312 2773 deceptus
330 2724 396 2768 sum,
425 2725 497 2760 omen
519 2716 604 2760 tamen
627 2712 693 2761 istud
717 2712 790 2776 longe
814 2711 889 2763 aliter
910 2711 970 2761 mihi
995 2713 1030 2760 iai
1049 2713 1232 2777 interpretatus.
1271 2712 1347 2762 Vivat
1364 2726 1422 2777 ergo
1440 2713 1484 2769 ibi,

118 2784 222 2835 truatur
238 2781 326 2845 quibus
344 2795 390 2831 noa
408 2780 490 2832 adhuc
514 2783 540 2831 in
557 2797 601 2846 spe
623 2783 676 2846 ipse
699 2784 725 2833 in
749 2798 788 2842 re,
818 2785 877 2849 quia
894 2783 949 2833 Deo
974 2784 1013 2833 ita
1036 2785 1114 2833 visum
1138 2791 1189 2834 est:
1220 2785 1318 2834 interim
1342 2783 1484 2833 1111111111

118 2868 242 2921 magnum
261 2852 408 2902 desiderium
425 2852 466 2901 hic
484 2853 543 2902 mihi
561 2853 666 2918 reliquit.
703 2853 874 2904 Veruntamen
899 2855 1015 2920 quoniam
1041 2855 1210 2905 animadverto
1233 2859 1312 2920 ipsum
1336 2854 1484 2918 longaevum

119 2926 160 2977 vix
177 2926 289 2975 11111111
301 2923 375 2973 fuisse
394 2920 460 2984 (ride
478 2938 555 2988 supra
571 2939 596 2987 p.
611 2922 684 2985 ²98),
704 2939 752 2990 ago
771 2924 826 2975 Deo
846 2928 957 2990 gratias,
976 2925 1041 2988 qaod
1059 2941 1108 2976 nou
1127 2927 1169 2975 din
1186 2926 1231 2976 illa
1248 2941 1292 2990 spe
1310 2925 1345 2975 ini
1363 2924 1480 2974 laetatus.

118 2994 245 3048 Dominus
263 2995 347 3053 dedit,
375 2994 497 3044 Dominus
516 2995 631 3052 abstulit,
657 2998 690 3044 sit
714 3011 804 3046 nomen
822 2996 923 3045 Domini
951 2994 1003 3058 (Ab
1022 3011 1096 3061 quam
1115 3011 1191 3062 aegre
1209 2997 1272 3047 haec
1291 3011 1321 3047 ax
1339 2997 1482 3060 perturbato

121 3068 196 3119 11111
222 3063 395 3131 prommpunt)
423 3067 589 3117 benedictum.
626 3066 720 3118 Veram
745 3068 790 3118 hat
812 3068 926 3118 voluntas
951 3076 1009 3126 tua,
1038 3068 1157 3118 Domine!
1198 3068 1274 3120 Plura
1300 3068 1406 3119 seribere
1432 3083 1484 3118 non

119 3154 252 3261 ”ninam
269 3209 303 3258 ad
320 3209 379 3259 alia.
417 3207 592 3258 Tristissimum
619 3222 650 3258 ex
672 3207 751 3258 literis
768 3209 818 3258 tuis
836 3211 936 3274 percepi
954 3211 1071 3260 nuncium
1096 3210 1127 3262 de
1145 3216 1224 3262 morte
1243 3209 1305 3261 Rev.
1324 3209 1378 3259 Viri
1395 3208 1428 3260 D.
1447 3208 1481 3261 D.

119 3280 194 3333 vau
214 3280 416 3351 Zimmermanui.
453 3279 495 3329 eh
512 3285 631 3344 quantam
650 3280 756 3329 ecclesia
774 3280 823 3329 Dei
841 3280 887 3331 hoc
906 3283 995 3331 amisso
1018 3281 1074 3331 Viro
1092 3284 1152 3333 iecit
1166 3283 1306 3346 jacturam!
1343 3280 1412 3332 Deus
1432 3282 1482 3332 cle·

119 3360 217 3405 menter
237 3354 291 3413 ejus
307 3351 466 3409 misereatur,
495 3357 521 3400 et
538 3351 564 3400 in
583 3351 664 3400 locum
687 3353 763 3415 ipsius
789 3353 812 3402 ei
831 3353 906 3402 alium
924 3353 1037 3409 fidelem,
1064 3355 1104 3417 qui
1130 3355 1183 3418 pari
1208 3354 1356 3403 dexteritate
1379 3355 1481 3417 praesit,

119 3425 265 3477 substituat-
301 3422 368 3472 Dum
386 3437 417 3472 ex
434 3423 511 3473 literis
529 3424 578 3472 tais
596 3428 701 3472 mortem
718 3423 791 3485 hujus
809 3424 852 3473 riri
871 3424 971 3489 collegis
998 3425 1059 3473 meis
1077 3426 1202 3480 referrem,
1221 3440 1306 3475 omnes
1323 3425 1483 3476 veliementer

118 3495 303 3563 isgamumuut,
329 3495 360 3544 de
386 3495 493 3545 ecclesia
519 3495 665 3558 praesertim
684 3502 820 3544 vestrorum
844 3495 952 3545 locorum
977 3496 1110 3545 admodum
1135 3497 1241 3546 solliciti.
1279 3495 1330 3546 Sed
1353 3510 1480 3560 speramus

118 3564 217 3623 1111111,
248 3568 288 3630 qui
312 3567 392 3630 ipsum
414 3566 517 3617 tandem
545 3580 576 3615 ex
596 3565 634 3614 his
660 3569 783 3615 aerumnis
807 3566 935 3623 liberavit,
965 3567 1087 3618 ecclesiae
1113 3582 1174 3619 suae
1197 3567 1286 3618 iterum
1303 3573 1408 3632 paterne
1427 3582 1481 3618 esse

118 3652 266 3769 WQnaa
292 3709 323 3759 de
348 3712 473 3757 cometa
496 3706 544 3756 dici
563 3706 661 3766 scribis,
687 3721 766 3770 nuper
791 3707 866 3755 etiarn
885 3706 985 3756 aliunde
1007 3708 1040 3757 ad
1057 3723 1097 3758 me
1116 3709 1201 3760 delata
1219 3714 1285 3758 sunt.
1323 3707 1414 3759 Verum
1433 3722 1480 3774 ego

118 3787 248 3833 matun
272 3779 366 3829 nullum
390 3778 448 3827 vidi
485 3777 603 3827 Existimo
626 3785 710 3828 antem
737 3775 773 3838 (id
795 3778 860 3841 quod
878 3793 909 3827 ex
926 3779 1119 3829 circumstantiis
1137 3780 1240 3846 colligo,
1266 3779 1325 3829 dum
1349 3779 1481 3844 diligenter

118 3867 168 3919 'aa
187 3857 266 3935 parte⁸
286 3851 349 3901 coeli
372 3851 438 3899 risus
462 3849 536 3899 luerit
555 3846 735 3912 explorarem),
762 3851 823 3898 istos
848 3849 960 3899 homines
983 3851 1110 3900 vicinitate
1129 3851 1152 3912 11
1171 3860 1197 3902 11
1216 3844 1240 3917 Ω
1260 3850 1377 3915 deceptos
1395 3851 1478 3910 luisse,

118 3924 223 3991 pando
242 3923 356 3972 nimirum
375 3913 399 3986 Ω
419 3921 542 3970 interdum
561 3936 604 3983 per
622 3921 699 3970 nubes
719 3921 828 3970 caudata
847 3923 899 3970 visa
916 3921 970 3970 init

191 3994 413 4059 astrologiam
431 3992 502 4042 rideo
520 4000 546 4043 te
564 4007 613 4042 non
633 3992 747 4054 abjicere
784 3994 819 4041 At
837 4006 885 4042 neo
904 4006 935 4041 ea
952 3993 1057 4056 priorum
1074 4006 1186 4043 meamm
1197 3992 1323 4044 literarum
1341 3992 1388 4043 init
1399 4007 1478 4044 mens.

118 4064 169 4118 aaa
192 4079 252 4130 ago,
270 4080 316 4114 nec
334 4078 384 4113 non
403 4064 445 4113 alii
463 4078 560 4113 mecum
579 4062 737 4112 vehementer
755 4063 870 4112 admirati
887 4070 960 4121 sunt,
985 4078 1035 4128 qna
1051 4079 1078 4114 re
1095 4065 1121 4115 in
1140 4064 1300 4132 Prognostico
1318 4065 1390 4127 huius
1411 4062 1479 4114 1198

118 4152 176 4190 sam
196 4143 329 4199 tantopere
348 4134 530 4199 exagitaveris‘l
547 4134 713 4198 -Respondes
731 4134 769 4183 his
787 4134 878 4193 literis,
905 4142 930 4184 te
949 4150 998 4184 non
1018 4136 1192 4201 astrologiam,
1215 4137 1260 4188 sed
1277 4137 1377 4187 11111111
1393 4135 1477 4186 domo-

118 4224 174 4261 rana
193 4207 359 4257 numeralium
378 4208 545 4257 instmmenta
563 4213 637 4270 atque
657 4206 686 4254 de
705 4206 807 4268 speciali
824 4206 995 4269 praedictione
1013 4215 1171 4273 arrogantem
1191 4210 1399 4272 praesumtionem
1418 4222 1476 4259 oon·

118 4276 271 4335 11111111.
307 4281 342 4327 At
365 4278 426 4326 mihi
449 4278 595 4329 ridebantur
612 4279 662 4327 ists
679 4278 705 4326 in
724 4278 800 4326 alium
818 4284 954 4327 1111111111
971 4279 1120 4329 reservanda
1137 4279 1220 4339 inisse,
1241 4281 1266 4329 in
1285 4295 1333 4346 qao
1351 4280 1478 4329 cumsolis

118 4352 224 4404 :udicis
244 4350 363 4414 disputari
380 4355 472 4412 posset.
509 4349 558 4399 Hic
576 4365 601 4397 n.
621 4364 678 4398 cum
696 4350 790 4399 metica
814 4348 886 4412 plebe
905 4355 931 4398 et
949 4349 1045 4406 1111111,
1072 4363 1089 4399 1
1113 4351 1200 4415 quibus
1222 4367 1272 4402 non
1297 4364 1416 4417 arrogans
1433 4350 1478 4400 illa

118 4423 282 4489 praesumtio,
301 4421 346 4471 sed
363 4421 523 4486 prognostica
540 4421 571 4470 de
589 4421 746 4486 proventibus
766 4421 834 4478 anni,
853 4420 884 4469 11
903 4420 973 4470 bellis
991 4428 1017 4470 et
1035 4434 1099 4485 quaa
1118 4423 1238 4484 ejusmodi
1255 4429 1322 4480 sunt,
1342 4427 1476 4485 expectan-

118 4503 161 4547 tur
180 4501 226 4544 aut
244 4498 397 4556 spectantur,
417 4494 506 4557 agitur.
544 4492 643 4542 Etenim
661 4492 699 4540 his
718 4493 805 4556 ignota
823 4497 881 4541 sunt
898 4491 1062 4541 fundamenta
1079 4494 1202 4543 rationum
1222 4492 1254 4542 12
1268 4493 1394 4544 domorum
1406 4492 1477 4550 coeli,

118 4566 295 4632 triplicitatum
315 4562 360 4613 111.
398 4562 448 4614 Sed
467 4564 498 4613 de
515 4563 553 4613 his
572 4565 648 4613 etiam
667 4565 773 4628 quiesco.
810 4562 888 4612 Vides
905 4578 946 4613 mc
963 4571 1072 4614 mantem
1091 4570 1161 4614 tuarn
1178 4580 1228 4615 non
1245 4566 1413 4630 impugnasse,
1432 4564 1477 4614 aad

118 4637 187 4704 qnod
204 4636 265 4685 mihi
284 4635 403 4696 rideatur,
424 4649 481 4685 eam
499 4637 666 4699 impertinenti
685 4635 738 4684 loco
757 4635 832 4685 tuisse
850 4636 1010 4698 propositam,
1028 4636 1143 4685 nimirum
1160 4637 1249 4685 saltem
1267 4637 1293 4685 in
1309 4637 1475 4701 prognostico,

118 4724 185 4775 qnae
204 4708 296 4758 durant
314 4722 390 4756 unum
409 4721 513 4765 mnam,
534 4722 591 4757 cum
609 4707 660 4757 alia
677 4708 784 4770 scripta,
804 4706 891 4771 quibus
908 4706 953 4756 illa
970 4708 1076 4757 materia
1094 4708 1244 4758 commodius
1262 4709 1365 4758 tractari
1382 4709 1475 4771 potuis·

118 4786 168 4840 m
185 4781 237 4903 ¹liiust
253 4784 381 4915 w
392 4850 612 4903 astronomica
640 4854 683 4901 tuo
705 4847 877 4911 vehementer
892 4847 972 4901 laetor
998 4847 1058 4899 mihi
1080 4847 1115 4901 11
1136 4812 1163 4900 ts
1180 4847 1303 4901 scribendi
1320 4849 1482 4925 oconionam'
