3278 5542
153 319 192 386 10
706 304 709 311 “
740 325 902 379 amoeniam.

148 482 352 548 Stadlerorum
375 493 601 568 praeceptorem
618 488 911 553 commendaveram:
932 485 985 548 sed
1004 505 1069 548 eum
1084 487 1135 549 ille
1149 484 1399 566 imparatissimus
1415 490 1500 544 esset

84 584 88 591 '
149 575 186 634 ad
201 574 268 650 iter,
292 583 325 637 et
346 575 431 657 proin
453 575 546 638 etiem
568 576 854 656 perturbatissimus,
880 585 995 638 mutato
1019 576 1144 638 consilio
1167 573 1277 637 tradidi
1294 574 1413 636 famulo.
1438 571 1526 633 Est.

148 673 247 725 autem
276 663 327 725 ille
357 683 440 727 meus
469 665 587 745 collega
614 666 779 727 eruditione
808 686 901 747 aeque
932 674 1021 746 atque
1050 683 1162 729 morum
1189 663 1378 745 praestantia
1406 678 1498 740 supra

146 759 312 816 ceterorum
334 753 485 816 hominum
509 761 632 815 sortem.
679 755 826 816 Memoria
848 755 1028 834 prodigiosa,
1053 773 1144 815 aurea
1167 753 1269 826 dictio,
1294 750 1380 813 varia
1394 750 1496 812 scien-

146 841 198 915 tia,
218 841 362 920 judicium
379 843 491 915 foelix:
516 843 568 904 sed
586 843 701 905 animus
715 845 868 923 perpetuis
884 844 961 905 curis
977 862 1076 922 aeger,
1099 842 1207 916 tristis,
1223 842 1360 921 simplex,
1375 838 1497 901 nimium

145 937 276 1010 apertus.
324 929 441 1002 Quibus
466 932 502 993 de
525 932 625 993 causis
650 951 705 1012 ego
728 952 858 1009 moveor,
884 940 917 994 ut
935 932 994 995 ¹tibi
1016 931 1159 1012 privatim
1178 931 1316 1006 scribam,
1338 928 1416 1008 quod
1432 929 1495 990 ior·

145 1029 228 1080 tasse
247 1019 363 1098 publice
388 1021 523 1082 interest.
573 1021 685 1082 Vester
709 1021 763 1082 -ille
790 1021 933 1083 Hetlerus
962 1021 1010 1083 bic
1038 1021 1066 1082 in
1096 1039 1210 1082 summo
1239 1019 1350 1080 honore
1373 1016 1496 1079 babitus

145 1114 209 1168 cst:
230 1115 319 1187 atque
339 1109 369 1170 id
392 1127 484 1191 opera
501 1109 689 1189 potissimum
705 1108 849 1190 Speidelii
871 1109 1049 1172 secretarii:
1074 1111 1157 1190 cujus
1180 1109 1236 1170 viri
1260 1107 1321 1181 (sui
1345 1105 1415 1168 olim
1438 1123 1495 1185 po·

143 1197 271 1276 pularis)
300 1198 467 1261 authoritas
498 1198 541 1260 illi
573 1198 687 1260 aditum
713 1199 859 1278 patefecit
887 1200 925 1261 ad
949 1197 1129 1280 praecipuae
1153 1196 1321 1259 nobilitatis
1349 1194 1494 1258 homines.

145 1285 348 1347 Veruntamen
371 1295 531 1367 postquam
553 1286 603 1349 ille
623 1287 698 1349 abiit
722 1289 808 1360 hinc,
832 1288 1004 1368 paedagogi
1023 1287 1144 1368 pristini
1167 1285 1275 1348 remoti
1299 1284 1494 1347 commisera-

144 1373 223 1436 tione
253 1375 364 1437 l'actum
393 1383 453 1452 est,
489 1385 521 1437 ut
547 1377 622 1438 haec
651 1378 715 1455 ejus
743 1378 913 1456 negociatio
944 1379 980 1438 de
1009 1375 1164 1456 discipulis
1188 1374 1392 1437 adsciscendis
1415 1372 1494 1435 male

143 1463 245 1524 audire
269 1462 423 1544 inceperit.
470 1465 548 1527 Nam
563 1466 592 1527 in
607 1464 741 1538 Austria,
766 1464 870 1547 Styria
886 1474 916 1527 et
932 1463 1090 1528 Cariutbia
1113 1463 1245 1544 suscepit
1267 1464 1393 1544 aliquos.
1427 1463 1494 1523 Ita-

143 1570 198 1631 que
222 1552 266 1613 ita
289 1552 480 1633 interpret-ari
505 1563 667 1634 coeperunt
690 1555 923 1617 calumniatores
948 1555 1084 1634 quidam:
1109 1554 1195 1634 quasi
1218 1553 1297 1633 ipse,
1322 1562 1355 1614 ut
1373 1551 1494 1632 proles·

142 1640 324 1717 soris'filius,
351 1642 389 1704 ad
413 1643 651 1723 amplificandam
670 1664 755 1705 suern
776 1643 959 1706 academiam
974 1642 1175 1718 descenderit,
1200 1643 1353 1704 auditores
1368 1639 1493 1720 conqui-

142 1729 246 1805 situm,
281 1749 404 1810 quorum
427 1732 529 1812 iuopia
551 1733 640 1794 isthic
663 1734 848 1814 preuramini.
893 1733 960 1794 Huc
992 1732 1122 1794 accessit
1150 1731 1246 1806 aliud,
1276 1730 1353 1811 quod
1377 1738 1493 1810 partem

141 1817 299 1893 nobilium,
330 1827 491 1900 perspecta
522 1820 708 1883 absurditate
732 1841 845 1883 morum
868 1822 898 1883 in
922 1822 1045 1884 obtruso
1068 1828 1263 1902 praeceptore
1288 1821 1373 1892 (nam
1395 1818 1493 1880 Ride-

142 1907 211 1970 linm
234 1908 376 1971 Hetlerus
400 1910 632 1991 ipsesuseepit,
654 1929 730 1973 novo
746 1911 792 1972 hic
809 1910 969 1990 exemplo),
994 1910 1147 1992 poenitere
1171 1908 1244 1971 facti
1267 1907 1390 1988 incepit.
1428 1907 1494 1969 Nec

140 1995 254 2074 dubito,
276 1996 334 2059 uisi
359 1998 471 2080 aliquid
494 1999 670 2063 authoritati
690 1999 835 2080 Speidelii
859 1998 1003 2073 dedisset,
1028 2006 1237 2061 revocaturum
1259 1997 1352 2059 fuisse
1376 2015 1494 2059 omnem

140 2092 337 2149 conuectum.
382 2087 470 2153 Nunc
493 2096 644 2168 parentes,
670 2089 718 2170 qui
743 2098 834 2151 antea
857 2089 903 2150 usi
918 2096 1005 2150 erant
1028 2087 1146 2150 homine
1171 2086 1411 2166 elegantissimo,
1436 2103 1493 2147 no-

139 2174 215 2237 ruine
248 2180 281 2239 et
307 2193 339 2238 re
372 2174 486 2241 urbano
518 2177 699 2257 (cujusmodi
727 2178 847 2240 minime
872 2187 919 2239 est
942 2177 1097 2247 Ridelius)
1128 2176 1157 2237 iu
1187 2176 1318 2236 maxima
1346 2174 1394 2236 hic
1424 2180 1494 2236 sunt

140 2262 358 2333 sollicitudine.
382 2264 452 2347 quid
477 2266 512 2327 de
537 2267 593 2328 hac
616 2266 730 2328 lubrica
753 2266 942 2328 institutione
965 2268 1094 2328 futurum
1113 2265 1162 2327 sit.
1210 2262 1299 2336 Quod
1323 2262 1349 2324 si
1373 2262 1491 2345 gravior

139 2351 241 2433 aliqua
264 2352 389 2435 querela
409 2362 463 2417 aut
485 2353 522 2415 de
544 2362 740 2435 praeceptore
771 2355 835 2435 (qui
859 2354 977 2417 minime
1006 2354 1078 2416 mihi
1107 2361 1195 2435 aptus
1218 2353 1337 2415 videtur
1367 2352 1406 2413 ad
1437 2351 1489 2414 hoc

139 2439 282 2517 officium)
306 2448 360 2507 aut
382 2440 420 2505 de
444 2442 571 2525 hospitis
590 2443 707 2505 Hetleri
730 2443 896 2505 tenacitate
917 2443 1011 2523 (quod
1033 2447 1148 2515 metuo)
1172 2443 1303 2505 existat:
1330 2449 1430 2504 actum
1446 2447 1494 2501 eet

138 2528 184 2591 hie
209 2528 247 2590 de
270 2528 351 2594 faura
374 2531 556 2593 academiae.
604 2528 735 2603 Quidam
759 2533 836 2594 enim
858 2550 1013 2612 procerum
1032 2532 1099 2595 odio
1120 2529 1287 2594 Suevorum
1307 2531 1493 2613 quorundam

138 2619 174 2679 de
195 2617 266 2698 ipsa
289 2619 382 2683 etiarn
406 2620 562 2682 academia
585 2639 644 2682 nou
666 2621 742 2683 bene
766 2621 909 2684 sentiunt.
961 2618 1049 2693 Quod
1078 2621 1104 2683 si
1133 2630 1166 2683 tu
1197 2640 1370 2702 quacunque
1400 2618 1431 2680 iu
1461 2639 1494 2681 re

137 2707 184 2769 vel
207 2717 433 2788 praeceptorem
459 2708 655 2784 admonendo,
680 2711 728 2772 vel
751 2709 840 2773 aliter
861 2719 1017 2790 praestare
1041 2711 1111 2791 quid
1131 2717 1234 2790 potes:
1260 2709 1290 2771 id
1305 2727 1390 2770 omne
1405 2708 1496 2769 cedet

140 2795 169 2856 in
193 2795 336 2859 honorem
358 2798 539 2861 academiae.
587 2798 689 2860 Velim
708 2820 744 2860 ex
759 2799 897 2879 Zieglero
916 2799 1018 2880 capiat
1041 2800 1139 2861 ideam
1158 2797 1363 2878 praeceptoris
1386 2796 1494 2877 hujus-

142 2885 230 2948 modi.
278 2885 375 2947 Venio
408 2886 499 2968 igitur
526 2887 564 2948 ad
587 2897 779 2967 praesentem
802 2889 987 2950 studiosum:
1012 2888 1060 2969 qui
1084 2889 1131 2950 bic
1151 2889 1275 2950 honeste
1300 2887 1385 2961 vixit,
1411 2885 1493 2947 etin

142 2972 293 3053 exercitiis
317 2975 524 3050 scholasticis,
547 2978 726 3056 praesertim
749 2976 1015 3040 declamationibus
1038 2977 1165 3058 poeticis
1189 2977 1304 3058 aliquot
1327 2974 1496 3054 specimina

142 3061 245 3125 edidit.
293 3061 368 3126 Cum
391 3062 483 3145 igitur
505 3066 544 3127 ad
567 3085 621 3127 vos
646 3067 782 3141 accedat,
807 3075 948 3147 capturus
972 3066 1137 3128 uberiorem
1157 3065 1285 3147 aliquem
1300 3063 1410 3145 ingenii
1425 3064 1492 3126 cul-

140 3159 219 3226 tum;
250 3151 388 3215 existimo
417 3173 474 3216 non
501 3153 654 3235 iudignum
682 3175 769 3224 esse,
803 3156 852 3235 qui
880 3162 931 3216 tuo
961 3156 1063 3217 lavore
1087 3155 1115 3216 in
1139 3153 1376 3235 promotionibus
1401 3160 1493 3233 atque

140 3239 306 3320 ubicunque
321 3241 393 3304 alibi
407 3244 590 3306 sublevetur.
638 3242 698 3306 Sed
722 3244 761 3305 ad
785 3263 857 3305 rem.
905 3241 1052 3307 Secundis
1066 3244 1163 3306 literis
1178 3242 1309 3323 promisi,
1335 3261 1381 3303 me
1395 3241 1494 3322 prima

141 3329 299 3392 occasione
331 3331 489 3394 missurum
513 3331 695 3412 integrum
719 3332 936 3413 opusculum.
982 3332 1076 3412 Atqui
1104 3334 1230 3394 necdum
1258 3330 1332 3393 illud
1357 3330 1493 3404 absolvi;

140 3417 256 3480 videbis
281 3419 358 3482 enim
382 3421 431 3482 ubi
454 3421 610 3483 haeream:
639 3430 671 3483 et
701 3421 872 3500 insperatus
898 3421 992 3501 ipsius
1014 3421 1129 3484 Wurzii
1160 3421 1259 3483 abitus
1287 3429 1421 3499 tempore
1445 3437 1491 3481 me

140 3507 286 3584 excludit,
320 3510 492 3590 quominus,
523 3529 600 3591 quae
630 3511 749 3590 scripsi,
781 3511 933 3589 descripta
956 3512 995 3572 ad
1018 3519 1048 3572 te
1073 3511 1193 3572 mittere
1212 3510 1334 3589 possim.
1383 3506 1488 3572 Sumes

139 3595 229 3677 igitur
252 3617 363 3671 eorum,
387 3618 464 3681 quae
487 3597 694 3679 clyeoperpqaa
716 3607 796 3669 sunt,
819 3598 941 3660 brevem
964 3618 1119 3661 summam.
1166 3599 1256 3661 Initio
1281 3600 1397 3681 aliquot
1419 3597 1489 3659 the·

139 3685 221 3748 sibus
245 3687 281 3749 de
305 3685 408 3750 Sacris
432 3688 527 3750 literis
551 3706 626 3767 ago:
651 3696 683 3750 et
706 3688 888 3761 demonstro,
913 3689 1058 3768 quomodo
1084 3688 1172 3751 simul
1191 3699 1223 3749 et
1236 3688 1296 3750 illis
1311 3709 1366 3749 sua
1380 3687 1491 3748 autho·

140 3774 214 3836 ritas
238 3784 365 3851 constet,
390 3786 546 3840 ettamen
571 3775 763 3859 Oopernicus,
788 3777 815 3838 si
839 3777 928 3839 aliter
952 3787 1155 3840 consentanea
1177 3778 1268 3852 dicat,
1294 3797 1332 3839 ex
1355 3777 1417 3839 illis
1441 3793 1492 3837 re·

138 3863 229 3924 tutari
251 3884 309 3938 nou
333 3866 440 3944 possit.
487 3867 604 3929 Deinde
628 3876 691 3930 tres
715 3867 807 3928 affero
831 3867 975 3941 rationes,
999 3867 1105 3947 quibus
1125 3877 1223 3929 motus
1239 3885 1357 3945 semper
1372 3863 1492 3944 Coper·

138 3950 204 4013 nico
228 3954 424 4017 adhaeserim.
470 3956 572 4017 Prima
600 3965 648 4018 est
675 3955 897 4018 astronomica:
929 3956 976 4017 ubi
1001 3955 1062 4016 illis
1085 3956 1269 4038 respondeo,
1304 3955 1352 4035 qui
1377 3954 1491 4026 dicunt,

139 4059 176 4101 ex
200 4041 276 4104 falso
299 4043 448 4106 interdum
470 4043 555 4124 sequi
578 4062 695 4106 verum:
720 4043 812 4123 igitur
834 4043 897 4106 fieri
921 4053 1021 4122 posse,
1046 4049 1079 4103 ut
1103 4039 1287 4123 Cupernicns
1311 4044 1419 4105 falsum
1433 4061 1493 4123 po-

137 4137 205 4206 nat,
234 4132 292 4194 etsi
317 4152 354 4194 ex
369 4132 428 4195 ⁴illo
451 4151 554 4194 verum
576 4133 774 4211 pulcherrime
798 4134 995 4195 demonstret.
1042 4131 1107 4211 Ego
1132 4131 1255 4213 negavi,
1280 4133 1336 4195 hoe
1360 4131 1405 4194 ita
1427 4128 1493 4194 fieri

138 4237 237 4299 posse.
283 4219 392 4283 Altera
414 4230 462 4282 est
484 4220 617 4302 physica,
643 4221 692 4282 ubi
715 4222 867 4300 promitto,
892 4240 938 4282 me
962 4227 1058 4281 totam
1077 4222 1185 4283 molem
1200 4221 1410 4302 hypothesium
1426 4219 1490 4284 Go-

137 4309 362 4387 pemicanarum
386 4328 424 4371 ex
446 4317 572 4371 naturae
595 4310 727 4372 fontibus
751 4311 839 4390 longe
863 4310 974 4372 rectius
999 4319 1088 4390 atque
1117 4312 1314 4383 contrarium,
1345 4311 1492 4371 defensu-

138 4416 211 4460 rum.
257 4398 361 4460 Tertia
383 4405 431 4460 est
453 4407 523 4461 tuus
546 4398 596 4460 ille
621 4407 740 4461 cometa
755 4399 912 4461 Venerens
926 4394 961 4472 ³).
1007 4399 1064 4460 His
1087 4399 1261 4481 praemissis
1285 4399 1323 4460 ad
1337 4399 1405 4481 ipsa
1419 4418 1489 4461 eor-

137 4504 210 4566 pora
233 4487 353 4550 accedo.
401 4486 574 4569 Syllogismi
598 4489 748 4570 generalis
772 4488 851 4549 idem
882 4486 999 4567 quidem
1027 4489 1188 4562 intentum,
1224 4489 1277 4550 sed
1307 4489 1397 4569 paulo
1427 4488 1489 4550 alia

142 4576 242 4651 verba,
268 4596 356 4658 quam
374 4576 438 4657 jam
462 4578 555 4657 leges.
601 4579 757 4652 Videmus,
782 4578 879 4640 Deum
902 4596 1021 4640 creasse
1045 4596 1170 4657 corpora
1193 4579 1342 4639 mundana
1365 4578 1403 4638 ad
1418 4598 1487 4641 cer-

137 4673 200 4726 tum
223 4684 384 4728 numerum.
430 4667 578 4730 Numerus
607 4675 706 4728 autern
737 4675 785 4727 est
812 4666 992 4746 quantitatis
1016 4667 1172 4738 accidens,
1205 4687 1342 4728 numerus
1366 4667 1487 4747 inquam

138 4754 167 4817 in
191 4755 310 4817 mundo.
356 4755 435 4817 Nam
458 4764 529 4817 ante
554 4755 692 4818 mundum
717 4756 814 4816 nullus
837 4762 904 4815 erat
918 4774 1055 4817 numerus
1071 4765 1192 4834 praeter
1207 4756 1383 4830 trinitatem,
1410 4776 1487 4837 quae

138 4849 186 4905 est
207 4843 272 4928 ipse
295 4844 388 4913 Deus.
435 4841 537 4916 Quare
569 4844 596 4906 ai
628 4844 668 4908 ad
695 4861 883 4908 numerorum
910 4863 1078 4911 mensuram
1106 4854 1155 4907 est
1182 4844 1320 4911 conditus
1350 4845 1487 4922 mundus,
