3278 5542
566 330 570 335 ¹
658 366 769 431 uymru
787 364 987 433 commouet

584 540 591 559 '
675 578 795 679 caput
820 577 961 653 xvnr.

173 742 230 804 De
248 739 412 803 discordia
430 743 725 818 προσθαφαιρισιωι
742 758 783 801 ea·
801 740 985 822 corporibus
1002 759 1024 800 o
1043 736 1275 821 anmaaioom‘e
1290 738 1328 802 in
1344 756 1460 822 ymera,

553 836 583 891 el
605 828 645 889 de
667 830 879 891 astronomiae
900 827 1081 892 subtilitate.

226 969 327 1050 Supra
349 990 415 1051 cap.
444 966 493 1033 14.
519 977 550 1030 et
577 968 625 1032 15.
658 989 725 1032 cum
748 970 876 1049 alicujus
900 987 991 1049 prope
1017 966 1162 1031 falsitatis
1186 967 1285 1031 teneri
1307 967 1428 1031 viderer
1448 967 1487 1029 iu-

136 1061 213 1124 dicio
242 1059 473 1131 distantiarum,
509 1078 583 1138 quas
608 1057 793 1138 Cepernicus
821 1059 957 1120 diversas
990 1059 1029 1120 ab
1062 1056 1110 1119 his
1138 1056 1315 1136 figuralibus
1345 1055 1487 1137 prodidit:

136 1148 299 1230 provocavi
323 1148 362 1208 ad
385 1151 665 1227 spondaqnmeoam
694 1145 849 1226 dneyaiac:
884 1165 978 1227 neque
1010 1146 1288 1209 condemnationem
1319 1146 1488 1226 deprecata

138 1258 218 1308 suun,
247 1238 272 1298 si
296 1256 382 1298 meae
407 1257 425 1297 a
449 1234 666 1315 Cepernicauis
689 1236 877 1315 aliquantum
899 1237 1088 1298 recederent.
1133 1233 1229 1315 Atqui
1256 1242 1423 1315 postquam
1443 1230 1487 1297 sul

137 1329 225 1389 linem
251 1322 303 1388 15.
328 1325 437 1405 capitis
461 1345 547 1387 arcus
576 1325 691 1386 similes
720 1328 1020 1404 προσθαφαιρισισιι
1047 1344 1085 1385 ex
1114 1322 1360 1403 elongationibus
1387 1343 1409 1384 a
1430 1320 1488 1385 Sole

139 1415 231 1477 veluti
247 1422 353 1493 testes
378 1433 478 1475 coram
504 1415 560 1474 lunc
583 1414 698 1493 judicio
727 1414 813 1475 stiti:
847 1414 904 1475 visi
938 1421 1009 1475 sunt
1041 1413 1085 1474 illi
1118 1421 1224 1474 contra
1256 1430 1306 1475 me
1339 1411 1487 1491 deponere.

138 1505 248 1567 Nullus
281 1503 359 1564 enim
391 1503 580 1581 planetarum
614 1502 688 1576 fuit,
722 1503 771 1582 qui
804 1501 947 1563 tributum
976 1500 1187 1582 aCopemioo
1216 1519 1322 1563 areum
1345 1501 1486 1565 mtiuerot

139 1592 270 1656 Saturno
295 1590 393 1652 ademi
417 1588 481 1663 dl‘,
504 1590 574 1652 Jovi
591 1587 632 1665 θ’,
657 1590 751 1652 Marti
775 1591 901 1670 apposui
925 1587 988 1665 30⁴,
1015 1588 1129 1653 Veneri
1151 1608 1223 1651 uero
1246 1589 1380 1653 immane
1403 1606 1486 1671 quao-

139 1690 204 1744 tum
227 1680 321 1741 demsi
346 1675 463 1754 2⁰18‘,
489 1689 521 1740 et
533 1677 683 1741 Mercurio
703 1675 767 1743 61‘.
799 1679 1027 1741 Existimabunt
1049 1680 1141 1759 igitur
1164 1677 1213 1758 qni
1237 1678 1379 1741 exactius
1401 1676 1485 1741 omnia

139 1769 312 1831 examinare
341 1769 456 1840 volunt,
489 1768 558 1848 quia
585 1788 643 1829 non
672 1768 712 1829 ad
739 1787 867 1847 unguem
895 1768 1066 1836 consentiat
1092 1768 1226 1830 calculus
1249 1785 1409 1848 corporum
1428 1782 1481 1829 ouo

139 1858 260 1941 placitis
285 1856 444 1936 Cepernici
467 1876 593 1937 cumque
618 1858 682 1936 ejus
713 1856 858 1929 numeris,
888 1876 1006 1919 omnem
1034 1876 1157 1937 operam
1184 1876 1204 1919 a
1226 1875 1274 1919 me
1298 1856 1399 1920 lutam
1420 1872 1481 1919 este

139 1945 228 2018 Quod
252 1947 309 2008 nisi
333 1956 440 2008 eontra
463 1954 763 2026 exceper0,meapte
788 1946 940 2008 sententia
953 1965 1078 2009 causam
1095 1944 1265 2027 perdidero.
1298 1944 1344 2007 Et
1365 1942 1481 2027 pbyait'o

139 2037 258 2117 quidem
272 2035 336 2097 sive
351 2035 587 2115 cosmographis,
614 2036 732 2115 qualem
756 2035 811 2096 hoc
835 2035 936 2097 libello
959 2053 1119 2117 personam
1139 2052 1195 2114 ego
1214 2034 1363 2109 sustimo,
1387 2032 1480 2095 nullm

139 2126 176 2187 de
200 2125 257 2186 hac
281 2125 452 2187 differentia
475 2125 623 2185 rationem
647 2124 753 2186 debeo,
798 2124 877 2186 Nam
901 2125 959 2187 etsi
982 2125 1026 2186 illi
1055 2141 1176 2185 suorum
1204 2123 1386 2203 placitorum
1406 2139 1479 2203 argr-

140 2222 243 2275 menta
266 2222 441 2276 mutuantur
464 2213 503 2274 ab
527 2213 724 2284 astronomis,
757 2232 793 2274 ea
817 2221 917 2275 tamen
941 2232 998 2274 non
1023 2214 1069 2276 ita
1096 2211 1247 2274 subtiliter
1272 2220 1308 2275 ut
1334 2206 1478 2274 umouooi

141 2304 180 2364 ad
204 2302 337 2363 calculos
359 2309 523 2364 revocant:
554 2320 609 2362 nec
638 2300 713 2362 adeo
744 2310 814 2363 sunt
836 2302 1028 2381 perspicaces
1052 2310 1106 2363 aut
1127 2301 1253 2375 morosi,
1284 2309 1321 2362 ut
1342 2300 1400 2363 hae
1420 2298 1477 2362 leri·

139 2393 208 2453 cula
231 2389 404 2452 differentia
426 2399 614 2452 moveantur.
662 2387 763 2460 Quare
788 2410 911 2453 causam
934 2409 1031 2452 meam
1063 2409 1163 2453 coram
1190 2388 1418 2471 cosmographis
1438 2386 1477 2449 ol-

138 2480 224 2542 tinni.

228 2567 478 2630 Astronomorum
503 2585 573 2628 vero
593 2567 699 2646 vulgus
719 2566 777 2627 etsi
797 2567 865 2644 jure
885 2576 997 2641 metuo,
1023 2574 1123 2628 tamen
1143 2585 1209 2629 eum
1227 2565 1345 2646 judicio
1368 2564 1477 2629 auitae

140 2676 282 2739 praeesse
305 2673 362 2737 par
384 2656 440 2729 sit,
470 2675 527 2716 uon
551 2656 692 2735 despero,
722 2674 817 2735 neque
840 2668 946 2718 contra
970 2656 1056 2730 illud,
1089 2655 1255 2719 victoriam.
1303 2658 1352 2718 Ac-
1373 2654 1476 2735 primun

139 2748 222 2827 ipsos
246 2747 322 2808 bene
347 2744 384 2806 de
408 2745 523 2805 calculo
549 2762 671 2823 sperare
695 2745 799 2825 jubeo.
846 2746 925 2807 Nam
954 2744 1012 2806 etsi
1041 2745 1188 2807 interdum
1216 2743 1428 2825 grandiuscula
1445 2748 1478 2802 est

139 2834 319 2910 differentia,
343 2832 534 2896 meminerint
557 2843 669 2908 tamen,
694 2852 832 2895 numeros
851 2843 1010 2914 excerptos
1029 2852 1067 2894 ex
1089 2833 1164 2896 locis
1187 2832 1281 2896 totius
1305 2831 1409 2896 cuculi
1430 2828 1477 2893 eri·

140 2923 324 2987 deotissimis
349 2930 440 3002 atque
463 2941 500 2983 err
521 2942 666 2984 concursu
690 2921 819 2984 omnium
843 2923 1103 3004 inaequalitatum.
1137 2923 1202 2987 Nec
1226 2923 1305 2985 enim
1327 2940 1383 3002 per
1405 2928 1479 2983 calm

45 3071 51 3077 .
140 3013 282 3076 circulum
305 3021 394 3074 tanta
418 3021 466 3072 est
489 3012 641 3072 discordia
665 3013 798 3074 locorum
821 3030 858 3072 ex
882 3012 1055 3091 corporibus
1079 3020 1112 3073 et
1129 3032 1167 3075 ex
1181 3009 1351 3093 Cepernioo
1370 3004 1479 3091 plaudit

140 3102 375 3181 assignatorum,
400 3120 455 3162 nec
479 3100 615 3180 aequalis
640 3101 730 3162 etiam
755 3102 784 3162 in
809 3102 945 3163 omuibus
968 3101 1215 3163 revolutionibus.
1248 3101 1358 3181 Atque
1377 3118 1432 3180 ego
1449 3094 1480 3158 sio

140 3191 291 3266 existimo,
317 3190 375 3251 etsi
399 3188 587 3250 certissimae
611 3199 715 3250 essent
737 3189 932 3265 Prutenioae‚
957 3199 1048 3270 atque
1071 3190 1228 3254 verissime
1250 3209 1306 3270 per
1330 3190 1409 3253 hano
1429 3202 1480 3250 cor·

139 3298 244 3359 porum
268 3278 529 3356 interpositionem
553 3297 670 3339 errores
693 3279 745 3340 isti
774 3280 1053 3361 committerentur,
1088 3299 1145 3341 non
1177 3296 1269 3358 posse
1302 3286 1407 3355 tamen
1428 3277 1480 3358 jue

140 3367 230 3447 abjici
254 3376 317 3429 tam
341 3367 516 3427 concinnum
539 3365 719 3448 ἑπιχιιρημα,
743 3366 913 3447 propterea,
939 3369 1017 3447 quod
1042 3386 1126 3429 error
1149 3368 1199 3430 ille
1216 3367 1247 3430 iu
1261 3367 1480 3431 minimis-ant
1514 3432 1518 3441 ,

140 3457 234 3536 Atqui
259 3475 317 3516 non
342 3462 460 3516 tantum
487 3457 631 3518 incertum
655 3465 719 3532 est,
744 3465 878 3518 utrorum
902 3458 976 3519 vitio
1001 3457 1172 3519 differentia
1194 3457 1271 3520 haec
1293 3458 1425 3533 existat,
1443 3447 1481 3515 sel

141 3553 247 3607 contra
270 3564 380 3624 magna
403 3545 533 3624 suspicio
557 3554 590 3606 et
620 3546 715 3607 multa
744 3553 936 3626 argumenta,
969 3547 1116 3608 calculum
1145 3546 1241 3627 ipsum
1270 3552 1303 3608 et
1325 3544 1481 3609 Pruteuimt

141 3634 261 3696 tabulas
286 3634 314 3695 in
339 3634 429 3714 culpa
451 3635 585 3696 versari:
620 3634 696 3696 adeo
725 3642 759 3695 ut
781 3654 890 3715 magna
914 3634 1088 3713 conjectura
1111 3643 1216 3699 contra
1242 3653 1291 3696 me
1320 3622 1481 3709 minimi

140 3743 206 3786 curn
231 3724 361 3785 numeris
386 3723 545 3803 Cepernici
569 3723 689 3803 penitus
714 3725 944 3785 consensissem.
961 3727 988 3799 ⁸)

228 3812 341 3875 Eorum
364 3822 465 3875 antem
489 3822 732 3891 argumentorum
752 3813 808 3873 hoc
827 3813 952 3891 primum
972 3821 1047 3888 esto,
1074 3814 1152 3893 quod
1170 3812 1352 3876 Prutenicus
1370 3806 1480 3883 ealnln

142 3921 200 3963 non
224 3920 292 3963 raro
315 3902 345 3964 in
369 3902 547 3980 colligendis
570 3901 760 3981 planetamm
784 3902 858 3962 locis
884 3903 1006 3964 fallitur.
1052 3904 1153 3965 Multa
1175 3902 1296 3985 quidem
1320 3892 1480 3966 restaurarit

142 3990 228 4051 nobis
244 3988 429 4068 Cepernicus
448 3993 477 4053 in
503 3992 638 4070 collapsa
656 4001 788 4053 motuum
808 3993 945 4068 scientia,
969 3993 1121 4072 multoque
1137 4000 1252 4064 nostra,
1274 4010 1365 4072 qnam
1383 3998 1481 4073 patrm

144 4079 304 4153 memoria,
334 4079 436 4159 purior
459 4087 507 4141 est
531 4081 725 4142 astronomia.
774 4080 980 4142 Veruntamen
1004 4080 1030 4141 si
1054 4100 1116 4143 rem
1140 4081 1237 4161 ipsam
1260 4082 1384 4161 penitus
1405 4070 1480 4156 um·

143 4166 268 4240 ciamus,
293 4168 383 4228 fateri
398 4168 501 4248 utique
516 4186 665 4247 cogemur,
690 4186 745 4229 nos
769 4169 807 4229 ab
831 4168 883 4231 illa
905 4170 996 4232 beata
1015 4179 1047 4232 et
1065 4169 1190 4250 optabili
1213 4171 1400 4251 perfectione
1419 4156 1484 4230 boo¹

143 4256 237 4317 multo
261 4257 382 4336 propius
411 4257 539 4330 abesse,
574 4275 661 4337 quam
691 4257 730 4317 ab
759 4257 903 4320 hodierna
930 4268 1018 4321 uetus
1043 4259 1131 4321 abest
1153 4259 1352 4323 astronomia.
1396 4258 1487 4329 Luni*

140 4345 191 4406 via
224 4354 290 4418 est,
325 4353 357 4406 et
388 4347 490 4408 variae
522 4344 665 4425 ambages
694 4346 732 4406 ad
761 4346 837 4407 lranc
861 4350 1032 4410 veritatem.
1079 4349 1290 4411 Monstramnt
1311 4349 1396 4411 illam
1415 4335 1489 4411 nubo

143 4441 278 4511 veteres,
301 4434 430 4514 ingressi
454 4442 525 4498 sunt
548 4435 678 4515 majores
703 4435 814 4508 nostri,
838 4456 892 4498 nos
916 4438 985 4499 illos
1009 4439 1226 4499 antevertimus
1254 4445 1288 4499 et
1310 4438 1406 4519 gradu
1425 4444 1490 4515 pro·

143 4523 451 4607 pioriconsistimus,
483 4524 537 4586 sed
565 4533 676 4585 metam
704 4525 833 4586 nondum
863 4527 1026 4606 attigimus.
1073 4528 1141 4589 Non
1167 4544 1222 4607 ego
1246 4526 1323 4590 haec
1346 4527 1376 4589 in
1398 4530 1493 4587 aem·

143 4613 262 4675 nomiae
285 4621 467 4676 contemtum
491 4614 568 4675 dico.
606 4612 666 4675 Est
689 4613 791 4693 aliqua
814 4616 932 4692 prodire
956 4625 1054 4689 tenus,
1079 4616 1105 4677 si
1128 4635 1185 4677 non
1210 4617 1300 4679 datur
1323 4618 1421 4680 ultra:
1440 4594 1493 4669 *td

145 4702 225 4777 iden,
255 4721 291 4764 ne
317 4702 384 4784 quis
408 4711 520 4766 temere
544 4702 666 4783 gravius
690 4703 759 4783 quid
783 4702 811 4763 in
836 4706 912 4767 hanc
937 4705 1116 4768 discordiam
1140 4711 1274 4781 statuat,
1306 4716 1340 4769 et
1362 4705 1428 4769 dum
1445 4702 1491 4757 θ’

143 4792 222 4871 petit
245 4800 277 4853 et
300 4793 374 4854 liaeo
393 4790 413 4856 5
433 4811 573 4874 corpora,
597 4791 627 4853 in
652 4791 720 4872 ipsa
742 4791 937 4857 fundamenta
961 4796 1162 4858 astronomiae
1186 4795 1324 4858 insultet.
1363 4795 1412 4859 Ad
1430 4799 1489 4851 ⁰¹¹¹*

141 4881 223 4945 nium
246 4881 393 4945 artificum
417 4882 646 4947 observationes
672 4898 820 4961 provoco:
850 4903 888 4945 ex
916 4884 1022 4965 quibus
1050 4884 1153 4948 videre
1176 4892 1238 4962 est,
1269 4892 1385 4969 quanta
1408 4880 1486 4955 ΜΡ
