3278 5542
650 305 733 359 noas
750 307 866 357 sunm.
1373 304 1438 373 279

121 478 266 530 oppugnare
285 469 426 529 attentavit,
445 465 535 517 Scotns
553 467 653 531 quidam
672 472 773 518 natione
793 468 847 527 fuit,
866 467 1006 516 medicinae
1025 466 1162 517 Galenicae
1181 465 1278 527 doctor,
1299 467 1437 516 11111111-
1484 457 1491 466 ’

114 549 161 587 eae
186 536 355 602 philosophiae
379 538 570 603 supramodum
589 538 717 595 addictus,
746 554 817 603 quern
843 539 883 588 hic
902 539 1029 587 nominare
1055 537 1111 585 nolo
1137 540 1189 600 ejus
1212 538 1297 588 honori
1324 551 1438 601 parcens.

114 606 143 655 111
159 607 256 672 quidem
280 611 411 674 isgenere
430 609 518 661 nobilis
541 609 641 664 haberi,
666 611 702 660 uti
723 610 798 659 dese
822 611 874 673 ipso
899 608 1035 658 nonnullibi
1053 609 1177 663 insinuat,
1206 609 1249 658 sed
1267 616 1353 659 tamen
1371 608 1437 658 dieto
1477 614 1480 618 '

114 676 219 740 'losopho
239 679 336 730 ethnico
355 681 426 729 nimis
445 680 565 729 serviliter
582 683 677 744 potiore
696 683 733 730 sni
752 688 835 746 parte,
856 681 881 729 h.
901 695 923 729 e.
943 681 1015 744 genio
1035 685 1061 728 et
1078 681 1192 745 ingenio,
1215 681 1241 728 in
1259 680 1306 731 hoc
1323 693 1435 742 praesar-

114 772 118 796 l
144 747 173 796 de
191 752 293 799 cometis
312 754 419 816 negotio,
439 753 618 815 mancipatus
642 751 702 801 Cum
721 747 812 802 ille'ex
830 752 1006 800 intercessione
1025 751 1153 813 cujusdam
1172 752 1210 799 sui
1228 751 1384 801 consentanei
1396 766 1437 802 me

139 819 269 871 invisentis
293 822 380 871 libmm
408 831 517 872 nostrum
545 822 680 873 secundnm
700 825 731 874 do
757 824 866 873 aetherei
889 821 973 870 mnndi
1000 823 1189 885 phoenomenis,
1215 823 1256 886 qui
1282 823 1312 871 de
1332 821 1438 872 Cometa

114 891 141 939 ai
158 886 199 938 77.
220 893 315 942 affatim
334 900 434 950 tractet,
454 895 538 943 statim
558 901 632 957 atque
650 896 671 943 is
690 896 754 959 typis
773 895 898 944 absolutus
918 899 980 949 erat,
1000 895 1145 956 accepisset.
1165 895 1261 956 scriptis
1274 894 1307 943 ad
1324 907 1365 942 me
1376 893 1435 942 lite·

130 964 277 1012 assertiones
295 972 392 1015 nostras
410 966 484 1015 isthic
504 966 704 1028 comprehensas,
734 968 878 1030 praesertim
903 965 967 1028 qnod
987 971 1110 1014 cometam
1137 965 1204 1013 illurn
1228 966 1253 1014 in
1278 964 1436 1015 aetherea

114 1033 183 1082 ‚ndi
212 1037 338 1099 regione
366 1045 392 1086 et
410 1051 566 1100 nequequam
585 1037 731 1087 elementari
750 1036 849 1100 (contra
872 1050 945 1101 qnam
970 1036 1053 1086 docuit
1071 1032 1229 1094 Aristoteles)
1248 1051 1345 1085 cursum
1363 1051 1436 1085 suum

114 1104 210 1153 olvisse
230 1107 390 1167 ostenderim,
418 1108 565 1157 indubium
584 1123 673 1159 vocare
692 1116 718 1157 et
735 1115 855 1173 quantum
880 1109 977 1169 inipso
1005 1114 1059 1156 erat
1086 1107 1238 1157 labefactare
1258 1113 1362 1156 conatus
1388 1113 1433 1155 est.

114 1176 256 1224 §timebam
285 1180 400 1227 11111111
425 1180 503 1236 initio,
531 1180 655 1229 hominem
681 1182 761 1230 amice
788 1188 813 1229 et
838 1179 943 1229 candide
967 1179 1076 1227 veritatis
1103 1179 1210 1241 penitius
1234 1177 1435 1228 manifestandae

114 1247 162 1295 tia
177 1246 202 1295 id
220 1249 299 1310 ipsum
318 1264 400 1314 agere.
439 1249 511 1319 Quod
529 1258 555 1299 et
573 1251 643 1300 multi
663 1251 704 1300 alii
722 1267 771 1300 non
791 1250 905 1300 ineruditi
924 1250 967 1298 viri
985 1264 1080 1298 mecum
1094 1249 1188 1312 opinati
1200 1256 1272 1302 sunt,
1297 1250 1433 1312 interquos

114 1318 296 1381 tmagnificns
321 1320 361 1369 ilie
379 1321 395 1369 J
402 1335 444 1370 ac.
466 1321 608 1373 Curtius,
636 1323 731 1386 imperii
755 1321 963 1386 procancellarius
982 1318 1026 1369 bc.
1066 1323 1099 1369 At
1118 1320 1192 1371 Scoto
1214 1319 1285 1376 huic,
1312 1333 1367 1369 cum
1385 1334 1434 1368 non

114 1402 155 1436 ι111
172 1390 345 1439 Aristoteleam
364 1394 539 1441 anctoritatem
556 1393 660 1442 multum
679 1402 766 1443 contra
783 1408 828 1441 nos
847 1394 987 1448 venditarit,
1008 1393 1052 1441 sed
1065 1393 1140 1441 etiam
1153 1392 1329 1455 geometricum
1348 1392 1433 1440 nescio

114 1458 138 1507 1]
153 1474 193 1521 pro
213 1475 260 1509 sua
278 1462 390 1525 opinione
408 1464 559 1513 stabilienda
576 1465 732 1526 pertexuerit,
752 1465 799 1528 ipsi
817 1465 862 1512 soli
880 1463 990 1512 modeste
1010 1463 1156 1512 obviandum
1176 1463 1278 1517 censui,
1297 1463 1387 1526 partim
1405 1468 1434 1510 nt

114 1543 135 1579 ι
151 1531 314 1593 objectiones,
340 1547 404 1597 quae
429 1537 537 1597 speciem
555 1537 679 1598 quandam
698 1537 748 1585 reri
768 1549 871 1599 praese
896 1536 1009 1584 ferebant
1037 1542 1063 1583 et
1080 1536 1194 1583 incantos
1222 1533 1296 1582 facile
1314 1534 1340 1581 in
1360 1533 1434 1582 devia

114 1602 186 1665 {pere
205 1609 329 1665 poterant,
349 1605 480 1657 diluerem.
509 1607 598 1669 partim
623 1615 652 1657 ut
669 1607 788 1656 nonnulla
806 1609 831 1655 in
851 1607 937 1656 eodem
956 1605 987 1654 ll.
1006 1613 1072 1655 tomo
1099 1611 1218 1654 contenta
1235 1604 1332 1667 plenius
1351 1611 1378 1653 et
1395 1603 1431 1654 di·

114 1671 179 1722 idm
207 1675 355 1737 explicarem
381 1684 455 1740 atque
474 1677 505 1726 de
524 1693 551 1727 re
571 1681 692 1727 cometica
709 1679 862 1742 generaliore
887 1678 994 1742 quodam
1011 1677 1083 1726 modo
1107 1675 1226 1725 nonnulla
1252 1675 1354 1725 ulterius
1374 1689 1430 1723 con·

114 1756 217 1793 narem:
241 1760 352 1808 sperans,
372 1763 411 1796 me
430 1749 476 1811 ipsi
495 1755 521 1797 et
539 1749 593 1797 aliis
612 1751 722 1798 raritatis
747 1750 794 1799 hac
813 1751 838 1796 in
863 1754 934 1811 parte
953 1748 1129 1797 scrutatoribus
1147 1762 1199 1796 rem
1221 1746 1288 1795 hand
1306 1747 1433 1810 ingratam

143 1818 321 1878 praestiturum.
365 1817 448 1878 Quare
474 1823 613 1882 conscripta
640 1828 831 1884 extemporanea
856 1821 964 1884 quadam
986 1818 1108 1883 Apologia
1135 1832 1191 1866 eam
1218 1819 1243 1866 in
1263 1816 1372 1866 Scotiam
1401 1816 1433 1865 ad

114 1888 259 1951 agrestam
277 1896 387 1938 nostrum
405 1892 529 1940 transmisi
557 1892 709 1956 eandemque
729 1907 783 1941 cum
802 1892 946 1956 quibusdam
977 1890 1031 1940 aliis
1050 1891 1075 1937 iu
1095 1889 1230 1938 Germania
1248 1888 1303 1935 riris
1322 1903 1431 1937 commn-

114 1959 164 2015 nri,
192 1965 322 2009 uteorum
341 1975 459 2010 censuras
477 1963 570 2025 pariter
588 1965 746 2026 exquirerem.
785 1961 863 2024 (Hinc
882 1969 937 2010 orta
955 1977 1009 2010 esse
1028 1960 1123 2009 videtur
1141 1959 1205 2008 falsa
1224 1960 1305 2021 opinio
1324 1971 1429 2021 quorun-

114 2042 136 2077 m
151 2028 215 2078 hanc
235 2030 374 2096 apologiam
392 2032 482 2097 publici
502 2035 563 2095 juris
582 2034 676 2083 factam
696 2033 771 2091 esse.)
809 2034 837 2083 ln
856 2033 904 2082 hac
925 2032 1039 2097 apologia
1066 2046 1106 2080 me
1125 2031 1262 2085 modestiae
1280 2029 1371 2078 limites
1390 2043 1430 2078 ns-

114 2112 143 2148 m
159 2110 338 2166 transgressum
357 2111 401 2152 ant
419 2104 477 2167 qnid
495 2106 557 2153 citra
575 2120 627 2154 rem
645 2106 774 2171 protulisse
800 2105 924 2167 mihiipsi
949 2118 1071 2152 nonaum
1099 2103 1219 2151 conscius.
1257 2103 1292 2149 At
1305 2098 1431 2164 'quomodo

114 2167 229 2235 loaophns
247 2173 288 2221 ille
307 2175 477 2225 Aristotelicas
496 2184 606 2224 nostram
624 2176 689 2227 hano
709 2177 842 2227 candidam
861 2177 950 2238 stipsi
968 2176 1006 2223 nti
1023 2174 1154 2236 sperabam
1173 2178 1304 2235 acceptam
1322 2171 1431 2219 futuram

114 2245 234 2293 anconem
253 2247 383 2309 exceperit,
404 2246 452 2297 dici
465 2249 503 2295 vix
515 2254 604 2310 potest.
643 2249 775 2313 Postquam
794 2249 860 2296 enim
879 2247 1000 2311 usquein
1019 2246 1120 2293 tertium
1133 2257 1226 2292 annum
1245 2244 1310 2292 hauc
1324 2242 1430 2290 amicam

114 2312 212 2378 alogiam
230 2330 314 2365 secum
332 2319 473 2366 retinuisset
498 2319 606 2383 nihilque
624 2322 734 2383 responsi
762 2325 832 2368 tanto
852 2324 963 2381 tempore
987 2317 1181 2380 perscripsisset,
1211 2329 1267 2363 111111
1286 2314 1323 2363 111
1341 2313 1431 2361 nostris

114 2385 238 2435 sidonibus
263 2389 415 2452 acquievisse
433 2392 503 2438 etin
521 2389 567 2439 has
585 2392 728 2440 transivisse
747 2396 830 2453 partes
849 2390 1038 2446 existimabam,
1069 2387 1115 2441 vel,
1135 2386 1198 2449 qnod
1219 2385 1430 2434 contradictiones

114 2456 214 2509 tfaclle
232 2458 335 2508 ulterius
354 2467 519 2516 occurrerent,
539 2463 696 2511 continuisse.
733 2462 846 2511 Tandem
864 2477 935 2516 vero,
962 2467 1033 2523 rupto
1051 2458 1091 2506 1111
1111 2458 1163 2506 1111
1184 2457 1293 2517 silentio,
1314 2456 1432 2518 scriptum

114 2527 196 2578 eddam
215 2531 441 2596 antapologotioum
459 2532 532 2595 paulo
551 2532 706 2582 virulentiore
725 2540 751 2581 et
760 2533 912 2581 mordaciore
928 2533 1019 2588 auimo,
1039 2544 1113 2594 quam
1132 2530 1198 2590 prins
1211 2543 1254 2591 per
1266 2527 1350 2577 literas
1370 2540 1427 2591 ege-

114 2632 122 2657 ,
139 2601 165 2649 111
183 2614 227 2648 nos
245 2602 349 2650 vibravit
367 2601 412 2651 dc.
450 2603 559 2652 Titulum
577 2603 638 2654 fecit
654 2605 711 2655 huic
730 2603 887 2653 stomachoso
907 2609 933 2652 et
951 2602 1067 2651 insolenti
1080 2602 1183 2662 scripto:
1203 2598 1429 2663 Capuuraniae

114 2666 242 2721 stinctio
261 2688 314 2721 seu
333 2680 523 2723 cometarum
546 2676 575 2723 in
595 2675 732 2725 aethera
757 2674 999 2723 sublimationis
1022 2671 1182 2722 refutatio
1202 2669 1247 2720 111.
1286 2668 1430 2719 solidiorem

115 2743 248 2806 specialem
266 2746 319 2805 elus
337 2745 523 2808 replicationem
542 2748 666 2795 unicum
686 2747 841 2796 convenienti
859 2745 1009 2794 refutatione
1028 2743 1102 2792 alicui
1122 2756 1152 2790 ex
1170 2743 1259 2790 nostris
1279 2741 1364 2791 amicis
1384 2744 1431 2789 aut
1503 2767 1507 2772 -

114 2827 146 2862 tm
164 2813 288 2875 discipulis
306 2816 394 2865 harum
411 2831 491 2865 rerum
510 2819 593 2880 gnaris
611 2833 655 2866 suo
673 2825 782 2880 tempore
801 2817 970 2879 exequendam
988 2813 1174 2865 commendabo.

140 2884 214 2934 Haec
226 2885 311 2947 Tycho
329 2884 356 2948 (1
374 2888 450 2937 literis
470 2889 494 2937 d.
506 2887 607 2937 Uranib.
627 2890 651 2938 d.
672 2887 783 2938 111111.
806 2885 873 2934 1595
892 2890 918 2936 in
938 2888 1031 2950 ,Epist
1043 2882 1160 2934 Astron.“
1181 2886 1222 2933 lib.
1236 2883 1256 2932 1.
1271 2898 1294 2945 p.
1309 2878 1361 2931 281
1374 2896 1426 2946 sqq.

124 2957 238 3005 Francos.
258 2971 282 3006 a.
304 2956 392 3018 1610).
432 2959 574 3008 Gasseudus
592 2962 618 3009 in
638 2961 689 3010 vita
701 2960 824 3022 Tychonis
838 2959 919 3012 refert,
940 2957 1040 3008 Scotum
1054 2957 1121 3005 hunc
1134 2952 1260 3005 Medicum
1278 2954 1362 3008 fuisse,
1381 2968 1426 3001 no·

114 3042 136 3079 re
155 3026 334 3091 Graiginm,
354 3038 380 3079 et
399 3030 696 3094 Longomontanum,
720 3030 843 3094 Tychonis
863 3030 1009 3093 discipulum
1029 3027 1201 3090 conscripsisse
1221 3024 1367 3089 Apologiam
1386 3039 1429 3086 pro

114 3099 200 3157 chone,
229 3114 293 3161 quae
311 3103 332 3150 si
351 3103 433 3166 utique
453 3104 592 3166 conscripta
610 3110 745 3152 certeaenon
759 3102 849 3165 publici
859 3102 920 3164 juris
933 3101 1002 3150 facta
1012 3106 1058 3149 est.
1073 3098 1171 3161 (Gomp.
1186 3096 1281 3146 Molleri
1297 3094 1430 3157 ,Cymbria

114 3170 199 3301 ἓξὲξ
226 3169 258 3218 11.
282 3188 306 3234 p.
332 3170 387 3221 ll0.
415 3180 441 3222 et
465 3170 595 3223 Scheibelii
617 3174 775 3239 ,Einleitung
794 3188 837 3221 zur
854 3171 1077 3223 mathematischen
1098 3166 1359 3223 Biicherhenntniss,“
1381 3165 1428 3222 111,

137 3312 169 3362 In
189 3314 276 3362 eodem
295 3320 378 3363 antem
396 3315 518 3364 volumine
538 3314 760 3378 Manusoriptorum
774 3315 1025 3378 Petropolitanorum,
1046 3329 1059 3363 e
1078 3328 1125 3377 quo
1145 3312 1306 3361 desumsimus
1327 3309 1429 3373 Kepleri

114 3391 236 3451 {mentum
254 3399 405 3434 concernens
424 3386 479 3435 Ursi
498 3387 684 3447 refutationem,
713 3388 917 3448 deprehendimus
946 3385 1013 3434 aliud
1037 3387 1203 3449 fragmentum
1222 3382 1324 3444 Kepleri
1354 3395 1431 3431 mann

114 3463 186 3521 ptum
207 3453 535 3517 (1.111111111111111111101),
555 3459 710 3521 inscriptum:
738 3457 1045 3513 111111111111111111,
1066 3456 1115 3506 cui
1135 3455 1251 3503 titulus
1271 3453 1428 3517 Capuura-

114 3542 145 3578 te
163 3529 349 3577 restinctio.
876 3530 883 3545 s

137 3598 218 3649 Stetit
242 3613 300 3663 ergo
318 3599 441 3662 Keplerns
469 3599 518 3649 lide
542 3613 616 3663 quam
635 3600 744 3662 Tyohoni
770 3600 885 3657 dederat,
915 3600 1025 3662 quamvis
1051 3598 1225 3647 refutationem
1246 3595 1313 3645 hano
1338 3595 1431 3658 pariter

114 3686 144 3722 ae
163 3671 232 3720 illam
252 3670 308 3720 Ursi
326 3686 375 3720 non
395 3670 533 3721 absolutam
551 3671 684 3736 reliquerit.

139 3794 212 3845 Haec
226 3801 315 3853 autem
335 3803 394 3844 sunt
413 3808 477 3860 qnae
496 3797 561 3845 dicto
579 3795 634 3846 foco
654 3802 766 3845 emtant:

148 3922 178 3976 Si
200 3922 378 3991 Capuurania
399 3934 457 3983 tua,
480 3924 521 3976 111
541 3924 705 3986 doctissime,
728 3925 760 3975 de
783 3923 837 3976 tuis
859 3925 903 3976 rel
918 3922 1055 3992 Tyehonis
1077 3918 1192 3988 privatis
1215 3918 1298 3970 rebus
1320 3921 1429 3986 ageret,

114 4038 116 4053 .
142 4011 172 4056 te
195 4009 331 4071 peterem,
352 4002 393 4056 uti
414 4003 478 4056 1111111
501 4003 672 4073 ignosceres,
699 4005 769 4072 quod
791 4001 903 4073 ignotus
926 4010 955 4055 et
977 4004 1129 4056 Germanus
1152 4007 1180 4053 te
1201 3997 1312 4051 Scotum
1333 3997 1429 4049 adver·
1512 4020 1519 4033 =

114 4085 173 4139 ium
200 4083 264 4135 1111111
290 4083 455 4153 delegerim,
483 4090 612 4154 tuumque
639 4084 762 4137 libellum
792 4083 965 4138 refutandum
993 4081 1142 4136 sumserim.
1185 4077 1331 4132 Petitiouis
1352 4091 1430 4130 meae

114 4180 170 4219 raas
193 4164 324 4216 haberem
345 4171 390 4217 sat
410 4164 559 4233 speciosas.
602 4165 647 4217 Ex
668 4182 721 4234 quc
743 4181 860 4233 namque
882 4181 958 4234 spem
988 4162 1099 4231 concepi
1123 4161 1182 4213 fore
1202 4166 1235 4212 ut
1252 4155 1430 4219 astronomia,

114 4262 151 4300 tm
172 4244 352 4297 vehementer
372 4260 446 4305 amo,
469 4245 607 4314 Tychonis
629 4262 715 4314 opera
737 4244 907 4313 perficiatur:
940 4263 994 4298 non
1015 4260 1126 4312 possum
1148 4258 1201 4294 non
1222 4239 1316 4292 itidem
1337 4253 1431 4291 amare

114 4342 158 4380 orn
180 4332 237 4377 tarn
258 4324 396 4378 eximium.
440 4325 515 4378 Unde
538 4326 670 4395 sequitur,
693 4333 724 4379 ut
746 4324 872 4395 quidquid
896 4327 981 4394 ipsius
998 4325 1089 4377 famae
1111 4320 1311 4390 commodisque
1333 4320 1430 4372 adver·

114 4422 163 4470 ur,
186 4404 212 4457 ei
233 4422 283 4466 me,
307 4412 437 4473 quantum
459 4405 516 4459 fieri
538 4412 632 4474 potest
653 4414 682 4459 et
704 4407 835 4459 honestas
857 4405 972 4475 patitur,
995 4420 1139 4474 opponam.

114 4516 120 4525 ·
149 4487 304 4539 Accederet
325 4492 354 4537 et
375 4486 450 4547 illud,
473 4488 552 4554 quod,
575 4504 635 4539 curn
656 4487 681 4538 in
697 4489 792 4539 eadem
808 4503 867 4539 cum
881 4487 1044 4557 Tychone
1060 4485 1142 4552 culpa
1158 4498 1246 4552 ponas
1260 4487 1290 4533 11
1304 4480 1430 4533 Messe

114 4583 178 4620 ,11111
199 4573 406 4635 praeceptorem
429 4583 531 4628 meum,
564 4584 617 4618 non
639 4567 721 4619 venia
741 4567 841 4627 solum,
872 4569 919 4619 sed
941 4574 971 4620 et
991 4567 1074 4619 laude
1094 4564 1207 4634 dignum
1224 4561 1288 4629 jure
1310 4576 1430 4629 pronun·

114 4663 176 4708 res,
200 4646 222 4698 si
245 4647 343 4700 1111111111
364 4645 434 4713 ejus,
457 4646 509 4699 etsi
531 4656 682 4715 praeterea
702 4647 770 4699 nihil
792 4664 917 4717 agerem,
940 4653 1038 4699 cont-ra
1058 4653 1122 4699 tuas
1144 4639 1346 4696 criminationes
1368 4639 1430 4692 lite·

114 4727 160 4782 ias
182 4742 344 4781 assererem.
386 4727 447 4781 Non
468 4728 552 4780 debet
572 4726 643 4780 enim
669 4727 769 4780 mortui
790 4734 819 4780 et
840 4728 944 4781 ethnici
965 4725 1153 4797 praeceptoris
1180 4721 1333 4776 auctoritas
1355 4722 1428 4789 apud

118 4814 301 4863 mmsauota
321 4824 391 4869 esse,
414 4809 486 4876 apud
508 4824 549 4860 mc
570 4807 625 4859 vivi
647 4815 676 4860 et
698 4807 847 4880 Christiani
869 4809 931 4862 vilis
953 4807 1060 4861 haberi.
