3262 5550
767 504 985 583 &minam
996 529 1098 600 Amr.
1134 528 1230 583 moen
1243 533 1413 603 morton.

378 701 401 726 θ
450 630 673 722 quadrangulum
765 626 1094 709 '‘FT-‘ii'
1131 654 1301 711 mediocrem.

140 724 302 782 Octoedroo
366 730 420 819 ἐξ.
450 731 749 817 triangulum-m*
762 730 828 817 *8
858 721 886 817 .'.
909 732 943 817 12
1131 735 1200 788 cubo
1215 728 1426 824 nequitiem--

267 833 272 842 '
374 824 402 921 ὲ
450 829 689 919 quinquangulum
793 830 826 884 12
906 831 943 885 30
986 872 990 907 ἶ
1022 830 1060 884 20
1131 834 1286 889 maximnm.

451 909 622 979 tnnngulnm

451 1005 623 1080 triangulum

170 1134 369 1200 (dunctetlonss
387 1152 402 1188 c
420 1143 446 1188 et
463 1138 480 1187 d
499 1137 739 1203 eddiditKepler-us,
759 1139 901 1189 unctoribus
913 1139 977 1189 forte
988 1136 1122 1190 liuertlino
1142 1140 1289 1206 reliquisque
1308 1143 1394 1192 umicb
1412 1143 1462 1192 'lu-

115 1208 262 1274 hgmribus
282 1203 373 1274 [comp.
390 1224 415 1272 p.
429 1203 476 1274 ²³]
495 1209 520 1259 in
539 1209 649 1260 editione
667 1211 727 1260 unni
746 1207 833 1268 ibid,
860 1211 1032 1276 subjunxitque
1055 1213 1081 1260 in
1107 1211 1146 1263 sd.
1170 1215 1319 1276 posteriore:
1349 1212 1405 1265 Hoc
1428 1223 1467 1265 est

115 1280 232 1331 tmolum
248 1280 305 1330 libri
322 1283 372 1332 mei
390 1279 416 1331 11
434 1280 521 1331 Herm.
542 1281 573 1330 de
591 1283 754 1346 congruentis
772 1281 901 1346 plenorum
918 1282 945 1331 in
962 1277 1061 1343 solido.)

949 735 1098 818 ...A

180 1403 214 1474 e)
228 1408 291 1462 Non
305 1408 369 1462 illos
384 1409 496 1473 solidos,
516 1409 589 1463 mele
603 1409 648 1462 bic
663 1425 723 1462 sum
737 1409 897 1463 intellectus
911 1424 930 1463 e
944 1409 1074 1480 Tychone
1088 1409 1199 1464 Brsbeo
1214 1404 1282 1476 (vid.
1298 1428 1342 1481 ep.
1358 1411 1465 1482 'lycho-

114 1487 143 1542 is
157 1488 187 1542 iu
200 1488 341 1558 prooemio
355 1505 383 1559 p.
399 1485 464 1554 tt),
480 1491 528 1543 sed
543 1489 644 1559 sputis,
659 1505 785 1559 prorsum
799 1490 906 1560 quidem
920 1488 1075 1551 circulens,
1095 1497 1128 1544 ut
1145 1489 1332 1545 revolutiones
1348 1491 1465 1546 siderum

114 1586 130 1622 ι
151 1586 184 1623 ιο
197 1568 275 1639 ipsus
289 1569 379 1624 redire
403 1576 434 1623 et
452 1576 607 1640 perpetuae
621 1585 683 1624 esse
706 1578 833 1639 possent;
857 1585 954 1624 versus
976 1570 1054 1639 polos
1071 1562 1172 1625 'itidem
1195 1570 1350 1634 circularis,
1375 1571 1466 1626 idest

114 1649 262 1720 superficies
285 1649 446 1720 sphaericus
469 1658 585 1720 propter
605 1656 695 1703 motus
710 1649 901 1713 latitudinum
925 1667 980 1704 non
995 1651 1066 1720 quod
1089 1651 1161 1720 polis
1180 1667 1249 1721 opus
1265 1650 1422 1716 habuerint,
1447 1669 1465 1706 s

114 1730 212 1800 [uibus.
237 1736 269 1784 ut
290 1731 412 1799 spbscre
432 1729 596 1793 materialis,
621 1729 812 1801 ufflgerentur.

182 1806 210 1877 i)
232 1810 357 1883 Corpore
379 1809 507 1881 intellige
521 1808 692 1882 geometrice
712 1810 858 1882 regulario
872 1810 961 1865 solide
974 1809 1106 1880 quicqum
1130 1811 1202 1865 bueo
1221 1819 1254 1865 ut
1271 1811 1462 1883 archetypum,

113 1891 183 1945 obes
208 1907 274 1944 vero
299 1896 331 1944 ut
353 1907 422 1960 opus
445 1891 652 1944 exstruendum.

181 1967 214 2041 g)
239 1970 309 2023 Vide
333 1971 381 2024 lib.
397 1971 418 2024 I.
442 1970 575 2024 Hermon.
598 1970 624 2022 in
646 1984 767 2041 prpoem.
791 1975 820 2021 et
843 1967 890 2021 lib.
907 1967 942 2025 11.
965 1984 1044 2038 prop.
1067 1967 1114 2022 25.
1139 1977 1168 2023 et
1188 1970 1236 2024 lib.
1252 1971 1286 2026 V.
1302 1986 1365 2040 cup.
1385 1973 1408 2024 l.
1433 1980 1463 2026 et

113 2051 177 2121 ipit
198 2055 277 2107 Astr.
301 2050 351 2106 lib.
376 2051 423 2104 IV.
1191 2095 1192 2098 ,

181 2125 217 2199 h)
240 2131 313 2184 Vere
328 2130 436 2200 quidem
451 2136 501 2184 eut
515 2128 687 2197 sphaericum
702 2126 786 2182 etium
800 2127 874 2180 inter
887 2127 976 2181 solide
989 2129 1161 2191 censendum,
1183 2132 1254 2199 quod
1268 2130 1382 2202 globum
1396 2131 1461 2184 dici·

113 2228 173 2274 nus;
198 2218 249 2265 eut
271 2211 341 2264 hoec
361 2226 478 2280 corporo
501 2207 590 2262 solido
612 2207 663 2261 dici
687 2225 740 2262 non
755 2213 910 2268 merentum
939 2225 990 2261 nec
1012 2216 1094 2262 erent
1112 2224 1131 2262 u
1145 2209 1294 2273 soliditate,
1318 2210 1370 2264 hoc
1385 2218 1462 2266 estu

113 2291 273 2346 »exsectione
295 2291 377 2344 trium
398 2288 593 2343 dimensionum
615 2294 782 2359 orgrrmento
802 2288 932 2350 texendo,
956 2303 1007 2357 pro
1023 2288 1128 2342 orbium
1151 2289 1334 2344 exornatione
1353 2307 1403 2360 per
1417 2307 1460 2344 eu

113 2372 173 2429 issu
196 2379 227 2425 et
252 2370 305 2441 ipsi
326 2371 409 2424 orbes
433 2368 494 2436 (sen
517 2364 627 2437 spotia)
651 2367 712 2422 cori
726 2373 799 2430 sunt,
823 2374 854 2421 et
875 2368 983 2438 ligures
1006 2367 1060 2421 hee
1081 2370 1116 2422 ob
1131 2369 1158 2423 id
1175 2369 1283 2423 nobiles
1298 2379 1371 2433 sunt,
1397 2370 1462 2440 quie

113 2451 243 2522 pbuerici
260 2450 459 2521 perfectionem
479 2448 633 2502 omnimode
646 2447 820 2502 conclusione
834 2446 927 2517 spatii,
952 2448 1023 2518 quod
1041 2449 1190 2521 emplexue
1205 2456 1278 2514 sunt,
1304 2466 1386 2521 quem
1399 2467 1462 2520 pro·

112 2532 176 2586 rime
192 2530 377 2586 temulenter.
418 2526 549 2584 Soliditus
563 2543 629 2582 vero
643 2535 701 2583 tum
715 2526 744 2581 in
758 2525 852 2597 globo,
875 2522 956 2598 quern
978 2527 1005 2581 in
1019 2526 1064 2581 his
1081 2528 1189 2600 figuris,
1210 2535 1255 2584 est
1268 2530 1393 2602 genuine
1406 2546 1462 2586 me·

112 2611 192 2667 erius
214 2611 278 2665 ides
299 2618 333 2667 ιιι
352 2608 512 2680 superficies
534 2607 648 2664 formae.

500 3190 531 3247 et
552 3183 635 3266 quod
658 3183 764 3246 Tmo
784 3189 869 3246 recte
890 3180 996 3247 locato
1016 3183 1066 3247 eit

191 3327 286 3391 Porro
310 3335 411 3390 autem
440 3326 597 3391 fortuitum
624 3326 680 3387 hoo
712 3325 808 3395 videri
838 3333 944 3406 posset
975 3333 1065 3408 utque
1094 3325 1218 3389 anullo
1240 3326 1336 3389 fluens
1358 3344 1461 3401 ceusu,

111 3416 182 3500 [uod
206 3436 261 3479 sex
283 3416 373 3479 orbes
391 3414 552 3496 Oopemiei
574 3414 723 3494 recipient
745 3414 827 3476 intre
849 3433 921 3479 snas
944 3415 1030 3477 unius
1054 3414 1093 3477 ob
1116 3415 1176 3478 olio
1200 3413 1363 3478 distentius
1386 3414 1462 3477 boec

111 3507 232 3588 poloque
255 3523 401 3586 corpore,
429 3504 488 3568 nisi
510 3505 536 3568 is
559 3504 625 3585 ipse
648 3503 722 3565 ordo
746 3511 829 3565 esset
852 3503 931 3566 inter
953 3503 1025 3579 ille’,
1055 3524 1113 3586 quo
1136 3504 1240 3567 ordine
1264 3521 1320 3584 ego
1343 3502 1462 3583 singule

111 3595 291 3659 nterlocovi.
337 3594 419 3657 Nem
442 3594 468 3657 si
492 3593 642 3658 Seturnus
663 3591 734 3655 Jovi
757 3599 821 3655 tem
842 3593 1027 3674 propinquos
1055 3602 1147 3668 esset,
1173 3612 1263 3674 quem
1286 3599 1335 3655 est
1358 3592 1462 3654 Venus

110 3683 232 3757 lelluri,
258 3682 391 3745 vicissim
414 3683 441 3745 si
464 3684 522 3746 boe
545 3684 622 3745 dune
646 3680 684 3745 eb
707 3681 836 3743 invicem
860 3689 946 3743 tento
968 3681 1129 3744 intervallo
1154 3681 1409 3762 distinguerentur
1431 3680 1460 3742 io

110 3771 281 3854 toperoico,
305 3780 417 3853 quanto
435 3773 658 3854 distinguuntur
671 3769 791 3849 Jupiter
806 3776 839 3831 et
852 3770 951 3832 Mars:
977 3771 1037 3832 alio
1061 3770 1164 3833 ordint
1187 3769 1331 3832 utendum
1354 3768 1461 3831 fnisset

110 3861 323 3926 ninserendis
347 3862 531 3941 corporibus.
576 3862 670 3924 Feret
693 3858 771 3920 enim
795 3859 874 3921 inter
902 3858 977 3921 duos
1009 3858 1122 3940 primos
1151 3858 1240 3923 orbes
1269 3856 1364 3939 primo
1395 3856 1461 3920 loco

110 3952 312 4015 iodecotidron
341 3949 390 4012 vel
418 3949 611 4025 icoseedron,
643 3955 751 4031 quarto
782 3966 853 4010 vero
881 3948 947 4010 loco
974 3948 1159 4011 tetrobdroo.
1205 3944 1266 4019 Qui
1292 3947 1365 4009 ordo
1396 3965 1461 4010 cum

110 4060 158 4104 ion
182 4040 283 4120 possit
305 4038 425 4101 admitti
448 4038 615 4102 rationibus
638 4035 876 4113 mathematicis,
908 4036 997 4099 facile
1021 4038 1100 4100 foret
1123 4036 1301 4099 futilitatem
1324 4037 1461 4118 concepti

110 4129 297 4193 beoremutis
320 4128 505 4209 patefecere.
538 4128 626 4191 Nunc
650 4135 751 4189 eutem
765 4125 920 4189 videamus
940 4144 1005 4201 nos,
1031 4126 1174 4206 ecqnibus
1196 4124 1365 4188 rationibus
1387 4143 1460 4206 pro-

109 4228 201 4294 retur,
234 4217 374 4280 debuisse
397 4217 454 4291 boc
476 4217 544 4301 ipso
567 4216 671 4278 ordine
694 4215 812 4294 disponi
837 4234 964 4295 corpore
986 4216 1065 4278 inter
1088 4215 1187 4278 orbes.
1233 4214 1324 4277 Initio
1347 4214 1460 4278 distin-

109 4316 232 4388 ruuntnr
253 4307 330 4369 boec
354 4324 481 4388 corporo
503 4307 533 4368 in
558 4306 618 4368 triu
639 4303 791 4384 primerio,
815 4303 932 4377 cubum,
955 4303 1151 4379 tetretdrurn,
1175 4304 1404 4378 dodecaddrum
1429 4311 1461 4366 et

109 4399 156 4461 iuo
190 4395 388 4470 secundarie,
420 4395 594 4459 octebdmm
627 4403 659 4456 et
691 4392 889 4455 icoseddrnm.
941 4391 1088 4473 Quodque
1118 4392 1308 4455 verissimum
1335 4392 1391 4455 hoc
1419 4392 1460 4455 sit

109 4486 275 4560 detrimen,
300 4492 373 4549 note
396 4485 550 4565 utriusque
573 4482 693 4564 generis
717 4481 929 4562 proprietates.
978 4481 1012 4555 1)
1041 4481 1189 4546 Primuris
1210 4482 1301 4563 pleno
1324 4480 1404 4543 inter
1427 4500 1460 4543 se

109 4574 260 4644 tremor,
292 4573 473 4639 secundarie
498 4577 621 4637 utuntur
649 4570 754 4633 eodem
777 4571 973 4650 triangulnri;
1008 4567 1044 4647 2)
1074 4569 1282 4651 primariorum
1306 4568 1461 4652 quodlibet

108 4663 250 4745 ›roprium
273 4662 367 4725 babet
387 4661 530 4741 plenum:
555 4661 649 4724 cubus
669 4659 856 4740 quadratum,
880 4658 1013 4742 pyramis
1036 4658 1226 4740 triangulum,
1251 4657 1460 4722 dodecetdron

108 4752 374 4835 ruinqusngulnm:
398 4750 577 4814 secundarie
590 4750 712 4829 plenum
726 4749 908 4829 triangulum
922 4770 942 4812 a
955 4748 1109 4831 pyramide
1123 4755 1306 4815 mutuentur.
1337 4743 1373 4824 3)
1387 4745 1458 4811 Pri·

108 4842 197 4908 nsris
219 4839 323 4905 omniu
344 4838 473 4923 simplici
493 4845 619 4905 utuntur
636 4837 757 4920 ungulo,
780 4856 888 4919 nempe
911 4838 1007 4903 tribus
1028 4838 1129 4921 plenis
1152 4836 1381 4919 comprehenso:
1405 4856 1459 4921 se·
