3278 5542
604 321 637 373 da
653 320 727 372 abur
743 319 907 384 analogias.
1366 308 1433 378 299

118 496 243 560 rumque
280 478 336 540 hoc
372 479 462 540 valde
500 478 673 540 iracundum
707 477 843 539 denotat.
899 481 923 549 )
951 476 981 538 iu
1011 468 1083 554 [lii
1117 474 1313 547 laboriosnm,
1353 473 1433 536 invi-

118 586 160 641 nt,
192 586 327 630 avarum.
379 569 422 630 Et
449 576 574 649 propter
605 567 682 628 hunc
711 561 867 644 aspectum
896 566 1061 643 ¹contemtis
1094 564 1153 626 erit
1179 562 1320 625 moribus.
1366 562 1433 626 Nisi

118 655 153 718 >d
177 656 226 718 hic
249 657 416 737 quadratus
441 657 540 719 brevis
564 664 621 729 est,
651 653 754 715 sextili
778 655 994 735 aequipollens.
1040 657 1144 733 Atque
1172 653 1265 715 etiam
1287 651 1330 713 illi
1355 670 1432 714 anno

118 741 158 823 ut
185 746 318 826 pessima
342 744 488 808 revolutio
512 745 681 817 illucescet,
708 761 784 821 quae
800 752 853 804 aut
868 763 914 806 me
931 751 984 804 aut
998 744 1094 823 ipsum
1109 742 1199 803 tollet
1222 740 1434 820 (significando

118 835 281 905 turaliter).
327 833 376 895 Ex
400 835 506 914 quibus
529 834 623 907 vides,
649 852 697 893 me
721 831 794 894 nihil
818 832 943 912 rejicere
968 852 1006 895 ex
1029 831 1212 910 astrologia,
1241 838 1364 909 praeter
1387 828 1433 890 in-

118 923 163 985 lia
186 924 324 985 domuum
347 922 542 986 numeralium
563 921 776 995 instrumenta,
802 929 833 983 et
857 921 941 983 illam
964 929 1156 1001 arrogantem
1178 917 1434 1000 praesumtionem

134 1012 263 1092 speciali
286 1012 507 1092 praedictione,
541 1011 627 1091 quasi
651 1029 738 1090 quem
763 1030 940 1091 suspensum
964 1011 999 1072 iri
1023 1005 1172 1083 dicamus,
1205 1008 1233 1069 ei
1256 1027 1315 1069 non
1339 1025 1434 1086 aeqne

118 1100 197 1164 alum
220 1102 354 1180 generali
378 1103 433 1162 sub
452 1101 607 1180 complexu
631 1118 776 1178 aquarum
798 1099 933 1180 pericula
956 1101 1100 1161 denotare
1124 1097 1239 1180 possit:
1273 1104 1327 1157 aut
1350 1095 1435 1175 qnasi

118 1189 286 1264 averimns,
308 1197 435 1252 mortem
450 1189 540 1251 alicui
564 1186 786 1269 praedicentes,
811 1190 860 1270 qui
884 1208 919 1250 eo
935 1197 1069 1268 ternpore
1087 1188 1256 1268 periculoso
1280 1204 1318 1246 ex
1332 1182 1435 1246 morbo

118 1279 260 1342 revasit.
308 1280 405 1341 Vides
436 1279 513 1340 haec
545 1298 601 1339 non
633 1277 672 1338 ad
700 1284 900 1353 contemtum,
934 1280 988 1341 sed
1018 1278 1160 1339 honorem
1192 1273 1289 1337 nostri
1321 1271 1434 1335 ordinis

118 1368 236 1431 ttinere.

164 1457 263 1518 Meam
288 1455 507 1517 dedicationem
532 1454 721 1528 (Prudromi)
745 1454 823 1534 qnod
848 1454 968 1529 attinet,
994 1453 1095 1516 nescio
1120 1472 1177 1534 qno
1200 1459 1291 1533 pacto
1315 1450 1378 1524 fiat,
1403 1457 1437 1512 nt
1556 1449 1564 1464 ⁰

168 1546 395 1626 praecipuorum
419 1563 575 1623 procerum
603 1543 723 1622 optimis
757 1551 825 1605 ntur
848 1543 1069 1619 voluntatibus,
1099 1551 1200 1605 mmen
1231 1542 1278 1603 his
1307 1538 1436 1600 comitiis

118 1635 308 1712 npotuerim
333 1632 465 1694 libellum
489 1633 606 1694 offerre.
653 1631 742 1694 Multi
774 1651 821 1694 me
845 1632 1048 1712 negligentiae
1073 1637 1227 1694 accusant.
1274 1628 1341 1708 Ego
1364 1646 1436 1688 vero

118 1741 272 1801 manuque
296 1721 469 1783 necessaria
492 1721 619 1794 luerunt,
645 1720 674 1781 iu
698 1728 806 1801 parato
835 1720 1008 1794 habueram,
1033 1741 1096 1782 rem
1121 1728 1218 1782 totam
1236 1716 1435 1791 Marescaleo,

118 1812 211 1874 taorio
234 1832 254 1873 a
276 1810 395 1873 Sanrau
418 1810 636 1885 commiseram,
661 1809 710 1890 qni
733 1830 819 1872 suam
842 1811 921 1872 ulmo
945 1809 1017 1872 mihi
1040 1809 1150 1872 detulit
1164 1827 1286 1889 operam
1316 1805 1345 1868 iu
1361 1824 1435 1886 pro-

118 1900 216 1981 nendo
240 1900 362 1980 negotio
393 1899 458 1961 sine
484 1898 584 1960 libello
609 1899 753 1979 supplice.
801 1899 1008 1961 Intermissum
1033 1908 1091 1962 est.
1138 1897 1207 1977 Ego
1231 1894 1373 1959 dimissus
1397 1893 1436 1955 ab

118 2008 138 2067 t,
163 2007 229 2052 eum
252 1990 310 2052 hac
333 2007 424 2050 voce:
450 1987 539 2059 Quod
563 1987 708 2062 differtur,
734 2006 792 2049 uon
817 1989 962 2061 aufertur.
1009 1988 1137 2051 Scilicet
1159 2007 1218 2048 non
1233 1992 1301 2048 erat
1315 1984 1434 2046 faustus

118 2078 226 2140 tnsitns
250 2077 291 2151 (si
305 2077 456 2140 naturalia
471 2079 667 2155 spectemus),
694 2084 726 2137 et
748 2078 968 2157 expectandum
992 2078 1071 2141 forte
1094 2076 1167 2138 mihi
1190 2093 1283 2154 usque
1306 2074 1336 2135 in
1352 2072 1435 2135 lutu-

118 2185 141 2231 u
164 2167 280 2246 Majnm
304 2169 353 2229 vel
375 2166 506 2240 Jnnium,
531 2184 597 2228 cnm
620 2165 650 2241 lt
674 2167 785 2243 transit
806 2185 861 2247 per
878 2166 951 2229 Asc.
984 2166 1111 2228 Interim
1133 2173 1233 2227 tamen
1258 2171 1365 2242 urgent
1388 2180 1435 2223 me

118 2255 257 2319 tditores!
303 2255 370 2318 Huc
401 2254 521 2317 accedit
549 2254 700 2333 privatum
727 2273 825 2317 meum
853 2276 921 2317 cnm
948 2256 1067 2335 publico
1091 2255 1284 2334 conjunctum
1306 2250 1436 2313 infortu-

118 2363 175 2420 ιω,
205 2346 282 2426 qnod
316 2346 400 2407 Deus
429 2344 502 2425 Opt.
527 2343 612 2404 Max.
641 2344 770 2405 omnium
800 2363 932 2407 meorum
961 2346 1109 2406 lautorum
1133 2341 1340 2405 charissimum
1363 2339 1436 2401 mihi

136 2432 196 2495 lrac
219 2434 284 2495 vita
306 2434 426 2514 eripuit,
451 2434 488 2495 Ι).
514 2433 553 2494 Ι).
577 2432 772 2494 Wilhelmum
788 2434 1067 2507 Zimmermanuum,
1093 2434 1178 2512 cnjus
1201 2427 1437 2492 moderationem

129 2523 293 2585 candmem
316 2531 407 2603 atqne
431 2520 647 2582 dexteritatem
672 2522 801 2583 ecclesia
815 2531 919 2584 nostra
934 2521 1100 2584 diutissime
1116 2518 1311 2583 desiderabit.
1347 2517 1434 2580 Mor-

118 2628 148 2673 ιε
172 2621 222 2674 εει
243 2631 331 2673 mane
359 2609 386 2674 l.
412 2610 516 2672 Martii
541 2607 588 2671 St.
614 2610 687 2672 Vet.
712 2630 778 2672 cum
802 2630 856 2691 per
879 2608 1101 2692 9septimanas
1124 2629 1163 2672 ex
1184 2605 1357 2688 haemoptoi
1380 2607 1437 2668 de-

118 2699 241 2763 linisset.
289 2699 423 2780 Cumque
447 2699 527 2761 circa
550 2717 603 2760 eos
627 2699 693 2760 dies
716 2701 810 2762 validi
834 2703 998 2780 perflarent
1021 2700 1113 2775 venti,
1138 2705 1262 2777 etpost
1286 2697 1352 2776 ejus
1376 2695 1434 2758 diei

118 2788 232 2851 ridiem
255 2789 447 2851 vehementer
471 2788 743 2850 tumultuarentur:
769 2789 909 2851 dixerunt
932 2789 1111 2863 adversarii,
1135 2788 1266 2848 animaru
1291 2784 1437 2847 haeretici

118 2884 256 2941 caerem
280 2876 472 2940 circumferri.
519 2877 573 2937 Ille
598 2894 668 2938 vero
692 2877 868 2939 beatissime
893 2887 925 2940 et
947 2877 1153 2957 placidissime
1176 2873 1324 2937 occubuit

149 3078 309 3143 menopes
325 3078 392 3129 haee
408 3078 512 3143 Kaplarl
535 3079 643 3142 tudlcla.
671 3081 742 3144 qnasi
766 3080 798 3130 ad
822 3080 986 3131 cremandum
1008 3094 1035 3130 se
1060 3081 1086 3129 ln
1108 3093 1135 3130 ra
1157 3078 1286 3144 incognita
1303 3075 1437 3126 Maessslnu

118 3151 211 3217 punita.
231 3151 295 3199 tristi
311 3150 473 3214 comprobata
490 3157 549 3200 aunt
566 3158 665 3201 evauno.
701 3150 750 3202 Dia
766 3154 820 3214 tam
838 3149 872 3200 60
890 3157 947 3216 pout
964 3152 1029 3202 diem
1047 3152 1158 3202 nativum
1175 3150 1236 3201 obiit
1254 3147 1357 3213 Koplari
1373 3147 1438 3199 filiun

118 3222 211 3278 πίσω.
230 3220 294 3285 qnod
313 3219 350 3283 (d.
371 3218 413 3270 ll.
431 3221 491 3272 Jnu.
514 3218 592 3282 tuus)
611 3222 649 3271 hir
667 3221 800 3272 Maestlinu
818 3224 933 3273 nunciat:
1267 3230 1271 3236 ·

166 3318 214 3379 Dc
229 3327 324 3379 morte
345 3318 427 3379 filioli
452 3319 497 3381 tui
511 3326 597 3381 tauto
622 3319 677 3381 tibi
693 3319 899 3382 vehementius
918 3318 1071 3393 condoleo,
1096 3319 1184 3399 quod,
1209 3324 1338 3399 quantus
1353 3316 1438 3377 dulor

118 3426 147 3471 rs
172 3407 280 3481 inerit,
305 3427 342 3468 ex
366 3426 433 3468 meu
457 3408 552 3487 ipsios
576 3409 781 3487 conjecturam
805 3409 897 3484 iccio,
923 3408 969 3470 cui
994 3407 1098 3470 itidem
1120 3408 1203 3487 Deus
1227 3405 1265 3470 Ο.
1290 3405 1333 3468 Μ.
1357 3405 1437 3467 filio-

118 3515 137 3559 n
161 3495 326 3557 Henricnrn
349 3515 385 3556 eo
411 3497 475 3575 ipso
500 3506 633 3576 tempore
658 3516 696 3558 ex
719 3497 776 3559 hac
800 3499 865 3559 vita
888 3497 1046 3571 evocavit,
1071 3516 1128 3576 quo
1151 3495 1211 3575 ipsi
1234 3513 1281 3557 me
1305 3501 1437 3556 metuere

118 3585 131 3647 i
156 3584 276 3664 scripsi.
321 3584 403 3646 Nam
427 3585 474 3646 die
503 3585 670 3664 l.·Aprilis
693 3597 852 3665 aegrotare
876 3584 1058 3664 coepit,·die
1083 3582 1113 3646 ³.
1139 3584 1272 3664 ejusdem
1295 3583 1370 3645 hora
1397 3579 1435 3644 12

118 3673 247 3737 tmdiana
274 3681 407 3735 mortuus
438 3684 499 3749 est,
533 3674 598 3735 dies
627 3683 716 3737 uatus
746 3676 907 3754 sexaginta
936 3673 1058 3735 dimidio
1087 3674 1193 3736 minus.
1239 3671 1288 3733 Ex
1319 3671 1435 3750 pallore

118 3761 238 3825 laveris
261 3761 291 3822 in
315 3762 460 3824 lateribus
483 3763 683 3842 collegerunt,
719 3771 907 3843 apostemate
931 3762 1042 3841 capitis
1068 3761 1233 3823 extinctum
1256 3779 1335 3822 esse.
1373 3758 1438 3820 De-

118 3851 223 3913 lerinm
252 3851 318 3928 ejus
347 3852 432 3911 uxori
460 3870 545 3911 meae
574 3853 657 3913 nulla
686 3853 750 3913 dies
775 3853 881 3926 leniet;
916 3851 988 3912 milui
1012 3851 1084 3912 illud
1109 3849 1190 3912 cordi
1216 3858 1279 3911 est:
1305 3847 1439 3909 Vanitas

118 3939 279 4007 miratum,
312 3947 344 4011 ει
373 3939 472 4001 omnia
501 3940 642 4001 Vanitas.
689 3942 782 4003 Ferit
805 3941 901 4015 Deus,
934 3950 968 4002 nt
991 3940 1110 4001 leuatae
1144 3947 1213 4001 tuae
1246 3937 1438 4018 precationes

118 4029 148 4093 is
171 4028 202 4089 in
227 4026 315 4088 rebus
340 4029 415 4089 meis
438 4037 523 4090 ratae
547 4029 619 4090 sint.
1098 4048 1105 4063 ²

168 4115 403 4178 Zimmermanni
418 4126 545 4179 mortem
569 4126 731 4196 sequuntur
755 4118 854 4180 tristia
873 4127 1020 4197 tempora.
1068 4115 1329 4178 Fordinaudus
1352 4115 1438 4194 prin-

118 4224 152 4283 με
175 4205 205 4267 in
220 4205 341 4267 Italiam
365 4205 454 4280 abiit;
478 4207 636 4268 Ferrariae
661 4207 758 4286 ipsum
772 4206 893 4287 Jupiter
907 4207 1062 4268 Romanus
1086 4224 1191 4267 mensa
1214 4204 1358 4285 dignatus
1381 4213 1437 4267 est.

135 4293 269 4357 transitu
293 4294 437 4356 torrentis
461 4295 588 4373 alicujus
612 4313 718 4375 parurn
741 4295 847 4372 abluit,
873 4295 945 4376 qniu
966 4295 1106 4376 princeps
1130 4295 1335 4356 suffocaretur.
1370 4293 1438 4354 Vo-

118 4402 141 4445 n
155 4381 274 4444 Mariae
292 4382 484 4445 Lauretanae
508 4384 683 4462 concepisse
708 4383 824 4459 dieitur,
849 4384 1015 4464 statimque
1039 4383 1068 4445 iu
1093 4384 1171 4445 vado
1195 4383 1330 4445 stetisse.
1372 4381 1438 4444 Nec

118 4491 178 4534 nus
200 4470 231 4531 in
255 4470 331 4531 mari
345 4471 464 4535 Veneto
487 4472 677 4552 periclitatus
701 4480 758 4534 est.
805 4472 962 4533 Ferrarius
986 4472 1163 4534 adventanti
1178 4471 1248 4533 Jovi
1271 4478 1304 4531 ει
1322 4470 1439 4531 nomine

118 4580 145 4623 ua
178 4558 282 4620 clienti
315 4562 491 4638 spectacula
524 4560 658 4623 exhibita
685 4560 782 4641 ignita
809 4560 864 4621 sub
893 4579 1068 4639 vesperam:
1103 4560 1153 4622 nbi
1182 4560 1287 4621 domus
1318 4559 1440 4621 llaurma

139 4646 203 4727 igni
225 4647 348 4709 volante
372 4658 532 4728 concepta,
564 4669 630 4712 cnm
654 4669 707 4729 pro
732 4648 844 4711 lndicro
869 4656 1057 4729 spectaretur
1086 4649 1253 4711 incendium
1285 4653 1317 4709 et
1339 4647 1438 4727 negli-

118 4745 214 4808 retnr,
239 4737 438 4818 conflagravit
461 4744 537 4813 tota,
562 4747 594 4799 et
617 4739 712 4820 (qnod
734 4738 828 4801 semel
850 4745 968 4800 tantum
981 4738 1127 4811 auditum,
1150 4738 1188 4800 ab
1203 4735 1321 4799 homine
1337 4744 1438 4798 tamen
1492 4787 1496 4794 .
