3278 5542
149 309 215 379 810
570 308 1084 377 ΜΜῙΜΜΜ

149 472 342 554 geometrica.
389 471 469 534 Nam
496 470 630 551 quintilis
659 478 690 534 et
720 472 886 554 biquintilis
918 473 963 536 sic
990 471 1111 554 quidem
1143 478 1217 535 sunt
1246 470 1315 534 loco
1339 469 1487 551 posteriore

132 565 228 626 ‘iuter
259 561 514 624 demonstrativas
546 561 675 640 figuras,
718 570 753 623 ut
782 562 870 624 simul
901 581 956 642 per
987 563 1064 624 hunc
1097 579 1250 624 musaeum
1285 567 1320 622 et
1349 558 1488 639 perhanc

150 654 250 731 lugam
275 650 465 730 aequationis
488 649 683 730 perveniatur
706 650 736 711 iu
750 650 1066 731 proportionalitatem
1081 649 1216 712 divinam
1229 648 1362 712 omnium
1385 666 1487 728 geone-

149 743 291 803 tricorum
314 758 422 801 rerum.
468 738 538 800 Etsi
570 738 672 820 itaque
704 739 751 800 his
784 741 872 802 deest
898 738 1141 813 numerabilitas,
1173 758 1229 801 ssu
1250 744 1363 800 natura
1384 737 1487 810 numen,

149 829 281 891 vicissim
304 836 405 890 tamen
434 827 509 909 ipsis
539 827 629 889 adest
655 828 807 909 proportio
831 828 951 904 diviua,
990 847 1050 910 qua
1086 836 1193 891 carent
1221 833 1368 908 aspectus
1389 825 1485 889 rumh.

148 919 329 998 Propterea,
367 925 400 978 et
433 917 503 997 quia
540 917 792 997 quinquangulum
828 917 989 980 adhibetur
1021 917 1061 978 ad
1101 916 1292 980 efficiendum
1329 933 1434 994 corpus
1465 925 1487 976 et

149 1007 266 1088 quidem
299 1005 490 1086 primarium,
527 1014 560 1067 et
596 1006 770 1086 biquintiles
805 1007 918 1086 figurae
960 1004 1001 1069 12
1033 1006 1072 1067 ad
1103 1005 1336 1087 pulcherrimum
1372 1005 1487 1083 regulus

83 1175 86 1182 Ι
150 1104 270 1159 auctum
294 1095 446 1169 (stollam)
471 1095 649 1169 iaciendum,
675 1095 849 1175 aspectibus
873 1103 946 1158 snut
968 1095 1167 1158 accensenda.
1212 1094 1376 1157 Postrema
1396 1094 1486 1173 figora-

148 1205 214 1249 rum
237 1194 363 1266 utroque
391 1184 509 1246 nomine
533 1192 582 1246 est
608 1184 885 1264 sesquiquadratns.
933 1183 1076 1248 Ceterum
1105 1184 1136 1247 iu
1164 1184 1274 1246 effectu
1301 1201 1407 1263 parum
1430 1200 1486 1263 pos·

149 1280 238 1344 sunt,
270 1273 339 1353 plus
363 1281 478 1347 tamen,
513 1291 601 1354 quam
630 1273 755 1354 quaevis
783 1274 846 1335 alia
878 1292 936 1336 non
969 1273 1160 1346 harmonica,
1195 1271 1485 1353 quemadmoduuio

149 1362 262 1426 musice
295 1369 385 1423 sexta
416 1362 514 1424 mollis
548 1363 747 1424 consonantia
773 1371 873 1425 tamen
907 1371 970 1435 est,
1003 1371 1051 1437 ut,
1085 1381 1151 1425 cum
1183 1361 1226 1424 sit
1248 1360 1421 1434 imbecillis,
1445 1377 1485 1420 nec

149 1452 254 1515 laedat
272 1470 376 1526 aures,
405 1459 441 1512 ut
464 1471 540 1531 quae
563 1451 730 1514 dissonant
777 1453 857 1516 Nam
891 1452 1043 1514 sensibilis
1070 1453 1146 1514 haec
1177 1449 1310 1513 musices
1341 1468 1407 1516 cum
1430 1448 1484 1511 meis

150 1541 317 1604 rationibus
354 1540 534 1602 harmonicis
561 1541 772 1603 convenientia
810 1541 1009 1603 certissimum
1038 1541 1126 1615 iacit,
1164 1559 1250 1602 meas
1283 1539 1416 1601 rationes
1442 1556 1483 1599 non

150 1649 218 1692 esse
242 1630 445 1709 denegandas,
472 1648 564 1710 quare
587 1648 641 1691 nec
665 1629 694 1691 in
719 1630 886 1711 astrologia
908 1623 1192 1702 contemnendas')

237 1719 322 1780 Haec
345 1718 500 1793 hactonus,
526 1727 560 1781 ut
581 1738 628 1780 me
653 1728 685 1780 et
706 1727 737 1780 te
757 1738 937 1781 exercerem.

219 1858 405 1910 Fabricius:
425 1858 472 1908 l’ro
491 1861 622 1924 ganesihus
640 1861 720 1911 missis
737 1861 832 1927 gratias
843 1861 964 1910 maximas
976 1859 1064 1911 habco.
1103 1857 1206 1910 Utinam
1219 1857 1363 1909 accuratius
1375 1855 1481 1906 denotatae

150 1937 241 1982 essent
279 1929 338 1980 Sola
356 1931 522 1982 accidentium
542 1937 662 1981 accurata
680 1933 817 1982 observatio
836 1932 1011 1997 astrologiam,
1036 1944 1103 1981 nnnc
1121 1931 1193 1995 qnasi
1211 1929 1345 1986 talamana,
1370 1942 1412 1977 auo
1430 1928 1481 1976 nari

150 2005 279 2053 restituere
297 2008 388 2066 potest.
425 2002 520 2052 Vellem
539 2015 648 2067 quoqne,
667 2011 693 2052 ts
711 2005 736 2052 in
755 2009 813 2054 tna
831 2005 958 2068 ganesi,
982 2018 1031 2053 non
1048 2002 1143 2052 infelici
1160 2008 1190 2052 ut
1208 2015 1255 2067 ago
1273 2007 1351 2066 puto.
1370 1997 1481 2050 adluis

150 2075 234 2125 omnia
250 2075 276 2123 in
294 2075 367 2124 certis
386 2074 472 2124 diebus
490 2074 549 2124 mihi
568 2075 772 2125 communicasse.
809 2074 923 2125 Maxima
939 2089 997 2139 pars
1015 2075 1067 2125 lato
1086 2074 1159 2124 modo
1176 2073 1301 2125 denotata
1318 2080 1367 2127 eat.
1383 2077 1425 2123 uec
1438 2084 1480 2135 cop

148 2159 250 2195 noscero
275 2160 416 2208 possumus,
445 2159 478 2196 arr
504 2161 566 2194 noro
592 2145 630 2195 val
655 2148 732 2197 veteri
755 2147 819 2208 stylo
843 2147 930 2196 utaris.
968 2144 1052 2207 Quare
1070 2146 1096 2194 iu
1114 2151 1218 2210 utroque
1247 2150 1274 2196 te
1299 2143 1381 2210 mgis
1398 2141 1480 2207 explicet

148 2218 310 2281 praesertim,
338 2231 386 2280 quo
405 2215 445 2265 dis
463 2218 522 2265 anni
542 2213 583 2264 91.
604 2216 692 2267 Martis
710 2219 830 2269 tmnsitna
848 2232 892 2282 par
910 2217 1088 2268 ascendentem
1115 2222 1142 2266 te
1160 2214 1231 2266 valde
1252 2214 1383 2271 affluerit,
1405 2218 1479 2276 atquo

81 2336 84 2341 .
148 2288 230 2337 modo.
269 2286 324 2348 Quo
353 2287 392 2337 dia
421 2287 500 2337 Gratii
518 2287 646 2353 Ungarica
671 2287 746 2339 labris
773 2296 799 2339 ta
826 2290 952 2339 invaserit
990 2287 1045 2349 Quo
1070 2286 1109 2338 die
1135 2288 1194 2338 anui
1222 2281 1264 2335 0⁰.
1284 2284 1411 2352 ungarica
1431 2283 1480 2334 tetri

150 2359 251 2415 lentior,
281 2373 311 2407 ax
330 2356 436 2415 Saturno
455 2372 528 2422 snper
546 2359 737 2417 ascendentem,
765 2369 791 2410 ts
810 2361 947 2414 afflixerit.
970 2359 1064 2410 Ultima
1081 2364 1207 2424 quartana
1225 2354 1253 2406 8.
1272 2356 1331 2409 Oct.
1350 2366 1387 2407 aa
1402 2361 1442 2406 vot
1455 2353 1480 2402 ul

149 2444 211 2479 novo
230 2428 311 2492 stylol
346 2429 437 2479 Lassio
455 2431 510 2479 nasi
529 2445 576 2494 qno
589 2431 638 2480 dia.
675 2431 801 2483 Masstlini
820 2430 1055 2498 genesinsibabss.
1073 2430 1147 2482 relirn
1159 2429 1405 2481 nrhleonnnnieas
1431 2425 1480 2478 uno

150 2500 290 2550 Paradiseri
308 2502 412 2566 genesin
429 2499 527 2551 babos?

238 2606 442 2686 Keplerus:
481 2605 630 2687 Exempla
654 2626 804 2686 genescon
828 2606 934 2669 mutila
957 2607 1036 2670 misi.
1073 2608 1211 2686 Ignosce.
1255 2602 1342 2674 Cum,
1368 2603 1480 2674 atrides,

151 2695 324 2758 certitudini
349 2695 425 2756 artis
447 2696 478 2757 in
497 2696 700 2775 singularibus
723 2715 829 2774 parurn
852 2696 991 2771 tribuam,
1017 2694 1219 2777 negligentior
1241 2712 1312 2757 esse
1336 2694 1426 2766 soleo,
1445 2707 1481 2751 nec

152 2792 183 2847 te
206 2784 255 2847 hic
280 2786 405 2846 multum
424 2786 531 2865 juvare
554 2803 687 2864 possum.
735 2784 796 2848 Sed
821 2794 854 2847 tu
878 2785 1013 2866 deperire
1038 2784 1150 2848 videris
1173 2789 1289 2856 artsm3
1317 2781 1397 2854 vide,
1417 2788 1481 2843 nete

153 2873 338 2947 ludificetur,
377 2874 494 2953 majora
532 2874 609 2935 enim
654 2873 791 2936 humanis
831 2873 944 2937 viribus
983 2874 1044 2936 ista
1078 2873 1151 2936 mibi
1187 2872 1346 2948 videntur,
1384 2869 1481 2933 certitu·
1526 2922 1529 2943 ,

153 2963 251 3024 dinem
276 2962 344 3024 inde
368 2971 487 3042 petere,
512 2963 561 3025 ubi
585 2961 669 3025 nulla
692 2982 759 3024 esse
782 2970 899 3045 potest,
932 2971 962 3024 te
986 2962 1053 3044 ipso
1078 2970 1174 3036 testo,
1199 2960 1249 3042 qni
1273 2960 1412 3023 concedis
1431 2977 1482 3020 car·
1527 3016 1529 3029 ,

152 3071 254 3113 sarum
278 3051 406 3112 omnium
430 3071 591 3113 concursus
610 3053 701 3131 juxta
724 3052 849 3114 coelum.
897 3050 978 3123 Quid
1003 3072 1040 3114 cx
1070 3053 1127 3114 hoc
1150 3056 1309 3132 sequatur,
1340 3049 1428 3130 proba
1446 3064 1483 3106 sr-
1526 3048 1529 3071 ¹

152 3141 283 3220 pendere
307 3149 337 3200 te
362 3141 470 3213 velim;
495 3160 564 3201 nam
587 3141 818 3203 inconsideratis
842 3141 939 3222 prima
963 3141 1061 3204 fronto
1086 3160 1146 3204 nou
1171 3145 1311 3221 apparet.

240 3229 276 3289 ln
299 3247 364 3289 mea
388 3229 493 3306 genesi
517 3229 614 3310 stylus
638 3240 725 3292 vetus
749 3230 845 3304 valet,
877 3250 970 3311 usquc
999 3231 1039 3291 ad
1062 3249 1172 3293 annum
1196 3223 1249 3303 94,
1274 3246 1333 3308 quo
1358 3244 1430 3289 anno
1451 3218 1485 3285 li.

153 3317 228 3397 Apr.
253 3325 293 3378 st.
318 3337 345 3378 u.
373 3315 512 3379 Graiium
536 3319 603 3379 veni
626 3338 691 3380 cum
715 3329 886 3381 versaretur
908 3319 938 3394 ll
961 3319 991 3380 in
1015 3319 1113 3381 modio
1133 3318 1229 3391 coeli;
1258 3312 1298 3379 ll
1312 3325 1384 3398 post
1405 3314 1485 3376 diebus

155 3406 280 3556 11411111
313 3408 410 3482 dd)
443 3407 474 3468 in
505 3403 617 3480 23011
647 3408 737 3470 incidi
768 3409 798 3470 in
822 3408 928 3471 febrim
952 3407 1150 3488 ngaricam‚
1191 3426 1270 3488 quas
1294 3406 1414 3469 duravit
1432 3402 1500 3465 alios'

158 3492 171 3555 1
223 3495 296 3556 dics.

242 3582 331 3645 Anno
347 3580 399 3657 90,
424 3602 490 3644 curn
514 3591 598 3647 esset
619 3579 640 3660 ὃ
664 3583 694 3646 in
709 3581 771 3648 24⁰
784 3582 839 3648 ‹10‘
853 3590 886 3658 Π
909 3586 1033 3666 (quaero
1058 3583 1136 3647 diem
1159 3584 1251 3666 ipse),
1276 3582 1410 3664 graviter
1424 3575 1486 3659 coepi

154 3680 315 3754 aegrotare
339 3672 441 3734 dolore
473 3673 583 3754 capitis
613 3680 645 3735 et
667 3674 911 3737 consternatione
940 3675 1149 3737 membrorum.
1197 3671 1274 3736 Cum
1297 3668 1318 3751 h
1344 3671 1443 3735 iterum
1461 3664 1486 3729 ibi

155 3770 247 3837 essct,
271 3761 391 3824 scabies
415 3780 462 3823 me
487 3763 593 3825 tenuit

244 3849 333 3912 Anno
356 3845 409 3922 91,
436 3850 484 3912 die
503 3850 634 3913 Veneris
658 3858 729 3931 post
751 3849 868 3913 cineres
892 3851 1001 3933 capitis
1026 3852 1112 3913 dolor
1136 3849 1299 3915 febriculas
1323 3847 1486 3914 aonmsinse

155 3938 272 4001 initium
296 3939 381 4012 lecit,
412 3957 488 4018 quae
521 3938 543 4005 8
572 3940 637 4002 dies
661 3940 783 4002 duravit
804 3948 836 4002 et
859 3959 905 4002 me
938 3959 1014 4021 pene
1038 3940 1186 4003 enecavit.
1234 3937 1270 4001 Si
1294 3938 1372 4002 bene
1394 3932 1485 4001 memini

156 4019 368 4104 mufflmm

245 4114 321 4176 Post
345 4115 436 4176 lorias
460 4115 617 4177 natalitias
641 4115 858 4196 praecedentes
889 4136 906 4178 c
935 4117 1048 4197 templo
1075 4136 1092 4178 e
1117 4115 1244 4179 lectione
1268 4117 1392 4180 renisus
1412 4115 1486 4177 inter·

157 4203 278 4268 sissimo
302 4204 414 4282 frigore
438 4204 545 4266 sudavi
569 4205 841 4270 vehementissime.
890 4208 1023 4270 Fuerunt
1045 4226 1118 4286 ergo
1140 4205 1287 4286 reliquias
1309 4206 1412 4281 morbi,
1432 4215 1485 4284 quet

158 4301 320 4373 eruperunt
341 4293 371 4355 in
395 4293 653 4367 Bacchanalibus,
687 4313 752 4355 cum
776 4295 864 4374 paulo
889 4304 980 4360 antea
1003 4296 1163 4359 sisteretur
1186 4294 1323 4370 scabies,
1354 4303 1385 4358 ct
1406 4309 1484 4356 acces·

157 4384 252 4445 sisset
274 4382 433 4444 commotio
458 4382 591 4461 corporis
616 4392 647 4445 et
670 4383 761 4444 animi
790 4402 844 4464 per
867 4384 1064 4464 agitationem
1093 4381 1287 4460 comoediae,
1317 4383 1347 4446 in
1371 4380 1484 4466 quarte

157 4472 270 4534 rianern
295 4471 432 4550 agebam.
480 4471 512 4531 ln
541 4479 689 4552 quartana
716 4472 828 4554 stylum
860 4492 970 4535 novum
999 4474 1145 4554 intellige.
1192 4471 1289 4536 Simul
1317 4472 1391 4537 illud
1414 4464 1483 4534 medi·

157 4579 277 4623 corum:
316 4559 449 4622 tertiana
481 4579 538 4622 oon
567 4570 735 4640 expurgata
768 4563 802 4622 fic
837 4571 995 4642 quartana.
1041 4561 1143 4626 Semel
1172 4570 1263 4644 atque
1292 4561 1414 4640 iterum,
1440 4570 1486 4623 cum

159 4649 255 4711 adhoc
279 4668 376 4710 essem
403 4647 519 4719 Gratii,
548 4650 629 4711 sensi
659 4668 869 4730 paroxysmum
894 4658 964 4714 aute
987 4652 1159 4714 Michaelis.
1204 4651 1359 4732 Agitabar
1380 4651 1451 4716 curis
1468 4648 1488 4706 tl

159 4737 325 4809 laboribus,
356 4738 394 4799 ad
422 4735 479 4799 iter
506 4757 553 4799 rue
580 4757 711 4819 parans3
751 4738 778 4800 io
807 4740 914 4803 itinere
945 4740 1100 4803 iracundia
1123 4741 1219 4805 effosa
1241 4758 1281 4802 ex
1303 4740 1488 4808 inclusoribus

159 4845 230 4890 esus
251 4827 443 4907 gorbsrorum
462 4828 629 4902 crudorum,
653 4828 753 4890 victus
775 4828 834 4891 imo
857 4823 1045 4893 inordinatus
1069 4837 1101 4893 et
1123 4830 1323 4893 antecedente
1346 4841 1430 4895 nocte
1449 4828 1491 4890 im
