3278 5542
700 326 863 380 moenem
1419 322 1464 395 89

106 485 225 606 m,
252 485 285 537 de
301 486 390 552 qut·
407 491 493 538 tunen
510 487 547 539 illl
562 489 622 553 lpu.
641 488 689 539 nial
706 487 754 540 boa
771 488 844 539 ιιιοιὶο
863 488 982 539 admonitl
1004 488 1123 548 ιιιὴιοιιι.
1146 503 1272 556 nunqnam
1291 493 1402 558 cogitare
1419 505 1463 556 po·

178 572 194 605 n

170 663 317 728 Antequam
334 672 469 730 acceparat
485 666 610 731 Keplema
628 667 700 717 modo
718 669 868 731 praemissa,
886 670 1051 732 superioribus
1069 670 1119 718 suls
1137 668 1202 719 baso
1221 668 1332 719 addidit:

190 750 370 816 Clarissima
392 756 431 817 D.
455 757 649 836 Praeceptor.
696 756 774 818 Dum
798 759 877 820 ultro
907 758 1041 838 citroque
1065 766 1213 820 commeat
1236 759 1379 832 nuncius,
1413 759 1462 821 in·

106 841 169 902 reni
184 842 282 904 locum
297 844 427 924 aliquem
442 843 646 917 incerdens,
671 846 806 926 quirem
829 855 965 908 nostram
990 846 1221 909 automatariam
1244 847 1367 909 mirifice
1390 847 1461 910 illn-

106 938 191 993 strat.
239 929 292 993 Sic
316 931 409 1013 igitur
442 934 493 996 ille
529 934 579 997 lib.
608 931 918 997 attestatione.
967 935 1090 1015 „Nuper
1114 936 1205 998 etiam
1229 935 1350 1017 quidam
1382 936 1464 998 illam

109 1019 294 1094 ,machinam
316 1022 416 1084 mundi
440 1023 657 1097 universalem,
682 1024 753 1085 olim
779 1022 975 1085 aGnilielmo
991 1024 1157 1087 Zelandiuo
1178 1024 1357 1087 fabricatam
1373 1032 1463 1105 atque

108 1109 319 1184 dissolutam,
343 1110 372 1172 iu
385 1111 576 1193 tenebrisque
588 1131 641 1193 per
653 1112 799 1175 incuriam
815 1122 1063 1187 marcescentem,
1088 1132 1154 1176 curn
1171 1133 1227 1194 ego
1242 1115 1371 1194 quodam
1385 1112 1463 1175 bono

108 1198 187 1274 ,fato
216 1199 255 1260 ad
280 1198 507 1263 instaurandum
536 1202 631 1263 bonas
662 1210 745 1263 artes
783 1203 876 1264 etiam
909 1203 1006 1264 obiter
1036 1221 1093 1264 nou
1118 1204 1214 1264 minus
1238 1222 1328 1283 quarn
1353 1222 1390 1264 ex
1412 1203 1462 1264 io-

109 1286 240 1357 ,dustria
270 1297 361 1351 uatus
393 1289 422 1350 in
456 1289 551 1351 lucem
580 1309 789 1365 revocassem,
822 1290 851 1351 in
876 1292 1026 1371 integrum
1051 1292 1195 1353 restituit.
1243 1290 1338 1371 Cujus
1358 1310 1462 1353 exem-

109 1376 171 1457 ,plc
197 1377 288 1438 aliam
318 1376 429 1440 Carolo
454 1376 567 1449 Quinto
592 1377 719 1441 Caesari
747 1380 791 1441 ita
819 1381 1005 1455 construxit,
1039 1390 1072 1442 nt
1104 1380 1133 1442 in
1165 1400 1202 1442 ea
1235 1390 1266 1442 et
1297 1388 1474 1467 temporum·

109 1473 276 1540 ,momenta
307 1475 339 1528 et
366 1474 471 1547 partes
501 1468 653 1548 signorum
677 1468 812 1547 singutas
837 1470 942 1530 videas
974 1477 1006 1531 et
1033 1470 1133 1531 octavi
1156 1469 1238 1531 orbis
1261 1478 1373 1531 motum
1397 1478 1462 1531 tar-

106 1554 280 1630 ,dissimum
303 1554 460 1618 intuearis.
509 1557 682 1619 Divisiones
706 1576 822 1638 quoqne
847 1558 928 1620 orbis
953 1560 1103 1638 signorum
1117 1558 1239 1632 varias
1265 1577 1339 1661 quas
1359 1559 1463 1620 domos

110 1651 254 1718 ,‚vocaut
278 1645 428 1725 horasque
451 1647 591 1726 aequales
616 1653 649 1707 et
671 1646 860 1727 inaequales,
886 1656 917 1709 et
940 1649 1017 1727 quod
1036 1649 1134 1728 majus
1149 1656 1211 1716 est,
1235 1648 1366 1709 universi
1359 1647 1462 1708 orbis

106 1733 261 1812 ,partibus
289 1733 506 1808 inservientes,
532 1745 565 1797 ut
588 1736 664 1797 baec
688 1754 757 1796 vere
781 1736 921 1798 machina
945 1735 1046 1798 orbem
1071 1737 1241 1798 universum
1269 1736 1401 1811 referat,
1433 1736 1462 1797 in

106 1842 160 1898 ,ea
185 1822 333 1902 inspicere
358 1823 439 1885 licet.
486 1823 603 1886 Omitto
632 1842 811 1904 progressos
845 1843 1058 1905 regressusque
1087 1825 1270 1905 singulorum
1301 1825 1462 1886 errantium

106 1910 269 1985 ,siderum
302 1911 477 1974 latitudines
502 1913 754 2017 altitudinesque,
788 1914 938 1993 aliaque
929 1933 1100 1989 innumera,
1130 1921 1164 1975 ut
1186 1932 1308 1993 prorsus
1331 1932 1381 1975 res
1405 1933 1462 1976 non

106 2000 220 2073 ,minus
253 2002 334 2062 fama
366 2020 454 2081 quam
488 2003 544 2063 fide
573 2003 670 2083 major
693 2002 742 2064 sit.
790 2003 938 2066 Referunt
961 2002 1060 2065 Sabor
1092 2022 1192 2083 regern
1217 2003 1376 2064 Persarum
1404 2003 1462 2064 hn-

106 2090 288 2170 ,juscemodi
323 2091 489 2153 machinam
524 2100 586 2152 tam
619 2092 762 2170 grandem
797 2112 812 2152 e
838 2093 914 2155 vitro
947 2093 1080 2154 construi
1113 2092 1235 2164 fecisse,
1270 2100 1303 2152 ut
1335 2090 1367 2151 in
1397 2092 1463 2169 eJns

106 2186 227 2254 ,centro
243 2179 376 2255 sederet,
401 2187 544 2261 tanquam
564 2181 593 2241 in
609 2181 720 2243 Terrae
741 2181 916 2260 splraerffnla
941 2189 1130 2261 spectantem
1150 2180 1205 2242 snb
1224 2174 1350 2259 pedibus
1371 2181 1463 2241 etiam

106 2277 226 2344 ‚‚astra,
253 2269 477 2352 exorientiaque
501 2290 536 2331 ac
552 2270 724 2332 occidentia
738 2271 854 2345 sidera,
880 2278 914 2332 ut
929 2273 987 2346 sic,
1012 2270 1149 2332 mortalis
1164 2288 1230 2330 cum
1249 2277 1347 2338 esset,
1372 2286 1464 2347 snpra

106 2364 226 2432 ,tamen
251 2377 367 2419 ornnem
390 2359 585 2421 mortalitatis
610 2359 721 2421 fastum
746 2367 778 2421 et
801 2361 1041 2440 expectationem
1061 2379 1128 2422 esse
1149 2357 1333 2420 videretur.“
1378 2358 1463 2419 Haec

106 2447 298 2526 transscripsi
327 2456 451 2526 propter
479 2449 536 2509 duo
566 2447 696 2509 illustria
720 2449 858 2529 exempla
881 2449 1076 2528 sphaerarum
1105 2456 1136 2510 et
1164 2449 1288 2511 alterius
1317 2456 1462 2509 autorem.

106 2533 249 2608 Quamvis
282 2535 454 2598 incredibile
486 2539 522 2598 de
547 2535 673 2616 Sapore.
723 2536 813 2600 Certe
847 2538 1027 2600 universalis
1055 2538 1185 2618 sphaera
1217 2555 1274 2598 non
1306 2536 1376 2606 fuit,
1411 2545 1464 2597 aot

106 2634 184 2688 nota
207 2644 266 2686 non
292 2627 360 2698 fuit,
385 2627 564 2704 praesertim
588 2627 695 2687 vitrea.
744 2628 848 2707 Neque
863 2628 935 2688 mihi
960 2627 1062 2689 divina
1076 2627 1137 2688 ista
1161 2626 1198 2687 de
1222 2625 1353 2687 barbara
1372 2633 1462 2705 geute

106 2715 280 2797 persuadeo.
327 2715 428 2795 Atque
454 2735 489 2777 en
513 2715 568 2776 tibi
593 2715 758 2776 sessionem
783 2717 863 2796 regis
887 2717 915 2778 in
941 2716 1087 2795 sphaera,
1118 2735 1193 2796 quae
1219 2715 1339 2775 barbari
1364 2716 1462 2775 fastus

106 2803 262 2866 incivilis
287 2804 496 2866 delectationis
526 2814 734 2882 argumentum
765 2805 821 2878 sit,
854 2805 882 2866 in
907 2814 1023 2885 promtu
1049 2813 1097 2866 est
1122 2804 1292 2884 judicare..
1319 2802 1380 2864 Sed
1405 2822 1461 2863 nec

106 2894 235 2954 monstro
260 2901 345 2954 caret
367 2894 462 2954 moles
485 2893 539 2954 illa
564 2894 678 2973 ingens.
725 2893 873 2974 Equidem
888 2894 1042 2968 existimo,
1066 2901 1189 2972 praeter
1203 2911 1313 2952 vanam
1338 2899 1370 2953 et
1389 2891 1461 2951 bar-

106 2982 205 3044 baram
229 2981 463 3043 ostentationem
488 2989 520 3043 et
543 2982 779 3061 magnitudinem
805 2983 886 3061 globi
905 2982 995 3044 vitrei
1021 2982 1199 3044 insolentem
1225 2980 1296 3042 nihil
1321 2988 1462 3059 spectatu

106 3071 284 3133 continuisse
318 3070 449 3149 dignum.
498 3072 530 3131 ln
560 3070 658 3131 altera
680 3071 749 3133 vide
780 3072 850 3133 mihi
880 3072 1016 3133 inutilem
1047 3070 1181 3133 laborem
1214 3070 1244 3132 in
1270 3069 1462 3148 exprimendo

106 3167 180 3222 notu
206 3159 307 3220 octavi
332 3159 427 3233 orbis,
465 3160 513 3239 qui
543 3170 604 3220 turn
634 3160 762 3221 nondum
787 3168 854 3221 erat
882 3160 939 3221 rite
968 3161 1117 3240 cognitus.
1164 3160 1198 3221 In
1229 3159 1316 3220 laude
1348 3168 1463 3238 ponunt

106 3246 271 3329 hujusmodi
287 3248 433 3322 artifices,
459 3248 568 3310 imitari
585 3248 730 3309 calculum
751 3248 941 3310 multitudine
958 3260 1104 3324 motuum,
1130 3267 1186 3328 ego
1205 3255 1363 3328 praestare
1376 3255 1459 3325 puto,

106 3346 131 3399 nt
153 3346 296 3399 naturam
320 3335 419 3399 imiter
442 3337 471 3398 in
497 3338 569 3411 situ,
595 3337 654 3398 etsi
679 3337 870 3399 tardissimos
894 3338 962 3398 illos
976 3346 1076 3400 motus
1095 3356 1132 3399 ex
1147 3346 1233 3417 parte.
1250 3337 1315 3417 quis
1330 3336 1460 3397 omittat.

187 3426 296 3505 Pergit
324 3424 498 3493 Cardenus,
540 3433 572 3487 et
607 3426 743 3488 recitatis
775 3424 936 3507 Claudiani
969 3427 1120 3500 versibus,
1162 3427 1268 3507 quibus
1298 3425 1461 3504 descriptio

106 3515 319 3578 Archimedeae
344 3515 491 3594 sphaerae
515 3516 699 3588 continetur,
724 3516 798 3576 baec
823 3516 962 3595 subjicit:
993 3514 1127 3590 ,‚Causa,
1152 3534 1204 3577 cnr
1227 3535 1264 3576 ex
1288 3514 1366 3575 vitro
1391 3514 1461 3575 olim

106 3604 207 3679 ,fleret
231 3604 371 3664 machina
394 3604 536 3665 coelestis
560 3604 658 3677 orbis,
683 3613 768 3679 erat,
794 3605 934 3686 quoniam
959 3624 1026 3666 curn
1042 3612 1124 3665 esset
1147 3605 1267 3664 aemula
1290 3621 1359 3663 vere
1374 3602 1461 3674 coeli,

106 3692 354 3764 „includebantur
376 3692 505 3754 minores
530 3691 708 3771 majoribus:
734 3712 822 3773 quam
847 3694 971 3755 obrem
1000 3693 1048 3773 qui
1078 3693 1158 3754 intus
1187 3699 1274 3752 erant
1308 3699 1340 3751 et
1362 3691 1463 3751 sidera

106 3781 254 3863 ,spectari
279 3799 337 3842 non
360 3780 546 3861 potuissent,
568 3781 624 3842 nisi
649 3799 750 3842 omnes
774 3802 812 3843 ex
836 3784 965 3844 materia
992 3783 1153 3862 perspicua
1176 3780 1296 3842 conflati
1323 3779 1461 3841 fuissent.

106 3870 227 3952 „ltaque
254 3870 302 3950 qni
333 3889 410 3931 nunc
434 3871 489 3932 has
518 3870 612 3932 moles
644 3870 770 3944 faciunt,
804 3872 873 3934 vitri
906 3872 1103 3950 fragilitatem
1127 3878 1282 3943 verentes,
1317 3876 1463 3947 coguntur

106 3978 178 4034 ,non
203 3959 372 4022 naturalem
396 3960 497 4021 mnndi
520 3959 689 4021 machinam
710 3960 867 4036 aemulari,
892 3962 993 4022 orbem
1013 3961 1077 4022 orbi
1097 3959 1361 4039 circumponendo,
1386 3975 1462 4038 qno-

106 4050 203 4126 ,niam
237 4067 303 4111 cum
326 4068 364 4110 ex
382 4050 506 4111 metallo
531 4048 593 4108 sint
620 4048 713 4109 videri
738 4067 795 4109 non
824 4059 965 4129 possent:
1000 4051 1052 4111 sed
1077 4056 1150 4130 quot
1178 4057 1250 4109 suut
1278 4047 1381 4122 orbes,
1415 4053 1462 4108 tot

106 4138 255 4213 ,efficiunt
280 4137 415 4210 tabulas,
440 4147 494 4199 aut
517 4139 625 4200 saltem
649 4157 752 4212 senas,
778 4138 860 4200 Solis
885 4139 987 4200 orbem
1008 4138 1136 4200 Veneris
1159 4137 1223 4199 orbi
1248 4136 1462 4209 immiscentes,

106 4226 149 4302 ,in
175 4227 390 4307 circuitumque
415 4227 642 4307 compaginant,
678 4235 711 4287 ut
735 4228 812 4330 quod
837 4234 884 4288 est
913 4234 1058 4302 rotarum,
1092 4227 1271 4306 ponderum,
1306 4227 1461 4299 molarum,

106 4334 276 4393 .,currunm‚
312 4315 542 4391 denticulorum,
573 4316 723 4389 nolarum,
753 4316 918 4394 virgarum,
949 4317 1061 4377 lunium
1086 4325 1176 4397 atque
1201 4315 1325 4377 aliorum
1348 4315 1461 4377 instru-

106 4414 306 4481 ‚‚mentornrn
332 4404 429 4467 lateat
451 4405 566 4467 intus.“
611 4403 709 4465 Audis
725 4402 913 4477 cardonum,
939 4412 1059 4466 veteres
1084 4405 1227 4466 aemulari
1246 4413 1386 4465 naturam
1410 4421 1462 4463 so-

106 4492 185 4570 litos,
210 4492 396 4556 recentiores
420 4503 595 4556 construere
610 4494 833 4569 domunculam,
859 4494 935 4555 forte
953 4495 1148 4574 sexangulam
1170 4503 1222 4554 aut
1236 4501 1304 4555 octo
1324 4492 1461 4562 laterum,

106 4592 132 4646 et
161 4582 240 4645 foris
273 4582 301 4643 in
336 4582 480 4645 lateribus
509 4582 731 4661 circumponere
765 4584 812 4647 hic
843 4584 1003 4662 sphaeram
1034 4583 1175 4652 Saturni,
1206 4582 1268 4644 illic
1290 4581 1378 4644 Jovis
1403 4589 1461 4643 etc.

106 4670 142 4734 tc
171 4673 228 4734 boc
258 4671 333 4732 dicit
361 4669 519 4734 Gardanns
558 4671 705 4751 sphaerae
734 4673 970 4735 Zelandiniauae
1004 4675 1229 4735 commendator
1262 4679 1295 4732 nt
1333 4670 1463 4732 omnium

106 4759 403 4841 praestantissimae,
428 4768 542 4822 utnon
567 4761 717 4841 possimos
741 4761 896 4835 dubitare,
931 4761 1000 4842 quin
1025 4761 1078 4823 illa
1102 4780 1218 4843 quoque
1241 4760 1271 4820 in
1296 4759 1373 4822 hunc
1396 4776 1462 4820 mo-

106 4850 187 4925 durn,
221 4868 282 4911 non
309 4848 348 4911 ad
372 4848 606 4913 aemulationem
634 4857 760 4913 naturae
789 4850 830 4912 sit
852 4858 1008 4933 coaptata.
1056 4848 1214 4923 Quomodo
1247 4848 1316 4930 qnid
1350 4866 1463 4931 quaeso
