3278 5542
657 301 668 331 ³
709 299 792 366 ‘im‘
809 300 852 353 ¹¹·
987 296 990 303 ’
1398 310 1460 379 133

188 454 293 518 Etiam
307 453 458 520 Satnmne
475 456 631 521 solitarius
647 467 696 521 est
714 480 877 543 amansque
896 463 1078 536 solitudinis,
1102 468 1191 548 plane
1214 477 1249 531 ut
1271 470 1335 551 ejus
1358 472 1460 552 anguli

97 543 251 606 rectitudo
274 564 333 607 non
357 553 461 626 potest
484 547 561 608 ferre
586 547 678 610 ullam
700 548 950 631 inaequalitatem
973 554 1021 615 vel
1049 558 1214 633 minimam,
1246 559 1330 638 cujus
1358 560 1460 640 gratia

98 631 258 712 multiplex
280 633 342 698 fiat.
382 633 498 697 Contra
511 634 631 714 Jupiter
650 658 666 698 e
690 656 801 717 genere
825 640 1005 704 infinitorum
1028 652 1182 707 acutomm
1206 666 1294 709 unum
1319 650 1460 728 angulum

98 729 207 783 nactus
230 721 385 802 popularis
408 722 477 785 ideo
501 724 600 785 factus
629 732 691 800 est,
721 729 875 791 moderate
904 735 1005 793 tamen
1029 740 1061 794 et
1083 741 1296 815 temperanter.
1342 736 1459 801 Auctor

98 809 176 873 enim
200 819 252 872 est
280 810 481 875 amicitiarum
508 812 723 878 honestiorum.
770 819 820 880 Ita
843 818 928 879 Mars
959 827 991 881 et
1013 820 1118 884 Venus
1150 823 1310 903 populares
1339 831 1371 888 et
1399 827 1459 906 ipsi

98 906 177 974 sunt,
203 899 259 961 sed
272 899 404 963 nimium.
437 900 657 964 Namobtueris
672 910 704 966 et
721 904 864 985 prodigus
888 906 1019 985 ipsorum
1044 912 1171 991 angulus
1194 911 1458 993 intemperantiam

98 994 194 1062 notat.
228 988 397 1051 Mercurius
421 989 458 1050 de
481 997 590 1052 natura
614 991 738 1055 Saturni
763 1003 794 1056 et
815 993 903 1056 Jovis
927 1003 975 1058 eet
998 998 1115 1060 ratione
1140 999 1252 1080 anguli.
1290 999 1332 1063 Et
1355 1010 1458 1067 amant

98 1075 211 1139 literati
235 1077 355 1157 quidem
377 1076 579 1154 solitudinem,
605 1081 660 1144 sed
681 1081 835 1145 inhumani
858 1090 1043 1148 tamennon
1067 1096 1149 1151 sunt.
1186 1089 1301 1152 Amant
1321 1109 1383 1167 eos,
1408 1091 1457 1172 qni

98 1163 204 1227 iisdem
220 1166 328 1230 studiis
343 1166 542 1249 oblectantur,
564 1169 740 1249 modumque
757 1178 897 1234 statuunt
919 1172 948 1234 in
964 1176 1253 1248 conversationibus,
1277 1177 1345 1259 plue
1368 1199 1457 1260 quam

98 1252 227 1336 Jupiter,
251 1255 334 1335 cujus
358 1254 455 1318 omnis
479 1255 559 1319 actio
583 1259 682 1320 estin
707 1260 852 1322 coetubus
876 1261 1027 1326 hominum
1050 1263 1186 1346 interque
1211 1276 1402 1347 purpuratos.

183 1343 306 1425 Jupiter
324 1350 357 1406 et
370 1343 476 1407 Venus
500 1344 638 1407 foecundi
661 1356 742 1409 sunt.
789 1347 871 1412 Sane
896 1350 965 1430 quia
987 1350 1106 1433 Jupiter
1130 1353 1204 1416 facit
1228 1356 1265 1416 ad
1290 1356 1458 1437 pleromm-

98 1449 152 1513 qne
176 1431 439 1517 compositionem,
463 1431 570 1497 Venus
594 1443 693 1498 autem
716 1436 804 1499 Jovis
828 1437 913 1517 qnasi
938 1439 1058 1504 soboles
1082 1450 1145 1517 est,
1177 1462 1244 1505 curn
1267 1463 1327 1505 una
1350 1444 1457 1508 Venus

98 1517 204 1600 riginu
227 1522 323 1584 Joves
347 1521 551 1584 breviusculos
575 1523 603 1584 iu
628 1543 661 1584 se
685 1526 847 1587 contineat
879 1526 1000 1607 Jupiter
1023 1538 1124 1592 autem
1146 1531 1175 1592 in
1199 1551 1299 1594 mares
1323 1533 1455 1613 aequior,

98 1607 202 1672 Venus
226 1610 256 1672 in
281 1610 448 1673 foeminae:
483 1612 560 1673 unde
589 1612 640 1674 ille
671 1633 735 1675 ruas
767 1614 894 1691 dicitur,
928 1615 1002 1679 haec
1027 1618 1168 1681 foemina.
1214 1620 1353 1702 Pyramia
1376 1621 1456 1684 enim

98 1696 205 1760 efficax
228 1705 294 1774 est,
328 1698 507 1763 icosaddrou
536 1700 674 1764 effectum
703 1710 735 1764 et
765 1703 895 1768 soboles.
942 1705 991 1767 Ex
1013 1707 1061 1768 hie
1085 1706 1194 1770 iisdem
1217 1708 1372 1790 principiis
1396 1710 1455 1773 ali·

98 1795 208 1868 quanto
236 1788 418 1876 explicatior
449 1807 543 1852 causa
569 1790 719 1865 redditur,
754 1810 845 1872 qnare
869 1794 1035 1856 Mercurius
1063 1795 1225 1876 promiscui
1248 1817 1338 1860 sexus
1361 1798 1402 1860 sit
1426 1805 1457 1861 et

98 1895 186 1958 quare
210 1877 241 1939 in
265 1877 469 1941 foecunditate
492 1877 662 1942 mediocris.

181 1964 270 2028 Jovia
292 1967 434 2047 primum,
464 1967 533 2029 dein
556 1965 696 2043 Saturni,
726 1975 758 2029 et
786 1967 904 2032 demum
927 1971 1070 2034 Mercurii
1097 1972 1302 2053 tranquillitas
1326 1978 1358 2035 et
1380 1992 1455 2036 cou-

98 2053 212 2118 stantia
234 2073 348 2118 morum
372 2064 421 2118 est
443 2076 462 2118 a
483 2055 638 2134 paucitate
662 2058 836 2138 planorum:
868 2057 998 2122 Veneris
1026 2068 1058 2122 et
1079 2062 1190 2123 Martis
1214 2060 1400 2124 turbulentia
1423 2069 1456 2125 et

98 2143 207 2207 levitas
230 2163 250 2204 a
271 2144 473 2208 multitudine.
515 2143 643 2208 Varium
667 2154 699 2208 et
720 2145 864 2208 mutabile
888 2167 1006 2228 semper
1029 2149 1167 2212 foemina.
1204 2150 1247 2212 Et
1270 2150 1365 2230 figura
1387 2149 1454 2210 Ve-

98 2232 174 2294 neris
198 2232 329 2295 omnium
352 2233 482 2296 maxime
505 2233 591 2295 varia
614 2242 647 2296 et
669 2233 820 2297 volubilis.
858 2235 960 2318 Atque
984 2236 1016 2299 hi
1038 2239 1151 2317 gradus
1175 2247 1260 2301 eunt:
1285 2238 1363 2300 unde
1387 2257 1453 2300 me-

98 2320 159 2383 dius
183 2320 367 2396 Mercurius,
392 2322 493 2384 media
515 2321 584 2384 fide.

181 2409 325 2473 Mercurii
349 2409 493 2473 versatile
517 2419 548 2472 et
571 2410 669 2474 celere
692 2411 843 2491 ingenium
864 2412 958 2474 refert
975 2413 1111 2476 octaedri
1128 2414 1291 2477 mobilitas.
1324 2414 1403 2477 Nam
1428 2412 1453 2476 si

98 2516 183 2580 snper
216 2499 292 2560 duos
324 2499 451 2578 angulos
480 2498 605 2572 volvas,
639 2506 767 2579 quatuor
800 2500 941 2562 continua
974 2501 1072 2563 latera
1099 2520 1153 2581 per
1181 2503 1312 2565 medium
1341 2503 1454 2582 figurae

98 2585 240 2650 directum
270 2587 329 2650 iter
355 2594 524 2650 transeunt.
581 2586 710 2650 Ceteras
740 2587 852 2667 figuras
885 2590 1149 2672 quomodocunque
1177 2592 1302 2666 volvas,
1335 2590 1453 2655 videbis

98 2694 145 2757 per
167 2676 300 2738 medium
323 2684 500 2739 transversa
523 2683 555 2736 et
577 2676 724 2755 impedita
746 2675 885 2740 incedere
909 2678 1015 2742 latera.

180 2765 266 2826 Mars
289 2764 392 2827 multis
415 2764 562 2827 lateribus
593 2764 737 2844 pauciora
765 2764 857 2846 plana
886 2766 993 2841 eflicit,
1026 2768 1131 2829 Venus
1157 2768 1283 2830 totidem
1308 2767 1452 2834 lateribus

98 2853 181 2934 plura
204 2853 315 2933 plana:
348 2853 459 2916 Martis
484 2853 575 2914 etiam
601 2852 686 2916 multi
717 2863 843 2916 conatus
872 2855 948 2917 irriti
976 2864 1065 2918 suut:
1100 2855 1204 2918 Venus
1228 2856 1385 2918 conatibus
1408 2855 1453 2919 illi

98 2960 157 3026 par,
181 2941 373 3022 prosperiore
397 2951 499 3005 tamen
523 2942 618 3004 utitur
641 2943 771 3004 fortuna.
813 2943 878 3005 Nec
901 2943 932 3005 id
955 2945 1062 3006 mirum
1085 2962 1153 3007 esse
1177 2945 1277 3008 debet.
1319 2944 1452 3007 Facilius

98 3030 170 3093 euim
193 3031 321 3094 choreae
341 3030 539 3095 instituuntur
558 3050 646 3111 quam
666 3030 756 3103 bella,
780 3041 811 3094 et
833 3050 890 3112 par
912 3041 987 3108 erat,
1013 3033 1101 3095 citius
1126 3034 1163 3094 ad
1187 3035 1276 3096 finem
1297 3035 1452 3113 pervenire

98 3137 221 3193 amores,
245 3138 334 3200 qnam
357 3119 434 3192 iras,
458 3119 529 3201 quia
551 3119 608 3180 hae
630 3119 782 3199 perimunt
805 3120 949 3197 homines,
974 3121 1017 3186 illi
1041 3122 1177 3203 gignunt.
1224 3122 1340 3186 Eodem
1361 3127 1451 3202 pacto

98 3207 259 3271 llercnrius
284 3206 417 3271 Saturno
441 3206 557 3270 felicior
581 3215 637 3271 est.
655 3210 681 3281 ⁰)

580 3384 625 3448 ΙΝ
650 3381 790 3448 CAPUT
811 3383 965 3450 NONUM

614 3506 730 3558 noran
750 3507 927 3560 sucronre.

167 3611 202 3684 a)
222 3616 333 3687 Loquor
352 3632 413 3670 curu
437 3615 597 3688 astrologis.
638 3616 710 3670 Nam
731 3616 754 3670 si
777 3633 866 3671 meam
890 3616 1057 3672 sententiam
1080 3617 1181 3680 dicam,
1205 3618 1298 3672 nullus
1321 3617 1451 3673 incaelo

98 3698 228 3753 nalehcus
243 3696 308 3750 mihi
321 3702 465 3751 censetur:
486 3696 568 3767 idque
582 3713 643 3750 cum
658 3698 693 3750 ob
709 3696 925 3760 alienationes,
948 3705 1006 3752 tum
1021 3698 1139 3752 maxime
1153 3704 1269 3766 propter
1282 3697 1362 3761 hanc,
1385 3698 1451 3769 quia

98 3776 204 3833 nominis
224 3775 310 3846 ipsius
330 3783 433 3830 natura
452 3784 496 3831 est
517 3776 561 3831 hic
580 3776 608 3830 in
628 3777 714 3830 Terra
733 3793 855 3840 versans,
882 3793 952 3848 quae
975 3777 1175 3831 radiationibus
1196 3777 1372 3846 planetarum
1386 3794 1449 3830 con·

98 3858 164 3913 riliat
187 3858 314 3911 effectum
334 3856 362 3910 in
376 3874 453 3919 seee;
475 3857 548 3910 sicut
566 3856 684 3918 auditus,
709 3856 859 3910 instructus
883 3857 1020 3911 facultate
1041 3857 1218 3929 dignoscendi
1240 3856 1448 3911 concordantias

98 3954 192 4000 *ocum
217 3936 347 3991 conciliat
361 3936 481 3991 musicae
496 3937 568 3991 hanc
581 3937 644 4001 vim,
668 3941 701 3989 ut
714 3936 765 3989 illa
783 3934 880 3991 incitet
894 3937 1054 3992 audientem
1073 3940 1107 3991 ad
1123 3937 1288 3991 saltandum.
1329 3936 1373 3990 De
1395 3937 1448 3991 hac

98 4035 117 4073 a
136 4017 185 4090 egi
200 4016 293 4071 multis
312 4017 340 4070 in
353 4032 522 4086 responso
541 4018 575 4070 sd
595 4017 707 4088 objecta
725 4016 853 4071 Doctcris
872 4017 1034 4072 Roeslini
1066 4022 1163 4071 eontra
1190 4017 1289 4072 librum
1309 4018 1343 4070 de
1364 4017 1451 4072 stella

98 4115 167 4162 rora,
191 4105 222 4152 et
236 4095 303 4151 alibi
317 4097 428 4167 passim,
443 4096 582 4167 etiamque
603 4097 629 4151 in
645 4097 692 4151 lib.
708 4097 755 4151 IV.
780 4097 1005 4153 Harmonicorum
1026 4098 1138 4168 passim,
1157 4097 1321 4166 praesertim
1344 4113 1405 4167 cap.
1421 4095 1449 4152 7.

165 4176 197 4243 b)
219 4179 280 4232 Hoc
298 4176 450 4249 allegorice
471 4177 644 4232 intellectum
664 4175 787 4247 physicis
809 4178 964 4234 rationibus
979 4178 1088 4232 defendi
1104 4183 1214 4246 potest:
1234 4183 1268 4232 ut
1284 4176 1309 4231 si
1322 4178 1374 4232 sub
1395 4175 1449 4231 odii

98 4260 223 4314 voeabula
245 4257 389 4312 discrimen
416 4258 606 4329 qualecunque
634 4256 811 4328 intelligatur
838 4258 916 4323 situs,
946 4265 1044 4323 motus,
1072 4257 1190 4321 luminis,
1219 4256 1328 4312 coloris.
1369 4256 1448 4321 Vide,

98 4345 183 4403 asten
203 4345 290 4408 caput
302 4337 428 4392 uldmnrn
441 4338 578 4392 Ptolemai
599 4337 825 4402 harmonicorum,
846 4339 893 4393 ubi
908 4339 1068 4409 prodierint,
1091 4353 1216 4409 quaeque
1235 4337 1263 4392 in
1284 4337 1312 4391 id
1331 4343 1448 4392 annota-

98 4419 180 4482 erum,
204 4417 368 4489 praesertim
386 4419 512 4473 nltimam
530 4433 618 4472 meam
639 4417 856 4488 speculationem
876 4421 911 4473 de
922 4419 1037 4484 ,Saturni
1056 4425 1086 4472 et
1098 4418 1197 4472 Martis
1211 4417 1312 4473 mutuis
1327 4417 1448 4471 excessi·

98 4516 136 4555 rus
157 4500 204 4553 vel
226 4498 388 4562 defectibus,
409 4499 486 4553 Joris
506 4514 573 4552 vero
593 4497 792 4554 mediocritate.
815 4491 852 4566 ³⁸)

165 4576 193 4646 c)
214 4578 277 4634 Etsi
297 4577 366 4632 nihil
394 4586 438 4633 est
457 4580 510 4632 hoc
530 4585 630 4648 caput,
659 4577 711 4631 uisi
738 4577 815 4632 lusus
839 4578 1036 4651 astrologicus,
1065 4595 1116 4632 nec
1141 4593 1207 4647 pars
1228 4575 1319 4647 operis
1340 4575 1446 4629 censeri

98 4660 178 4724 lebet,
200 4660 249 4713 sed
269 4674 419 4713 excursus:
441 4660 567 4713 conferat
586 4665 679 4713 tamen
700 4657 767 4712 illud
789 4659 877 4713 lector
897 4675 958 4713 cum
977 4656 1131 4713 Ptolemaei
1150 4657 1319 4721 rationibus,
1341 4655 1448 4710 tamin

98 4738 256 4802 letrabfulo,
278 4754 361 4810 quam
380 4738 409 4793 iu
423 4738 610 4813 Harmonicis:
632 4738 737 4793 ridebit
757 4744 866 4794 normes
880 4737 1057 4794 Ptolemaicis
1077 4755 1131 4793 non
1152 4736 1304 4802 inferiores,
1326 4752 1360 4792 ao
1373 4736 1445 4791 forte

98 4819 213 4875 saliares
234 4834 305 4874 esse.

674 4887 868 4907 ,n-a-——ffl
