3262 5550
136 272 197 342 184
376 337 383 349 ‚
647 272 758 338 Mysorii
778 274 977 342 cosmographlci

130 439 220 513 potul,
235 439 289 494 imo
303 439 409 493 clarem
425 438 612 492 astronomiae
626 437 723 491 merito
738 437 896 508 appellavi:
922 439 993 509 quod
1008 456 1044 492 ex
1059 438 1127 509 ipsis
1142 439 1263 495 motibus
1276 438 1382 495 Martis
1395 439 1492 512 liquido

131 519 325 584 demonstrari,
350 535 399 572 seu
422 517 494 572 Solis
518 535 565 571 sen
586 518 689 571 Terrae
711 526 813 572 motum
839 535 959 573 annuum
980 518 1106 591 regulari
1130 519 1203 573 oiroa
1227 519 1352 575 alienum
1375 527 1492 575 oentmm

133 600 280 673 aequantia
301 598 417 669 ejusque
440 598 675 652 eccentricitatem
699 599 807 652 orbitae
830 599 967 653 dimidium
991 600 1078 652 solum
1101 600 1206 654 babere
1226 599 1446 655 eooentricitatis
1460 601 1492 654 ab

134 681 293 737 auotoribus
315 679 445 733 creditae.

213 761 296 814 Vides
310 759 415 829 itaque,
438 760 526 813 lector
540 757 673 822 studiose,
692 757 788 811 libello
803 759 855 812 boo
874 758 980 812 semina
994 774 1093 828 sparsa
1107 774 1169 813 esse
1184 759 1304 814 omnium
1328 766 1360 815 et
1372 758 1490 831 singulo·

132 858 202 904 rum,
226 855 297 911 quae
311 857 348 893 ex
362 857 396 892 eo
410 845 534 908 tempore
555 837 582 890 in
597 838 766 892 astronomia
779 854 852 892 nova
866 846 895 891 et
913 839 999 910 vulgo
1014 839 1135 893 absurda
1158 857 1196 894 ex
1218 840 1381 896 uertissimis
1395 840 1490 895 Bralrei

133 919 372 977 observationibus
398 935 416 972 a
430 937 472 972 me
494 918 647 971 constituta
670 924 700 971 et
714 920 904 972 demonstrata
926 924 1007 972 sunt:
1033 919 1128 989 itaque
1152 936 1234 989 spero
1258 928 1288 974 te
1300 921 1396 992 jocum
1410 937 1490 976 meum

133 1003 181 1057 lib.
197 1002 244 1056 lv,
264 996 342 1070 (cap.
358 994 399 1062 7.)
414 1000 508 1054 Harm.
534 1000 568 1050 de
591 998 657 1052 meis
682 998 847 1069 imaginibus
868 1017 905 1053 ex
919 999 1009 1052 Procli
1029 998 1271 1070 paradigmatibus
1295 1001 1422 1073 delapsis
1443 1018 1489 1056 uon

134 1081 229 1155 iniqua
241 1096 360 1136 censura
373 1080 591 1152 flagellaturum.

721 1262 913 1275 ——..--=-—.

671 1422 791 1520 Caput
816 1421 962 1496 XXIII.

319 1582 376 1645 De
393 1581 486 1643 initio
505 1588 533 1643 et
544 1582 611 1662 fine
628 1581 741 1643 mundi
755 1582 967 1644 astronomica
986 1589 1015 1644 et
1034 1601 1116 1643 enac
1136 1578 1317 1646 Platonico.

226 1725 303 1786 Post
326 1723 440 1803 epulas,
466 1732 536 1802 post
560 1722 714 1785 fastidium
739 1743 776 1785 ex
798 1724 970 1793 saturitate,
994 1723 1150 1786 veniamus
1175 1725 1213 1786 ad
1236 1725 1377 1788 bellaria.
1422 1726 1484 1788 Pro·

138 1815 273 1877 blemata
295 1813 353 1873 duo
367 1830 446 1891 pono
460 1813 582 1876 nobilia.
616 1813 750 1875 Primum
773 1820 822 1874 est
844 1814 881 1874 de
906 1813 1051 1893 principio
1074 1821 1193 1888 motus;
1217 1815 1348 1876 alteram
1372 1815 1409 1876 de
1429 1815 1480 1876 fine

140 1902 231 1967 Certe
255 1919 314 1963 nou
337 1909 450 1962 temere
474 1902 558 1964 Deus
582 1901 716 1963 instituit
738 1910 848 1976 motus,
874 1903 927 1963 sed
952 1903 990 1964 ab
1014 1921 1072 1964 uno
1097 1904 1225 1983 quodam
1248 1912 1333 1964 certo
1356 1903 1483 1983 principio

140 2000 172 2055 et
194 1989 304 2053 illustri
329 1990 486 2052 stellarum
509 1991 733 2069 conjunctione,
758 1991 843 2053 etin
867 1991 952 2053 initio
976 1991 1106 2065 zodiaci,
1131 1992 1209 2072 quod
1233 1999 1355 2054 creator
1376 2012 1429 2080 per
1445 1992 1481 2053 in-

139 2080 331 2142 oliuationem
346 2079 475 2141 Telluris
500 2079 641 2142 domicilii
665 2080 760 2142 nostri
785 2080 910 2155 effinxit,
935 2079 1005 2158 quia
1029 2078 1129 2141 omnia
1151 2089 1275 2160 propter
1297 2080 1481 2154 bominem.·)

139 2170 246 2232 Annus
269 2169 362 2247 igitur
386 2166 502 2231 Christi
530 2165 613 2234 1595
638 2168 664 2229 si
688 2170 838 2231 referatur
861 2169 891 2230 iu
916 2166 1004 2231 5572
1035 2168 1135 2231 mundi
1160 2169 1225 2248 (qui
1248 2171 1442 2232 communiter
1458 2176 1481 2231 et

139 2280 158 2320 a
180 2255 404 2338 probatissimis
434 2255 520 2320 5557
545 2261 715 2332 censetur),
750 2257 851 2319 veniet
874 2257 987 2318 creatio
1011 2256 1041 2318 in
1065 2257 1215 2320 illustrem
1242 2259 1481 2321 constellationem

45 2354 47 2359 '
139 2348 168 2409 in
192 2346 337 2426 principio
355 2344 443 2421 Yl).
476 2348 555 2410 Nam
580 2366 658 2408 anuo
681 2347 776 2428 primo
800 2346 928 2408 assumti
951 2346 1075 2420 pomeri,
1101 2347 1149 2408 die
1172 2346 1288 2426 Aprilis
1313 2345 1366 2410 27.
1380 2348 1479 2409 Juliauo

14 2460 25 2473 ’
71 2447 73 2452 ’
139 2442 220 2498 retro
236 2441 420 2514 computate,
446 2436 641 2516 leriaprima,
668 2436 716 2516 qui
740 2435 804 2498 dies
828 2435 990 2497 creationis
1010 2436 1140 2499 omnium
1164 2443 1223 2508 est,
1247 2434 1324 2497 hora
1347 2435 1480 2503 undecima

57 2570 63 2579 ‚
141 2523 275 2587 meridiei
294 2523 467 2598 Borussiae‚
493 2544 569 2606 quae
593 2532 642 2586 est
665 2533 755 2587 sexta
777 2525 950 2605 vespertina
973 2525 1003 2585 iu
1026 2524 1124 2597 Indis,
1148 2525 1221 2586 talis
1244 2523 1404 2587 exhibetur
1423 2521 1479 2586 coeli

141 2613 235 2676 facies
259 2633 278 2675 a
300 2613 461 2675 Prutenico
485 2613 611 2676 calculo.

676 2699 716 2778 Θ
808 2697 853 2763 3⁰
928 2699 985 2776 t.

683 2792 709 2861 I>
808 2786 827 2851 3

687 2874 707 2955 ij
789 2874 828 2940 15

679 2966 709 3040 ld
785 2965 827 3029 10

685 3062 711 3124 d
783 3049 827 3117 24

683 3141 708 3215 Ω
788 3139 827 3204 10

686 3232 708 3306 a
809 3225 829 3292 ³
928 3230 964 3306 Υ

679 3324 712 3389 a
788 3316 828 3382 18

231 3456 334 3517 Motus
358 3463 398 3526 ὁ,
433 3455 458 3527 Ω
483 3464 514 3516 et
536 3462 568 3527 Ω
591 3458 744 3538 paulisper
768 3479 884 3522 morare
914 3467 967 3521 aut
994 3475 1152 3539 promove,
1187 3465 1219 3518 et
1241 3457 1366 3519 venient
1388 3457 1417 3519 in
1440 3458 1497 3517 loca

142 3552 282 3624 cognata,
308 3553 340 3606 et
363 3545 440 3605 forte
464 3550 496 3614 ,ti
519 3545 550 3605 iu
574 3545 595 3609 0
620 3557 666 3611 Ε
691 3549 729 3609 ad
752 3550 792 3620 b.
841 3546 979 3629 Scaliger
1001 3547 1079 3609 male
1103 3547 1287 3608 novilunium
1311 3547 1388 3609 vult.
1429 3546 1500 3608 llam

142 3634 231 3696 Luna
258 3633 288 3694 in
311 3639 497 3713 potestatem
527 3636 624 3698 noctis
653 3636 775 3699 condita
802 3647 890 3699 nocte
914 3637 1015 3719 utique
1038 3635 1137 3716 prima
1160 3635 1254 3697 fulsit.
1301 3634 1500 3697 verisimilius

141 3723 259 3785 initium
283 3722 419 3784 calculus
440 3721 544 3784 multis
567 3732 647 3786 retro
671 3744 819 3807 porroque
839 3727 925 3787 annis
941 3745 998 3788 uon
1015 3724 1200 3805 suppeditat.
1236 3722 1298 3786 Sed
1323 3723 1348 3786 si
1374 3725 1503 3786 rationes

142 3831 320 3891 sequamur,
349 3817 470 3890 oportet
492 3812 549 3873 hoc
572 3812 707 3888 initium,
739 3812 778 3891 Θ
803 3815 832 3875 in
857 3825 904 3880 a·
928 3821 1090 3889 versante,
1120 3832 1284 3894 quaerere,
1316 3832 1424 3895 nempe
1451 3815 1504 3875 hac

142 3900 218 3962 coeli
242 3900 332 3961 facie.

230 3983 898 4065 s,u,s‚u:c⁰u;u:0⁰s;n‚
926 3990 965 4066 Q,
991 3992 1026 4065 t,
1053 3988 1110 4067 Θτ
1136 3986 1268 4054 0⁰2.

233 4075 311 4136 Vult
332 4075 388 4136 boc
411 4084 545 4136 veterum
571 4079 755 4151 auctoritas,
790 4081 930 4141 mundum
958 4078 987 4140 in
1012 4088 1154 4140 autumno
1179 4086 1335 4153 creatum,
1370 4087 1404 4141 et
1432 4079 1508 4141 ratio

143 4162 212 4242 ipsa
236 4182 272 4222 ex
289 4161 463 4242 Cupernico‚
489 4172 523 4223 ut
546 4164 647 4226 Tellus
672 4165 727 4227 sub
752 4168 857 4228 eodem
880 4167 965 4229 initio
990 4174 1062 4236 stet,
1087 4186 1144 4246 quo
1168 4167 1285 4247 reliqui.
1302 4170 1330 4241 θ)
1364 4167 1508 4249 Appare-

143 4250 219 4311 bunt
241 4249 333 4328 igitur
354 4253 524 4328 superiores
549 4252 577 4312 in
592 4252 637 4329 Υ,
661 4253 818 4316 inferiores
842 4264 874 4316 et
893 4253 933 4333 Θ
957 4255 985 4316 in
1007 4264 1067 4330 ὲ,
1094 4256 1181 4317 Luna
1200 4275 1265 4317 cum
1287 4255 1371 4318 circa
1386 4257 1509 4319 Terram

144 4337 194 4410 sit,
218 4357 313 4417 neque
337 4338 366 4398 in
390 4337 425 4413 Υ
449 4358 544 4420 neque
568 4340 596 4401 in
619 4352 666 4406 ἐξ,
686 4345 840 4422 competit,
864 4363 901 4404 ne
926 4344 1027 4405 turbet
1051 4363 1203 4405 numerum
1228 4345 1395 4408 temarium
1419 4364 1509 4425 supe·

142 4425 252 4488 riorum
276 4435 307 4486 et
329 4425 509 4503 inferiorum,
536 4437 567 4489 et
582 4428 652 4491 Sole
673 4431 828 4493 occidente
854 4433 912 4507 (sic
937 4433 1014 4493 enim
1034 4433 1173 4494 conditus
1189 4434 1317 4495 mundus
1337 4438 1403 4508 est)
1430 4433 1510 4496 nocti

143 4514 248 4576 nullibi
271 4513 382 4575 rectius
414 4515 599 4591 dominatur,
634 4537 723 4599 quam
752 4540 789 4581 ex
817 4521 914 4582 medio
943 4521 1037 4595 coeli,
1071 4521 1150 4601 quod
1175 4528 1222 4582 est
1246 4518 1277 4583 0.
1302 4527 1347 4600 5.
1399 4523 1510 4604 Sicque

106 4660 109 4665 ,
143 4602 256 4680 poterit
279 4602 307 4661 in
332 4601 456 4683 epicycli
481 4623 597 4666 summa
621 4606 725 4667 abside
749 4610 924 4670 consistere.
963 4608 1005 4670 Et
1029 4609 1099 4689 quia
1122 4609 1202 4671 orbis
1228 4609 1294 4688 ejus
1319 4612 1510 4674 adventitius

144 4697 201 4763 est,
225 4689 370 4752 sortiatur
394 4699 424 4752 et
448 4691 515 4771 ipsa
538 4694 736 4757 adventitium
761 4705 791 4757 et
815 4699 997 4777 peculiarem
1020 4699 1112 4760 situm
1135 4697 1282 4777 principii.
1320 4700 1510 4763 Lunatioues

144 4777 237 4839 etiam
260 4777 325 4857 ejus
349 4777 492 4842 nobilitas
515 4789 548 4842 et
574 4783 655 4845 lama
683 4783 761 4847 inter
788 4786 936 4863 homines,
971 4786 1215 4867 lunationumque
1242 4787 1408 4867 potissima
1431 4808 1508 4873 qua-
