3278 5542
142 310 209 377 280
595 306 627 358 la
645 305 716 372 Apol.
736 304 815 370 Tyoh.
839 310 928 357 confla
944 300 1036 357 Ursum

222 472 309 534 Nunc,
332 486 392 523 cnm
412 469 447 522 lis
468 474 496 522 te
518 467 589 522 inter
610 474 640 523 et
653 469 811 539 Tychenem
832 486 886 523 non
902 483 1035 538 personas
1050 468 1180 532 attineat,
1204 469 1253 522 sed
1267 466 1296 521 in
1309 465 1503 537 philosophiae

143 555 202 609 iero
216 559 350 613 versetur,
373 567 423 602 nec
438 549 473 602 ab
489 567 521 601 ee
541 548 631 617 pessit
651 549 761 603 excludi
775 549 859 611 ullus,
881 548 927 619 qui
942 547 1084 602 scientiam
1100 549 1284 605 humanarum
1297 546 1499 618 &vicinumque

143 650 233 688 rernm
254 638 343 694 amat,
367 629 432 699 qnia
452 629 632 698 philosophia
654 646 793 683 commune
814 629 927 699 generis
943 627 1055 682 humani
1076 630 1177 683 honum
1191 633 1248 683 est:
1271 645 1323 681 nec
1343 642 1431 699 aegre
1444 626 1500 688 tibi,

142 712 244 768 homini
265 710 438 781 philosopho,
460 724 514 778 ego
536 709 638 771 iacere,
662 727 712 762 nec
733 716 764 762 ιιι
784 709 849 762 ιιιίΙιί
872 727 924 762 non
947 709 1093 780 ignoscere
1114 709 1233 778 poteris,
1256 707 1280 761 si
1301 707 1430 777 partibus
1450 706 1501 777 Ty·

141 792 235 847 ebonis
257 789 392 858 susceptis
419 798 448 841 te
475 789 584 857 publice
605 789 764 859 loquentem
795 788 905 860 publice
926 806 1035 860 quoque
1057 788 1132 843 intra
1152 786 1353 859 philosophiae
1374 784 1501 843 terminos

54 866 56 871 ’
143 874 280 943 alloquar.
322 871 393 923 Nam
416 885 475 921 cum
497 885 532 921 ea
560 875 656 922 aetate
678 869 742 932 sim,
771 876 803 922 ut
829 872 862 922 de
884 870 1003 922 veritato
1029 885 1119 922 rerum
1145 867 1316 924 naturalium
1337 864 1502 921 certissimus

138 954 199 1024 jam
220 968 291 1005 nunc
312 967 373 1002 esse
395 965 537 1018 nequeam,
559 966 595 1003 ea
615 966 680 1003 vere
703 949 884 1019 propensione
905 949 1012 1010 mentis,
1033 957 1066 1002 ut
1086 951 1122 1002 ad
1142 948 1332 1020 indagandam
1350 962 1414 1000 eam
1434 946 1503 999 reri·

143 1040 230 1088 tatem
256 1031 324 1084 nihil
351 1029 415 1082 mihi
443 1046 497 1082 non
523 1032 685 1083 tentandum
711 1046 772 1082 esse
800 1036 907 1098 putem;
937 1047 1026 1098 neque
1047 1028 1186 1099 Tychcnis
1213 1030 1325 1083 labores
1347 1032 1380 1080 et
1398 1026 1503 1097 placita

144 1118 318 1168 contemnere
340 1108 427 1179 potui,
450 1125 522 1179 qnae
543 1110 637 1181 magni
658 1109 685 1162 in
707 1115 768 1163 tota
788 1109 966 1178 philosophia
985 1109 1113 1163 momenti
1134 1126 1197 1163 esse
1218 1109 1394 1170 ridebantur,
1415 1124 1503 1176 neque

142 1210 213 1264 quae
235 1199 265 1245 tu
287 1197 383 1243 contra
403 1205 453 1258 pro
474 1189 671 1243 aristotelicae
693 1196 786 1243 sectae
810 1190 978 1243 auctoritato
997 1189 1167 1257 proferebas,
1190 1188 1346 1259 negligere.
1391 1188 1439 1240 Ex
1453 1187 1501 1240 hoc

142 1273 214 1327 enim
235 1269 434 1324 contrariorum
455 1268 527 1323 inter
547 1287 577 1322 se
599 1270 724 1323 condictu
752 1270 889 1323 scintillae
916 1269 1006 1322 solent
1038 1268 1100 1322 elici
1122 1271 1156 1323 ad
1177 1268 1330 1323 excitanda
1350 1266 1502 1320 clarissima

147 1354 199 1407 illa
220 1350 348 1405 veritatis
380 1348 512 1402 incendia.
556 1351 633 1412 Quae
656 1367 719 1403 vero
741 1349 806 1413 mihi
832 1349 1014 1419 pensiculatis
1041 1348 1183 1419 utriusque
1211 1347 1300 1419 partis
1331 1345 1504 1419 argumentis

142 1433 309 1491 viderentur,
333 1431 367 1482 ad
389 1437 417 1482 te
439 1428 527 1497 ipsum
549 1431 720 1498 perscribere
741 1430 829 1491 volui,
859 1429 936 1499 quia,
963 1428 1016 1482 etsi
1037 1429 1101 1499 qnid
1129 1429 1221 1500 inique
1247 1428 1275 1482 in
1295 1433 1349 1483 tua
1368 1429 1508 1498 dogmata

143 1511 239 1575 statui,
262 1512 286 1563 id
310 1516 337 1562 te
360 1509 419 1578 ipso
440 1526 519 1562 nemo
540 1511 641 1563 rectius
663 1512 758 1570 diluet,
780 1517 810 1562 et
830 1509 1001 1563 indicandum
1023 1509 1073 1562 tibi
1095 1516 1165 1573 erat,
1187 1527 1241 1564 non
1262 1508 1324 1561 ideo
1346 1507 1436 1569 nohis,
1459 1508 1513 1578 qui

141 1590 280 1663 Tychenis
305 1589 550 1659 philosophemata
570 1607 778 1660 receperamus,
808 1591 852 1642 vel
875 1605 1021 1643 excussam
1041 1591 1086 1643 rel
1107 1589 1178 1644 omni
1203 1588 1312 1643 ratione
1340 1587 1515 1644 destitutum

141 1690 220 1734 esse,
244 1671 314 1741 qnod
345 1669 464 1722 futurum
486 1670 611 1732 dixeras,
641 1670 784 1740 pristinam
810 1671 885 1723 illam
907 1669 1075 1738 opinionem,
1102 1670 1167 1739 quia
1192 1686 1210 1724 a
1235 1676 1264 1722 te
1284 1668 1363 1722 illam
1390 1667 1514 1723 arietari

142 1752 265 1805 vidimus.
308 1750 345 1802 Ut
370 1756 462 1802 autem
482 1750 600 1818 publicis
621 1750 697 1821 typis
723 1751 748 1803 id
775 1751 865 1813 teret,
898 1749 1036 1819 Tychcnis
1057 1749 1172 1804 arbitrio
1199 1748 1372 1803 commissum
1393 1747 1458 1812 fnit,
1484 1764 1513 1803 ι

143 1850 195 1903 quo
217 1829 282 1884 facti
304 1828 439 1891 rationes,
469 1831 509 1883 uti
531 1848 611 1899 spero
633 1849 686 1884 non
709 1831 857 1894 absurdas,
890 1830 994 1883 audies.
1037 1833 1078 1882 Ac
1099 1847 1166 1884 sane
1188 1829 1253 1901 qnia
1275 1835 1306 1883 tn
1327 1828 1430 1883 librum
1449 1829 1509 1898 Ty·

143 1913 246 1973 chonis,
269 1926 348 1981 quern
370 1911 527 1964 accuratius
550 1919 578 1965 te
600 1911 703 1981 legisse
726 1928 826 1981 negas,
855 1910 1029 1964 nihilominus
1059 1911 1181 1965 omnibus
1203 1909 1307 1987 ingenii
1329 1909 1435 1963 viribus
1456 1926 1506 1979 op-

142 2008 267 2063 pugnas,
299 1997 328 2043 et
349 2006 419 2059 quae
447 1999 545 2045 contra
570 1991 660 2044 dicere
688 1991 817 2060 potuisti,
849 1991 992 2045 Germanis
1014 1991 1130 2055 nestris,
1156 1997 1189 2046 ut
1208 1988 1353 2061 intelligo,
1383 1990 1503 2061 legenda

143 2071 342 2126 communicas:
366 2086 467 2138 operae
488 2072 608 2140 pret-inm
629 2072 695 2133 erit,
718 2072 740 2124 si
761 2090 797 2125 ex
819 2070 1008 2140 publicatione
1029 2088 1151 2125 mearum
1171 2070 1365 2142 pagellarum,
1387 2070 1434 2141 qni
1453 2077 1500 2123 tua

142 2151 279 2205 incautius
301 2151 444 2219 legerunt,
476 2151 651 2220 intelligant,
682 2153 797 2206 multum
820 2152 869 2204 tibi
900 2153 934 2203 ad
955 2151 1101 2205 veritatem
1128 2150 1350 2222 perspiciendam
1378 2149 1496 2205 nocuisse

143 2248 267 2285 securam
289 2230 363 2283 illam
386 2229 413 2282 in
434 2231 572 2300 Tychonis
593 2231 689 2284 libello
711 2232 830 2302 legende
851 2231 1062 2302 negligentiam.

222 2312 329 2364 Necte
351 2309 488 2379 Tychonis
509 2313 726 2386 πολυῤῥητορια,
747 2327 801 2380 qua
821 2314 854 2365 de.
868 2312 1015 2381 -querelam
1036 2310 1168 2372 instituis,
1190 2316 1317 2365 excusat.
1360 2309 1423 2365 Noa
1441 2326 1515 2383 coar.

143 2391 263 2445 sistimus
286 2391 320 2442 ad
342 2388 465 2442 tribunal
485 2391 584 2445 morosi
602 2390 718 2460 judicis,
749 2391 794 2461 qui
815 2392 908 2445 taedio
936 2409 973 2444 ex
1003 2390 1201 2460 multiplicibus
1222 2390 1344 2461 querelis
1371 2396 1488 2459 concepto

139 2479 189 2526 aut
211 2486 343 2538 respuere
365 2486 414 2522 nos
436 2471 525 2539 possit
556 2477 605 2524 aut
626 2471 700 2524 intra
720 2472 864 2525 verborum
885 2488 1025 2525 nnmerum
1047 2487 1157 2541 cogere.
1199 2471 1324 2542 Magnae
1346 2478 1413 2525 sunt
1431 2486 1488 2524 men·

139 2553 175 2607 tis
198 2560 309 2604 nostrae
331 2550 473 2613 tenebrae,
496 2557 646 2605 contumax
669 2551 815 2605 memoriae
837 2551 960 2612 durities,
985 2568 1056 2621 quae
1067 2556 1100 2604 ut
1120 2551 1279 2620 exemplum
1302 2551 1399 2621 capiat
1412 2566 1488 2604 eomn

140 2646 212 2704 quae
234 2632 382 2691 docentur,
413 2631 505 2684 multis
528 2631 627 2685 ictibus
649 2648 718 2700 epus
745 2639 799 2686 est.
841 2634 897 2686 Res
926 2632 988 2700 ipsa
1009 2647 1123 2701 magna,
1152 2630 1291 2700 pretiosa,
1323 2628 1487 2691 honorabilis,

140 2710 255 2771 nobilis,
277 2709 384 2771 divina,
414 2711 519 2764 veritas
541 2728 638 2781 nempe
660 2717 689 2763 et
710 2712 841 2775 scientia;
868 2728 938 2782 quae
961 2712 1092 2781 temporis
1108 2711 1249 2780 jacturam
1271 2710 1370 2775 facile,
1399 2711 1422 2765 si
1440 2725 1486 2780 per·

138 2791 282 2861 vestigata
302 2789 394 2849 fuerit,
417 2800 584 2859 compensat.
626 2792 684 2845 Nec
704 2792 812 2854 dubito,
836 2809 942 2861 quaes
963 2791 1068 2862 ingenii
1090 2791 1276 2860 praestantia,
1302 2790 1328 2844 si
1349 2787 1486 2846 tantamir
1509 2820 1516 2829 ·

142 2870 320 2940 Tychoniano
337 2869 406 2923 libro
422 2872 613 2941 prolixitatem
635 2889 768 2940 superare
789 2874 942 2941 potuisses,
966 2879 1073 2941 quanta
1093 2872 1138 2924 vel
1159 2871 1316 2925 felicissimo
1338 2869 1485 2942 ingeniosi

139 2968 174 3004 ea
195 2967 265 3020 quae
287 2950 415 3004 dicuntur
436 2952 620 3022 intelligenda
640 2969 708 3020 opus
731 2959 786 3014 est,
819 2952 882 3022 quin
904 2955 1015 3005 tandem
1035 2951 1162 3005 veritatis
1192 2952 1314 3022 aliquam
1336 2951 1486 3022 suscepisses

139 3031 260 3100 effigiem
281 3030 434 3099 mentisque
459 3032 590 3085 tenebras
612 3032 782 3100 dispulisset.
825 3037 866 3086 Ac
895 3033 959 3086 mihi
990 3049 1071 3096 sane,
1102 3040 1134 3085 ut
1153 3049 1248 3086 rerum
1270 3032 1371 3095 dicam,
1402 3032 1486 3085 minore

139 3111 238 3163 mentis
260 3110 413 3163 intentione
442 3119 620 3181 temporeque
649 3113 775 3166 constitit
795 3113 881 3166 totius
903 3113 1040 3183 Tychonis
1071 3112 1134 3166 libri
1163 3119 1193 3165 et
1213 3111 1366 3183 apologiae
1393 3110 1486 3182 prolixa

139 3189 230 3251 lectio,
257 3206 338 3259 quam
360 3190 554 3259 Copnuraniae
576 3200 658 3254 tuae,
692 3193 783 3245 nescio
805 3211 840 3246 ex
864 3211 916 3262 quo
939 3199 1041 3263 arguto
1068 3193 1175 3262 pulpito
1197 3193 1224 3246 in
1246 3193 1319 3246 hanc
1340 3190 1504 3263 disputatio,

140 3286 201 3324 nem
223 3287 276 3322 non
297 3270 368 3322 bene
390 3271 524 3325 arcessita
545 3272 672 3325 concisio.
716 3273 771 3326 Res
793 3273 867 3343 ipsas
889 3273 937 3327 rix
958 3274 1096 3343 capimus,
1117 3278 1146 3326 et
1167 3280 1198 3326 tu
1218 3275 1366 3327 verborum
1385 3268 1483 3344 gryphis

140 3350 253 3418 insuper
274 3350 388 3418 ingenia
409 3352 531 3405 cruciare
549 3351 653 3419 jubes?

219 3430 272 3483 Sed
295 3432 406 3485 adrem
427 3432 577 3485 veniamus.
619 3431 755 3501 Principio
783 3433 908 3487 candoris
939 3433 990 3487 tibi
1016 3434 1126 3487 laudem
1157 3432 1263 3496 tribuo,
1294 3433 1341 3502 qui
1372 3443 1483 3487 summm

139 3509 251 3564 intimae
272 3518 338 3563 tuae
360 3512 519 3565 intentionis
550 3512 576 3565 in
599 3513 688 3565 fronte
719 3513 805 3580 ponis.
850 3516 1008 3567 Auctoritas
1030 3531 1086 3567 una
1107 3520 1151 3567 tot
1171 3520 1296 3567 aetatum
1325 3512 1377 3566 tibi
1397 3513 1482 3568 obstat

57 3621 68 3645 s
140 3590 202 3644 huic
224 3608 316 3643 omnes
338 3592 442 3661 ingenii
463 3592 544 3656 vires,
566 3593 630 3646 huic
651 3600 738 3646 toturn
760 3593 831 3646 huno
853 3594 976 3647 laborem
991 3594 1133 3647 devovisti.
1175 3594 1213 3648 Et
1226 3593 1371 3664 qnisquam
1385 3592 1482 3647 subiet

141 3688 175 3724 an
197 3672 407 3726 mathematicas
429 3673 685 3734 demonstrationes,
708 3689 776 3743 quas
798 3675 937 3743 proponis,
961 3674 1019 3742 ipse
1035 3674 1194 3744 perspicias,
1217 3674 1296 3742 cuins
1317 3691 1396 3728 omne
1411 3674 1482 3727 lunen

138 3751 221 3804 animi
243 3752 294 3805 hcc
316 3752 490 3823 antiquitatis
512 3755 620 3823 pallore
643 3755 774 3806 imbutum
797 3759 860 3807 est?
901 3759 945 3806 An
969 3753 1054 3825 igitur
1083 3755 1149 3808 mihi
1170 3753 1360 3818 succensebis,
1392 3754 1415 3807 si
1434 3765 1483 3823 quo·

138 3831 190 3885 ties
214 3832 354 3899 pulverem
375 3835 573 3902 geometricum
595 3832 728 3903 attinges,
751 3834 817 3886 illud
839 3834 880 3887 tui
901 3834 999 3896 divini,
1023 3852 1082 3888 cum
1104 3835 1197 3888 oculos
1220 3833 1320 3904 aperit,
1343 3826 1482 3889 Aristotelis

138 3911 188 3964 tibi
214 3927 361 3978 reponam,
394 3921 422 3966 et
444 3915 583 3968 intereos
605 3921 633 3967 te
655 3914 789 3976 referam,
812 3917 845 3967 de
867 3914 964 3985 quibus
987 3915 1125 3984 queritur.
1149 3917 1220 3985 quod
1242 3933 1307 3969 nen
1330 3914 1483 3986 quaerant

136 3989 296 4043 rationes
326 3999 359 4045 et
390 4010 519 4047 causas
551 3997 590 4047 ad
613 4011 654 4047 ea
690 4011 777 4064 quae
809 4003 990 4067 apparent
1017 3997 1200 4049 reddenda
1228 4003 1263 4049 et
1290 3995 1483 4050 efficienda:

138 4071 196 4122 sed
218 4071 256 4122 ad
285 4069 571 4142 praecon'ceptas
603 4091 683 4147 suns
715 4077 883 4144 quasdam
914 4075 1099 4145 opiniones
1127 4085 1162 4129 ct
1191 4076 1482 4131 ratiocinationes

138 4150 228 4220 qualis
250 4156 294 4203 est
321 4160 371 4205 tna
401 4155 434 4207 de
456 4155 623 4223 antiquitate
651 4156 810 4223 persuasio,
843 4157 924 4225 ipso
951 4157 1204 4225 phaenomena,
1235 4163 1269 4211 ut
1295 4163 1327 4211 tu
1349 4175 1400 4219 ea,
1430 4164 1483 4226 quw

137 4231 326 4285 mathematici
358 4233 385 4285 in
416 4240 539 4287 cornetae
570 4240 645 4288 motu
675 4236 929 4303 deprehenderunt,
963 4237 1151 4290 violenter
1182 4240 1439 4292 accommodant
1460 4233 1484 4284 tl

138 4311 340 4367 conciliare
371 4320 561 4367 conentur?
604 4316 674 4376 Quid
705 4314 767 4368 ais?
809 4320 853 4368 An
882 4318 1031 4370 etiamnum
1053 4319 1167 4370 mundus
1199 4316 1249 4371 tibi
1283 4324 1415 4377 aeternus
1438 4311 1483 4369 esti

138 4391 185 4446 Sol
207 4391 280 4444 infra
301 4384 325 4447 Q
347 4400 378 4445 et
402 4386 422 4449 Q
445 4400 505 4447 est?
546 4395 712 4464 Principium
734 4413 878 4449 nervorum
900 4397 926 4449 in
949 4398 1028 4450 corde
1050 4403 1110 4451 est?
1153 4397 1223 4459 Quia
1246 4396 1272 4451 id
1295 4397 1376 4453 scirit
1396 4397 1485 4453 eruto

138 4472 217 4534 teies,
240 4473 342 4542 vulgus
365 4474 545 4543 approbavit,
576 4493 630 4528 nox
653 4476 709 4529 ista
729 4484 881 4544 tmporuni
904 4483 945 4530 tot
966 4479 1061 4530 secula
1081 4479 1169 4549 longa
1189 4478 1392 4533 consolidavit?
1432 4468 1486 4540 Quid

138 4551 224 4621 igitur
245 4553 305 4605 Deo
327 4554 436 4624 gratias
458 4556 566 4624 agimus
589 4556 725 4624 quotidie,
753 4556 798 4625 qui
820 4557 950 4626 dispulsis
982 4554 1037 4610 illis
1065 4558 1187 4611 tenebris
1217 4575 1276 4612 curn
1308 4558 1337 4612 in
1367 4558 1487 4631 religiose

139 4639 195 4684 tum
218 4631 244 4684 in
267 4633 373 4686 artibus
395 4642 424 4687 et
447 4636 532 4689 literis
556 4636 733 4690 clarissimam
755 4637 919 4705 cognitionis
942 4655 1069 4692 auroram
1084 4639 1245 4703 reduxerit?
1286 4642 1333 4692 An
1354 4639 1487 4693 etiamnum

138 4717 294 4775 stertemus‚
317 4731 376 4767 cnm
395 4713 454 4782 jam
476 4717 581 4769 clarum
603 4734 681 4770 mane
703 4720 840 4770 fenestras
863 4718 968 4772 intrat?
998 4723 1041 4771 An
1057 4720 1115 4772 heri
1138 4736 1230 4772 omnes
1246 4727 1368 4773 naturae
1390 4720 1488 4774 thessa·

137 4808 183 4845 ros
205 4794 339 4847 exhausit
359 4796 540 4859 Aristoteles,
564 4805 595 4849 ut
617 4797 695 4850 hodie
717 4796 784 4850 nihil
807 4799 945 4866 supersit?
988 4804 1031 4852 An
1053 4800 1104 4853 tibi
1125 4802 1221 4852 durum
1243 4799 1367 4865 videtur,
1388 4808 1421 4854 ut
1440 4812 1489 4852 cas·

138 4872 268 4927 antivisse
291 4873 317 4927 in
340 4876 433 4930 multis
454 4884 563 4931 veteres
585 4878 724 4932 dicamus?
767 4876 852 4945 Cujus
884 4895 952 4950 ergo
974 4886 1038 4953 sunt
1059 4881 1115 4934 ista
1135 4880 1234 4933 verba:
1266 4896 1380 4954 „pauca
1404 4874 1490 4936 mestit
