3278 5542
753 285 837 350 cepa
855 285 876 336 1.

132 441 247 499 hcscst
269 444 475 517 adlongicresn
497 461 593 501 ιιιιιι
616 446 806 502 deductionem
830 446 988 502 ιιιιιιιιιιι
1003 446 1062 509 via,
1083 454 1223 518 spectent,
1248 465 1330 520 quam
1354 453 1388 503 ed
1404 467 1503 506 noram

133 521 258 594 aliquam
272 525 527 581 conformationem:
550 527 616 598 quia
632 528 703 581 utin
718 527 928 582 Commentariis
943 527 1042 581 Martis
1057 528 1158 582 alicubi
1173 528 1247 584 dixi:
1273 530 1502 599 Coperuicus

133 620 281 660 suarum
303 605 380 676 ipse
401 606 609 662 divitiarum
632 607 705 662 fuit
724 607 880 679 ignarus.

216 679 248 753 ι)
270 685 419 743 semiim·
440 686 523 756 hujus
546 704 650 757 operae
672 688 768 751 moles,
798 689 869 759 quod
893 686 1078 742 astronomica
1101 686 1211 749 attinet,
1246 687 1274 742 in
1297 689 1501 746 commentaria

135 763 237 818 hlartis
251 765 391 829 incubuitr
415 766 444 822 in
457 767 580 839 physicis
595 785 661 822 vero
676 784 726 822 seu
740 767 939 838 metaphysicis
959 768 1131 838 argumentis
1146 769 1324 839 corrogandis
1340 770 1428 824 fusior
1441 788 1502 826 sum

135 843 164 898 in
176 844 322 914 Tspitomes
335 850 415 903 Astr.
428 847 502 901 liber
513 849 577 911 lv..
602 848 648 919 qui
666 848 737 903 liber
757 848 846 918 ipsum
867 859 900 894 w
920 840 1005 912 ἔργον
1027 848 1158 911 continet,
1184 851 1256 917 quod
1279 849 1332 903 hoc
1355 851 1416 904 loco
1441 868 1501 906 sum

134 923 287 994 pollicitus.
330 926 400 980 Vide
423 933 521 982 totum.

217 1000 244 1071 sl
267 1006 342 1062 ldem
355 1013 450 1062 tamen
462 1024 506 1062 me
520 1008 594 1062 ultro
609 1007 751 1062 admonuit
772 1016 881 1078 postea,
907 1027 962 1063 non
976 1026 1040 1063 esse
1054 1009 1239 1063 necessariam
1261 1009 1334 1063 hanc
1359 1011 1500 1065 collectio·

135 1101 208 1139 nem.
248 1087 321 1141 Nam
338 1103 400 1141 cum
413 1093 521 1142 cometa
533 1094 635 1142 motum
650 1106 705 1142 non
719 1087 747 1142 in
760 1090 862 1143 multos
876 1089 934 1143 dies
954 1089 1109 1152 continuet,
1131 1095 1235 1143 etcum
1249 1090 1402 1144 habeamus
1417 1091 1500 1146 liber·

135 1171 226 1220 tatem
239 1166 396 1221 intendendi
418 1168 609 1223 remittendive
632 1167 694 1235 ejus
707 1175 811 1223 motuum
833 1169 861 1222 in
885 1168 1034 1239 hypothesi
1055 1176 1203 1237 suscepta,
1228 1169 1275 1223 ubi
1290 1170 1501 1226 observationes

135 1244 221 1316 (quae
243 1247 405 1318 plerumque
428 1264 540 1303 crassae
555 1242 633 1314 sunt)
656 1248 683 1301 id
697 1248 839 1319 requirere
860 1249 994 1312 videntur,
1019 1248 1083 1302 hinc
1107 1251 1175 1302 adeo
1196 1250 1243 1311 tit,
1268 1257 1300 1302 ut
1323 1250 1449 1304 diversae
1474 1252 1502 1305 in

134 1325 353 1396 particularibus
368 1328 548 1399 hypotheses,
563 1330 674 1382 easdem
688 1334 813 1383 cometae
827 1329 1036 1383 observationes
1057 1337 1280 1399 repraesentent.
1322 1330 1360 1384 Et
1373 1331 1500 1386 Braheus

133 1406 209 1460 libro
230 1407 267 1460 dc
281 1407 401 1463 Cernetis
425 1409 474 1464 iol.
497 1407 564 1463 282.
581 1409 636 1470 (De
660 1408 750 1462 mundi
772 1410 897 1464 aetherei
920 1409 1119 1464 recentioribus
1143 1410 1351 1479 phoenomenis.
1380 1411 1450 1464 Pars
1465 1412 1500 1466 11.
1544 1419 1548 1427 “

136 1486 208 1556 Cap.
221 1481 430 1553 X.)llacstlini
444 1489 656 1560 hypothesine.
667 1489 779 1552 nminat,
802 1507 863 1545 oum
876 1507 929 1544 sua
942 1496 1085 1559 comparat
1098 1489 1307 1561 redargustque
1348 1491 1411 1560 lpse
1434 1508 1500 1545 vero

135 1566 186 1621 iol.
204 1562 263 1622 206
283 1562 337 1635 (ih.
352 1584 415 1639 cap.
431 1564 520 1633 vlu.)
534 1566 705 1640 hypothesin
729 1570 816 1624 talem
838 1570 976 1640 proponit,
1001 1570 1030 1625 iu
1044 1586 1099 1640 qua
1119 1577 1209 1624 motus
1224 1577 1349 1624 cometae
1373 1571 1501 1641 proprius

136 1646 281 1702 eruemus
304 1647 383 1704 initio
407 1650 511 1715 tardus,
535 1665 600 1703 mox
615 1649 748 1712 intensus,
770 1649 798 1703 in
811 1651 865 1704 tine
879 1667 987 1705 rursum
1000 1652 1097 1705 tardus
1119 1650 1277 1704 exhibetur.
1319 1652 1417 1721 Itaque
1433 1653 1501 1707 oedo

136 1727 189 1782 hoc
202 1743 309 1798 genere
323 1728 490 1800 argnrmenti,
514 1728 675 1800 sicquidem
699 1729 846 1793 informati,
873 1738 906 1785 ιιι
919 1749 957 1784 ex
971 1749 1005 1785 eo
1020 1733 1090 1802 quod
1110 1738 1262 1800 potuerunt
1276 1731 1396 1784 artifices
1419 1748 1501 1800 prae·

136 1814 222 1872 stare,
247 1809 324 1864 nuda
345 1808 511 1864 credulitate
534 1817 564 1864 et
585 1809 713 1882 ειιιιιιιι
736 1810 787 1864 illa
809 1811 978 1879 conjectura,
1004 1813 1076 1882 quod
1099 1827 1208 1864 verum
1214 1828 1280 1864 vero
1303 1819 1444 1874 consonet,
1468 1813 1502 1865 de
1545 1810 1552 1827 ¹

138 1887 261 1943 ιιιιιιιι
274 1888 496 1959 suppositionum
509 1889 573 1960 quid
587 1896 789 1959 praesumatur.
831 1895 871 1945 At
884 1890 1004 1945 meinaim
1024 1890 1082 1944 alia
1095 1890 1142 1943 via
1156 1893 1271 1944 eandem
1291 1907 1380 1944 arcem
1395 1907 1503 1945 rursum

136 1984 252 2038 occupo.
292 1968 322 2024 Si
345 1969 417 2024 enim
439 1977 530 2025 motus
552 1969 671 2024 Telluris
695 1971 730 2024 ad
757 1970 810 2025 hoc
833 1972 909 2026 utilis
932 1977 986 2034 est,
1010 1978 1043 2024 ut
1066 1977 1232 2024 cometarum
1251 1977 1341 2023 motus
1365 1971 1502 2025 rectilinei

136 2064 288 2119 eorumque
302 2056 441 2120 perpetua
453 2051 500 2105 vel
512 2048 701 2121 aequabilitas
715 2049 760 2103 vel
775 2051 967 2123 augmentatio
982 2057 1032 2105 aut
1045 2050 1185 2104 contraria
1205 2050 1346 2105 diminutio
1365 2057 1503 2126 perpetua

137 2128 316 2183 satisfaciant
338 2130 502 2194 observatis,
527 2138 593 2185 tunc
616 2145 692 2194 sane,
717 2138 850 2201 quantum
874 2139 919 2185 est
941 2130 1215 2185 verisimilitudinis
1208 2148 1235 2183 ιιι
1259 2137 1334 2184 motu
1357 2131 1501 2184 rectilineo

135 2208 281 2280 aequabili
303 2226 448 2280 corporum
461 2210 677 2274 vanescentium,
701 2217 810 2265 tantum
829 2211 891 2265 fidei
906 2212 1021 2265 accedet
1042 2211 1127 2265 motui
1139 2210 1267 2273 Telluris
1288 2210 1452 2279 praesertim
1478 2209 1500 2263 si

136 2289 228 2344 lens
243 2288 373 2345 itinerum
386 2290 581 2360 apparentium
603 2290 774 2361 irregudares
788 2292 933 2346 occasione
957 2298 1047 2346 motus
1061 2290 1180 2345 Telluris
1203 2290 1363 2359 provenisse
1383 2296 1500 2354 constet,

138 2369 325 2440 aliarumque,
349 2370 468 2440 quaein
484 2369 597 2425 cometis
612 2378 759 2440 apparent,
785 2372 858 2426 ratio
872 2374 1012 2427 reddatur.
1054 2371 1140 2426 Verbi
1155 2387 1241 2424 causa
1254 2370 1324 2424 ille'
1317 2387 1377 2438 ipse
1392 2376 1502 2423 cometa

137 2467 205 2506 aum
223 2449 299 2505 1577
322 2457 399 2504 ortus
415 2468 451 2503 ex
465 2450 570 2506 ultimis
593 2451 720 2521 partibus
744 2451 887 2544 sagittarii
910 2452 1058 2507 maximum
1079 2451 1118 2506 ibi
1141 2457 1244 2504 motum
1258 2451 1390 2513 diurnum,
1416 2456 1502 2519 caput

139 2531 177 2594 ι’,
194 2531 313 2585 caudam
327 2523 381 2594 22⁰
395 2530 664 2602 lougamenhibuit3
688 2531 866 2587 haecomnia
879 2532 992 2586 fuerumt
1005 2531 1140 2586 diminuta
1153 2548 1248 2584 versus
1271 2533 1360 2594 linem,
1387 2532 1456 2584 adeo
1471 2537 1503 2584 ut

137 2610 167 2666 in
180 2609 264 2682 signo
276 2608 400 2680 piscium.
425 2613 496 2681 quod
510 2612 665 2682 quadrante
679 2611 766 2665 distat
789 2628 808 2666 ι
821 2612 979 2684 sagittario,
1004 2613 1151 2667 stationem
1175 2619 1339 2680 peracturus
1354 2611 1502 2671 videretur,

137 2688 191 2745 nisi
214 2689 383 2745 evanuisset.
426 2690 576 2754 Quaeritur
599 2707 670 2762 quae
693 2708 787 2755 causa,
813 2710 861 2747 cur
883 2699 1007 2747 cometae
1029 2692 1102 2746 circa
1123 2693 1287 2762 quadratum
1302 2690 1363 2759 ejus
1386 2691 1448 2752 loci,
1473 2689 1502 2743 in

137 2788 192 2842 quo
215 2769 329 2826 maximi
348 2779 543 2842 apparuerunt
564 2778 594 2826 et
617 2771 789 2835 velocissimi,
814 2773 1038 2844 appropinquent
1061 2772 1181 2834 stationi,
1213 2789 1261 2825 cur
1284 2771 1398 2825 stationi
1421 2768 1503 2824 ricini

133 2850 187 2905 alii
200 2851 378 2905 occultentur
390 2853 444 2908 sub
456 2851 557 2915 Solem,
581 2859 613 2906 ut
626 2851 695 2914 iste3
720 2852 768 2906 alii
783 2853 867 2908 etiam
889 2854 918 2908 iu
933 2853 1061 2922 opposito
1076 2852 1148 2907 Solis
1171 2851 1307 2921 paulatim
1321 2856 1499 2913 evanescant,

135 2931 232 2986 utille
253 2929 319 2986 anni
335 2931 425 2997 1618,
450 2931 557 2987 iaciunt
570 2932 643 2986 enim
665 2930 721 2987 ista
743 2933 879 3004 plerique.
922 2934 999 2995 Quod
1021 2933 1044 2986 si
1068 2931 1184 3002 potiaris
1205 2931 1338 2985 libertate
1358 2929 1501 2984 circularis

135 3017 228 3065 motus
243 3017 367 3064 cometae
382 3011 529 3075 tribuendi,
554 3028 665 3066 causam
678 3028 730 3082 per
745 3030 837 3066 omnes
853 3021 978 3067 cometas
994 3015 1108 3066 eandem
1123 3012 1213 3065 dicere
1238 3029 1291 3064 non
1305 3010 1420 3080 poteris.
1462 3013 1503 3062 At

136 3091 161 3147 si
183 3098 212 3146 tc
235 3091 324 3161 ipsum
338 3093 452 3165 redigas
472 3093 509 3147 ad
530 3091 678 3163 angustias
702 3092 876 3161 traiectionis
899 3092 1070 3156 rectilineae,
1096 3090 1190 3146 statim
1215 3097 1336 3161 apparet
1349 3089 1501 3144 necessitas

137 3171 331 3244 phaenomeni.
373 3173 472 3244 ltaque
493 3172 607 3242 planum
630 3172 819 3240 trajectorium
834 3180 958 3227 cometae
978 3173 1044 3227 anni
1061 3173 1137 3227 1577
1152 3190 1207 3243 ego
1222 3170 1391 3226 ordinassem
1415 3170 1443 3223 in
1467 3184 1503 3224 ea

138 3253 222 3316 linea
246 3268 297 3321 per
311 3267 393 3322 quam
406 3252 502 3324 paucis
517 3259 583 3323 post
595 3252 800 3323 disparitionem
819 3254 916 3307 diebus
930 3254 1062 3308 videndus
1086 3253 1185 3307 hsisset
1208 3269 1293 3331 causa
1312 3249 1500 3322 longitudinis,

139 3333 162 3387 si
184 3331 381 3403 superbiisset,
409 3333 601 3404 ιιιιιοιιιιιιιι
624 3334 714 3403 ipsam
737 3333 852 3403 primurn
876 3334 1013 3396 velocem,
1046 3334 1073 3387 in
1094 3335 1245 3388 subeuntes
1268 3332 1326 3385 dies
1351 3331 1501 3385 tardiorem

141 3413 274 3476 ιιιιιιιιι,
297 3411 379 3484 idque
392 3430 444 3484 pro
455 3413 565 3468 ratione
584 3412 800 3483 propinquitatis
821 3414 943 3484 partium
966 3414 1145 3483 trajectoriee
1160 3413 1252 3467 lineae
1267 3414 1302 3466 ad
1316 3411 1415 3473 Solem,
1437 3409 1502 3482 qnia

140 3500 247 3548 cometa
259 3491 307 3547 via
319 3493 433 3565 obliqua
455 3493 585 3566 fugiebat
606 3510 625 3547 a
638 3493 712 3557 Sole,
735 3494 883 3565 Tellusque
903 3494 984 3547 simul
1003 3511 1022 3548 a
1035 3501 1151 3548 cometa.
1194 3494 1256 3556 Qua
1277 3494 1386 3546 ratione
1400 3490 1501 3545 efficie-

140 3575 229 3638 batur,
251 3579 287 3627 ut
305 3582 414 3629 cometa
435 3573 514 3629 initio
537 3573 644 3644 quidem
659 3573 795 3628 dimidiam
809 3574 882 3629 Solis
904 3574 1078 3628 altitudinem
1099 3573 1230 3636 haberet,
1255 3590 1292 3626 ex
1306 3590 1339 3625 eo
1364 3571 1500 3640 sphaeras

139 3653 263 3716 Veneris,
287 3653 416 3719 Telluris,
439 3653 539 3710 llartis
553 3653 704 3724 trajiceret,
729 3661 760 3707 et
771 3655 810 3711 in
824 3655 877 3708 dne
891 3656 955 3724 plus
973 3670 1055 3723 quam
1079 3653 1163 3722 triplo
1182 3653 1266 3707 altior
1280 3651 1345 3706 Sole
1360 3653 1500 3704 evaderet.

140 3734 200 3790 Non
219 3734 317 3789 mirum
339 3733 436 3806 igitur,
459 3736 532 3805 quod
545 3733 701 3803 parallaxis
725 3734 752 3787 in
774 3753 808 3788 eo
831 3734 911 3788 nulla
932 3733 1100 3802 deprehendi
1123 3733 1224 3803 potuit.
1266 3732 1319 3784 Sed
1343 3733 1376 3783 de
1401 3731 1456 3784 hac
1469 3745 1500 3782 re

140 3816 201 3885 plus
224 3814 310 3871 satis:
334 3814 469 3869 hocloco
492 3814 576 3884 plura
595 3813 618 3868 si
642 3813 715 3883 petit
735 3815 831 3877 lector,
855 3815 941 3869 adeat
963 3831 1051 3868 meum
1071 3815 1104 3867 de
1119 3811 1238 3868 cometis
1262 3810 1395 3873 libellum,
1421 3825 1500 3879 quem

140 3894 264 3951 nundinis
285 3895 492 3951 autumnalibus
513 3894 578 3949 anni
603 3894 677 3949 1619
698 3893 784 3948 emisi.
802 3886 841 3962 13)

216 3969 253 4048 g)
275 3974 425 4030 Smibendo
447 3992 514 4047 ego
527 3974 553 4028 id
574 3975 704 4044 temporis
728 3975 818 4029 ιιιιιιιι
839 3972 931 4028 didici:
963 3992 998 4027 ne
1021 3972 1192 4044 perturberis
1215 3969 1302 4041 igitur
1325 3968 1500 4024 multitudine

140 4055 193 4111 ista
205 4062 342 4112 motuum:
363 4055 475 4126 proprie
489 4057 542 4109 duc
557 4061 666 4109 tantum
681 4061 754 4119 sunt,
778 4072 848 4109 unns
863 4056 900 4109 ab
914 4054 1022 4108 interno
1047 4055 1168 4124 pendens
1182 4051 1316 4122 principio
1331 4049 1499 4105 convolutio-

139 4136 310 4193 uisdiurnae
331 4135 407 4191 circa
428 4135 569 4207 proprium
593 4141 726 4198 centrum,
751 4137 824 4191 alter
845 4135 1018 4190 extrinsecus
1033 4134 1128 4190 aSole
1144 4131 1248 4187 Telluri
1270 4131 1366 4185 illatus
1391 4146 1499 4185 annuus

138 4217 210 4275 droa
227 4215 334 4280 Solem,
362 4215 416 4271 etsi
439 4217 600 4271 moderatur
624 4215 703 4270 illum
723 4215 878 4288 lornmtque
900 4216 941 4269 vis
972 4213 1132 4287 magnetica
1152 4206 1188 4280 ³⁸)
1217 4212 1291 4266 libris
1313 4210 1467 4267 Telluris‘
1459 4228 1499 4264 ιιι-

139 4297 205 4361 ιιιις
235 4295 284 4369 qui
303 4312 370 4352 vcro
389 4297 490 4353 tertius
511 4295 556 4350 hic
581 4298 761 4360 censebatur,
793 4297 840 4351 ille
867 4297 944 4368 quies
972 4304 1016 4351 est
1045 4294 1138 4364 potius
1161 4292 1223 4348 axis
1245 4290 1399 4347 Telluris
1392 4310 1419 4344 ιιι
1445 4291 1500 4344 situ

140 4377 291 4448 parallelo,
321 4378 385 4433 dum
405 4384 529 4433 centrum
548 4376 623 4431 circa
642 4376 734 4433 Solem
755 4378 856 4439 fertur,
887 4384 917 4430 et
938 4376 984 4448 qui
1004 4381 1120 4447 quartus
1147 4373 1193 4429 hio
1213 4372 1381 4434 ventitatnr,
1411 4371 1434 4424 is
1455 4377 1500 4423 est

141 4458 257 4515 levicula
282 4456 458 4528 perturbaa'o
484 4456 568 4527 hujus
591 4456 700 4528 quictis,
732 4465 795 4513 orta
815 4476 852 4512 ex
874 4456 1050 4512 aberratione
1080 4456 1194 4509 duorum
1215 4453 1361 4523 primorum
1383 4458 1414 4504 et
1434 4467 1497 4519 pro-

143 4538 267 4607 priorum.
309 4537 363 4592 sec
383 4538 417 4591 de
439 4537 481 4593 his
501 4537 576 4618 inire
596 4537 686 4606 plura.

143 4630 254 4755 δὴ1ιὸ
271 4631 389 4752 ιιᾱιῗιιι
405 4639 464 4684 suut
482 4646 528 4691 ea.
547 4646 612 4697 quae
631 4633 761 4697 adscripsit
778 4631 901 4696 Keplcrus
928 4628 979 4693 (vel
999 4629 1155 4681 Maestlinus.
1183 4627 1268 4691 Comp.
1289 4631 1374 4676 annot
1394 4620 1441 4684 tl)
1460 4631 1498 4674 ta·

218 4704 232 4754 l
271 4713 299 4754 at
320 4703 331 4753 l
354 4738 361 4753 .

215 4778 285 4834 Tab.
309 4778 355 4834 lu.
380 4776 516 4848 inscripta
539 4784 597 4835 est:
629 4777 738 4833 Tabula
759 4776 794 4839 1.,
825 4775 961 4831 exhibens
988 4775 1110 4830 ordinem
1134 4772 1316 4842 sphaerarum
1342 4769 1412 4823 coel.
1442 4784 1497 4823 mo·

145 4856 242 4926 liliam.
262 4857 399 4932 aimalqm
418 4874 515 4915 mam
534 4858 740 4933 proportionem
758 4855 957 4930 magnitudinis
977 4871 1073 4913 enum
1087 4854 1178 4926 ,iuxta
1195 4852 1303 4907 medias
1323 4851 1376 4907 has
1390 4848 1496 4905 ιιιιιιιι·
