3278 5542
685 350 769 421 capos
785 351 841 406 ΧΗ·
1385 358 1448 428 stt

118 527 143 567 m
155 511 206 566 uni
225 530 263 569 ex
283 512 419 585 primariis
440 513 600 584 corporibus
621 514 723 578 tribus.
747 523 779 570 et
801 515 848 569 uni
866 532 903 570 ex
922 517 1090 574 secundariis
1109 519 1225 575 duobus.
1254 521 1363 576 Accidit
1379 539 1449 598 crgo

118 598 217 663 speetu
241 593 282 648 rei
309 592 484 658 alterutrius,
512 601 544 648 ut
568 594 661 649 altera
687 601 784 649 utatur
808 596 904 650 eadem
929 595 1070 652 divisione.
1112 597 1193 652 Talia
1218 599 1334 656 fortuita
1361 603 1450 658 multa

118 671 220 729 salunt
240 673 269 728 in
287 673 371 729 rebus
391 673 593 730 mathematicis
614 683 645 729 ει
665 674 856 740 naturalibus.
881 682 978 730 contra
1003 694 1118 748 quorum
1138 695 1296 735 concursum
1316 688 1349 736 ut
1368 680 1450 741 dess-

118 770 149 811 w
178 755 367 810 conummda
389 761 434 808 eat
453 752 551 823 judicii
577 755 665 810 nostri
692 755 882 819 imbecillitas,
912 773 948 811 ne
974 757 1069 812 statim
1095 774 1256 830 quacunque
1284 763 1449 817 credulitate

118 849 145 888 ιε
165 835 236 888 duce
257 835 366 890 ratium
386 833 550 904 abripiatur.
591 835 662 890 Vide
683 852 755 908 quae
776 852 862 906 supra
883 837 916 890 de
938 837 971 890 iis
992 838 1199 908 disputaverim,
1221 857 1292 912 quae
1314 849 1379 897 sunt
1398 858 1448 897 nu·

118 929 161 969 tro
180 914 253 978 tria,
273 915 320 970 rel
341 931 406 980 aex,
427 914 474 968 vel
494 921 610 985 septem.
1333 986 1338 993 ι

166 990 197 1065 q)
218 995 292 1050 Ecce
311 1011 421 1051 rursum
440 994 582 1050 scribendo
610 996 806 1065 proficientem
849 997 928 1050 Haec
955 997 1028 1052 enim
1053 997 1168 1052 inventa
1192 1005 1237 1053 est
1261 1017 1348 1055 causa
1368 1000 1448 1071 ipsis·

118 1089 165 1138 n,
186 1075 268 1130 utin
289 1075 386 1133 Herm.
407 1074 456 1128 lib.
477 1074 527 1130 111.
549 1075 617 1146 cap.
639 1077 660 1132 1.
684 1076 712 1130 in
732 1076 920 1131 axiomatibus
940 1077 1034 1131 ridere
1054 1084 1106 1132 est.
1149 1078 1221 1133 Nam
1248 1081 1356 1152 tlgrmae
1377 1097 1449 1153 quae

118 1154 269 1210 rfecticres
290 1155 397 1210 habent
415 1156 673 1220 demonstrationes,
695 1163 814 1227 suntque
828 1156 953 1211 effabiles
976 1156 1158 1230 (triangulum
1179 1165 1210 1212 ct
1228 1161 1450 1232 quadrangulum

135 1231 341 1307 sexangulum)
360 1235 501 1305 perfectas
522 1236 606 1290 etiam
632 1236 746 1306 pariunt
766 1237 961 1292 consonantias
985 1237 1120 1307 majorem
1149 1255 1221 1310 quae
1241 1256 1309 1295 vero
1326 1240 1450 1295 viliorem

118 1315 477 1370 &reconsecrationem
498 1323 529 1370 ει
548 1315 641 1371 latera
659 1317 813 1371 ineffabilia
834 1317 881 1385 (ut
900 1319 1094 1388 octangulum,
1117 1319 1366 1392 quinquangulum,
1388 1323 1450 1375 dec·

118 1390 253 1469 ignium),
279 1395 390 1450 viliores
411 1396 495 1450 etiam
515 1412 651 1466 peperere
672 1396 880 1452 concordantias
902 1398 1022 1468 majores
1047 1397 1224 1468 imperfectas
1246 1402 1332 1473 vulgo
1352 1400 1450 1456 dictu.

118 1490 166 1530 sec
186 1482 282 1531 autem
301 1475 436 1546 perfectio
454 1477 502 1530 vel
523 1477 664 1532 contraria
683 1477 777 1532 vilitas
799 1477 892 1533 insunt
914 1477 1113 1542 consonantiis,
1141 1485 1258 1550 propter
1282 1481 1359 1551 ipsas
1379 1481 1450 1552 dqu-

118 1557 267 1626 splanas,
288 1556 384 1610 meunt
403 1562 434 1609 et
453 1556 549 1628 ilpuris
570 1556 677 1612 solidis:
698 1573 806 1611 rursum
827 1558 915 1630 igitur
935 1575 989 1612 non
1010 1558 1154 1629 cognatio,
1176 1562 1225 1614 sed
1247 1561 1368 1616 affinitas
1389 1561 1451 1615 sola

118 1636 238 1692 tercedit
263 1636 419 1707 duplicibus
445 1636 501 1690 illis
526 1643 557 1693 et
580 1637 830 1708 imperfectioribus
855 1638 1023 1694 sectionibus
1047 1638 1212 1694 harmonicis
1245 1657 1305 1696 cum
1336 1642 1451 1696 dodeca-

118 1718 157 1773 lro
177 1715 309 1788 primario
329 1722 360 1771 et
379 1716 521 1771 iccsahdro
541 1718 712 1772 secundario.

168 1793 196 1862 r)
218 1797 281 1852 Duo
301 1797 477 1852 theoremata
496 1797 619 1852 infinitae
640 1798 787 1861 utilitatis,
818 1813 906 1867 ecque
931 1798 1145 1868 pretiosissima,
1176 1802 1224 1854 aed
1245 1816 1376 1874 magnum
1396 1801 1450 1856 dis·

118 1877 194 1933 lmen
219 1885 313 1933 tamen
340 1883 385 1931 εει
412 1876 486 1931 inter
505 1884 661 1948 utrumque.
701 1878 772 1932 Nam
799 1877 890 1947 prius,
919 1879 991 1949 quod
1018 1878 1112 1933 latera
1132 1879 1321 1952 rectianguli
1345 1881 1452 1952 possint

118 1964 208 2022 ntum,
232 1965 363 2029 quantum
384 1959 518 2012 subtensa
537 1965 623 2022 recto,
644 1959 697 2012 hoc
717 1959 828 2029 inquam
848 1965 924 2012 recte
939 1959 1141 2028 comparaveris
1161 1976 1269 2014 ιιιεεεεε
1284 1961 1358 2016 auri:
1379 1961 1450 2016 alte·

118 2054 159 2103 un,
180 2038 359 2093 desectione
380 2037 595 2108 proportionali,
623 2055 759 2111 gemmam
780 2038 892 2093 dixeris.
935 2039 1028 2109 Ipsum
1047 2039 1119 2093 enim
1139 2057 1191 2110 per
1205 2045 1240 2094 'se
1262 2041 1369 2111 quidem
1389 2042 1451 2113 pul·

118 2134 186 2175 rrum
207 2125 260 2181 eat,
281 2125 314 2172 at
334 2117 393 2195 stine
413 2119 497 2188 priori
519 2119 598 2172 valet
617 2118 699 2182 nibil;
722 2119 810 2188 ipsum
825 2125 918 2172 tamen
932 2125 1075 2188 promovet
1089 2119 1231 2174 scientiam
1246 2127 1311 2175 tunc
1325 2121 1450 2186 ulterius,

118 2199 251 2270 inprims
272 2199 340 2252 illud
360 2215 409 2253 nos
431 2198 607 2270 aliquatenus
626 2207 772 2270 provectos
789 2198 851 2269 jam
871 2198 1007 2263 destituit,
1029 2199 1113 2254 scilic.
1135 2201 1171 2254 ad
1192 2202 1452 2258 demonstrationem

118 2313 121 2332 .
139 2278 327 2335 inventionem
347 2278 444 2334 lateris
466 2279 662 2351 decangularis
683 2287 714 2334 et
733 2285 916 2351 cognatarum
937 2279 1131 2348 quantitatum.

171 2355 201 2429 a)
222 2358 394 2425 Nilmirum,
416 2359 693 2414 accommodationem
713 2359 916 2414 harmoniarum
937 2360 973 2413 ad
994 2375 1111 2429 corpora
1131 2377 1186 2414 non
1199 2360 1227 2414 in
1246 2367 1355 2431 promtu
1375 2352 1451 2423 esse;

118 2440 258 2509 sedenim
278 2441 308 2495 in
327 2440 389 2494 sinu
409 2446 528 2494 naturae
549 2456 604 2494 uon
625 2447 681 2504 est,
709 2439 736 2493 id
749 2439 878 2511 ‘depromi
900 2439 1006 2510 nequit:
1037 2456 1082 2492 res
1104 2439 1175 2495 istae
1200 2441 1253 2494 hoc
1274 2440 1382 2511 quidem
1402 2456 1452 2494 uu·

118 2537 167 2577 src
187 2527 220 2574 et
239 2520 293 2575 hac
313 2520 471 2591 quantitate
491 2519 648 2590 descriptae
668 2526 734 2574 sunt
753 2518 938 2574 insociabiles.
981 2519 1043 2574 Etsi
1063 2536 1130 2574 vero
1155 2527 1185 2574 et
1204 2537 1259 2593 ego
1287 2521 1315 2575 in
1336 2521 1452 2576 Harmo-

118 2600 169 2666 cis,
190 2600 241 2655 lib.
264 2602 298 2655 V.
318 2616 380 2670 cap.
402 2600 429 2655 9.
451 2600 611 2671 corporibus
632 2599 789 2654 harmonias
810 2599 929 2654 associo:
952 2605 984 2653 at
1002 2599 1030 2653 id
1051 2617 1104 2654 non
1125 2601 1156 2654 tlt
1175 2616 1262 2655 causa
1282 2607 1358 2655 ortus
1373 2600 1453 2655 unius

118 2681 217 2745 talio,
249 2683 297 2735 sed
325 2696 412 2736 causa
439 2697 505 2734 usus
532 2680 559 2735 in
589 2681 772 2735 exornatione
798 2680 902 2742 mundi;
934 2688 1101 2751 argumenta
1121 2681 1312 2735 associationis
1343 2697 1404 2751 cap.
1426 2679 1453 2735 2.

118 2761 183 2818 alta
204 2761 312 2832 quidem
340 2767 406 2816 sunt
426 2761 511 2815 etiam
531 2779 567 2815 ex
594 2761 754 2816 formalibus
775 2760 941 2823 rationibus.
972 2767 1029 2814 tam
1051 2777 1207 2831 corporum,
1238 2777 1319 2832 quam
1344 2761 1452 2815 harmo-

118 2859 210 2907 arum,
232 2849 265 2896 at
283 2842 333 2897 illa
347 2849 514 2913 argumenta
534 2848 598 2897 sunt
612 2842 705 2896 multis
724 2857 833 2910 semper
846 2839 995 2895 harmoniis
1014 2840 1087 2894 inter
1101 2857 1130 2894 se
1145 2841 1304 2905 communia,
1325 2840 1454 2912 singulae

118 2923 257 2980 maniae
272 2922 390 2995 singulis
409 2922 568 2992 corporibus
583 2938 634 2992 per
647 2938 683 2975 ea
696 2939 750 2976 non
764 2921 950 2976 vindicantur:
974 2922 1110 2974 accedunt
1127 2920 1215 2993 igitur
1227 2920 1328 2974 diversi
1341 2920 1454 2993 pneris

118 3010 263 3077 rgumenta
283 3002 420 3057 forinseca
443 3010 493 3055 aut
516 3019 534 3056 a
562 3002 768 3073 comparatione
790 3000 996 3071 proportionum
1025 3001 1184 3071 figuralium
1207 3017 1267 3054 cum
1290 2999 1454 3081 harmonicis

118 3086 227 3146 eductu
252 3083 352 3154 quibua
373 3083 484 3136 tandem
504 3082 664 3137 harmoniae
684 3099 737 3136 non
753 3082 832 3144 istae,
856 3083 904 3135 sed
918 3080 1070 3150 pleraeque
1091 3080 1133 3135 his
1146 3080 1267 3151 majores
1282 3080 1456 3136 associantur

118 3165 272 3237 ›rpcribus;
287 3169 320 3217 at
332 3179 421 3234 aeque
435 3162 594 3217 immediata
607 3169 651 3216 est
664 3163 735 3216 haec
749 3161 905 3224 associatio,
925 3162 974 3214 sed
988 3161 1146 3215 tribuuntur
1164 3161 1323 3216 harmoniae
1337 3161 1455 3215 motibus

118 3246 208 3313 torum,
227 3245 413 3314 planetarum,
434 3258 548 3313 quorum
571 3244 652 3298 orbes
675 3243 731 3297 bini
750 3242 863 3313 singula
883 3240 974 3295 sortiti
993 3248 1058 3295 sunt
1076 3258 1193 3312 corpora
1214 3241 1369 3312 regularia.
1411 3241 1457 3295 lta

118 3325 279 3398 amigrant
292 3325 399 3395 quidem
422 3323 582 3379 harmoniae
595 3324 625 3378 in
639 3324 758 3395 quinque
772 3337 915 3393 corporum
936 3320 1061 3376 viciniam
1080 3322 1272 3377 interstinctae
1295 3321 1351 3376 suis
1366 3336 1455 3376 mace·

118 3408 186 3463 chus
208 3412 239 3460 et
259 3406 312 3459 sub
332 3406 428 3459 eadem
448 3411 525 3459 tecta
545 3423 599 3459 non
619 3403 798 3474 recipiuntur.
1176 3405 1178 3409 ’

174 3499 201 3573 ι)
223 3505 281 3558 Imc
295 3520 329 3557 ne
344 3503 397 3558 hoc
410 3503 517 3576 quidem
532 3504 661 3558 absolute
675 3518 769 3557 verum
783 3508 835 3556 est.
877 3498 964 3554 Nulla
977 3497 1085 3570 quidem
1098 3516 1135 3553 ex
1156 3498 1189 3552 iis
1208 3516 1279 3571 quae
1294 3505 1360 3553 sunt
1372 3498 1457 3553 mino·

118 3602 140 3641 ιε
153 3601 238 3657 quam
256 3583 399 3654 diapason,
424 3583 570 3656 cognatior
588 3590 633 3638 est
646 3582 782 3654 pyramidi
795 3587 911 3652 propter
924 3579 1103 3650 triangulum,
1129 3581 1200 3649 quod
1217 3578 1354 3651 pyramidi
1367 3578 1457 3642 basin,

118 3666 149 3737 isi
161 3665 295 3736 diapente
309 3670 399 3720 ortum
411 3666 538 3737 praehet.
581 3664 643 3720 Non
665 3668 761 3733 potest
774 3668 867 3716 tamen
889 3660 942 3730 ipsi
957 3659 1087 3730 diapente
1107 3658 1184 3712 locus
1198 3659 1236 3714 ibi
1250 3675 1320 3722 esse,
1344 3657 1393 3712 ubi
1406 3673 1457 3728 py-

118 3739 177 3802 sinis
191 3745 383 3809 interlucata,
407 3747 456 3800 sed
470 3745 532 3800 aliis
547 3744 619 3799 notis
635 3745 772 3798 censenda
786 3749 831 3795 est
852 3741 923 3794 haec
936 3738 1140 3793 harmoniarum
1154 3741 1189 3793 ad
1203 3739 1306 3810 figuras
1322 3737 1459 3809 aptitudo,

118 3843 198 3898 equo
212 3826 275 3880 ride
290 3825 339 3882 lib.
355 3827 390 3881 V.
404 3826 535 3881 Harmon.
551 3842 613 3895 cap.
629 3825 657 3879 2.
694 3823 818 3886 QuinImo
833 3839 867 3875 ne
881 3820 1011 3890 diapente
1026 3818 1134 3889 quidem
1148 3817 1282 3890 trianguli
1297 3819 1382 3872 solius
1395 3833 1459 3887 pro·

118 3905 174 3962 tima
187 3913 231 3962 est
244 3907 347 3978 proles,
363 3909 411 3961 sed
425 3906 566 3960 antecedit
578 3905 646 3959 illud
661 3905 794 3973 diapason
808 3900 999 3972 epidiapente;
1014 3899 1075 3952 vide
1089 3899 1137 3954 lih.
1149 3900 1195 3954 IV.
1211 3900 1342 3954 Hermon.
1358 3914 1419 3968 cap.
1430 3897 1458 3953 6.

118 3985 217 4042 {ausam
236 3987 345 4058 quidem
358 3984 442 4055 hujus
457 3985 588 4041 affirmati
601 3985 771 4039 verissimam
785 3983 830 4037 hic
843 3981 879 4054 in
892 3980 953 4050 ipso
974 3985 1055 4034 textu
1076 3978 1192 4051 ignarus
1214 3979 1274 4051 spse
1293 3979 1383 4051 posui,
1405 3984 1460 4033 ter·

118 4063 166 4122 tien
185 4084 224 4123 so.
246 4072 355 4137 partem
376 4065 480 4121 circuli.

178 4160 208 4230 u)
229 4161 414 4226 secundariis,
439 4161 500 4216 scil.
522 4160 690 4230 corporibus,
713 4158 891 4214 associandae
915 4175 976 4213 esse
999 4156 1209 4212 concordantias
1231 4157 1305 4221 illas,
1329 4172 1401 4228 quae
1422 4155 1462 4209 sic

118 4254 154 4306 ιιι
172 4243 320 4299 sectionem
343 4242 463 4297 chordae
484 4246 738 4313 repraesententur,
761 4246 793 4294 ut
816 4239 839 4293 si
853 4257 890 4294 ex
904 4238 1008 4293 chorda
1029 4255 1081 4309 per
1103 4237 1252 4292 sectionem
1275 4237 1390 4309 signata
1411 4237 1463 4290 dat

118 4317 226 4390 dmm,
250 4323 327 4378 linea
339 4330 418 4378 recta
431 4339 504 4396 quaa
518 4321 603 4393 signa
616 4319 763 4384 connectit,
787 4338 843 4376 non
866 4321 916 4374 liat
938 4319 1013 4373 latus
1037 4317 1154 4388 alicujus
1177 4320 1286 4389 figurae
1308 4317 1460 4387 perfectae.

120 4401 153 4452 ssd
163 4405 208 4459 vel
220 4420 279 4460 uua
291 4403 368 4458 linea
381 4403 510 4459 solitaria
522 4408 643 4468 maneat,
664 4401 709 4454 vel
723 4401 798 4455 latus
811 4402 862 4454 hat
875 4400 982 4471 figurae
997 4398 1172 4462 abundantis,
1197 4413 1266 4468 quas
1280 4398 1329 4452 lib.
1344 4397 1367 4451 1.
1382 4403 1413 4449 et
1426 4395 1461 4449 ΙΙ.

118 4471 231 4542 flvmen.
262 4484 362 4539 stellas
393 4499 413 4539 a
436 4482 612 4538 similitudine
636 4481 743 4553 placuit
764 4480 930 4551 indigetata.
981 4479 1130 4533 Pulchrum
1152 4477 1260 4548 quidem
1282 4481 1463 4531 commentum

118 4568 210 4631 flesse,
233 4564 352 4636 pulchra
375 4563 531 4619 distributio
554 4564 702 4618 secundum
716 4578 778 4616 eam
792 4560 997 4615 harmoniarum
1016 4558 1089 4613 inter
1103 4557 1221 4630 quinque
1235 4573 1360 4628 corpora,
1382 4555 1405 4610 si
1419 4571 1462 4609 re·

118 4646 231 4703 'lwsum
251 4643 356 4700 numeri
379 4650 498 4715 spectes,
523 4650 555 4698 at
576 4659 627 4713 per
650 4659 791 4712 seneque
815 4640 935 4710 speciem
958 4639 1011 4694 hoc
1032 4638 1120 4693 hahet
1133 4654 1244 4703 causae,
1267 4654 1357 4708 neque
1379 4641 1464 4691 sexta

118 4724 188 4789 'le
206 4726 341 4796 diapason
360 4725 505 4797 quiequam
523 4722 612 4779 hahet
632 4740 691 4777 cum
711 4722 855 4777 iccsatdrc
876 4718 1036 4775 commercii.
1195 4726 1199 4732 ’

182 4800 212 4877 r)
233 4805 320 4870 Quasi
342 4823 409 4862 rere
433 4805 535 4861 stellae
557 4821 612 4859 non
632 4803 688 4859 sint
710 4802 796 4858 etiam
817 4804 945 4873 figurae?
986 4799 1117 4854 Nimirum
1143 4796 1247 4869 aliquid
1270 4804 1333 4851 erat
1356 4792 1463 4850 commi·

161 4896 358 4951 remeans.
1217 4889 1252 4944 ιι
