3278 5542
143 302 209 377 298
492 382 501 393 „
573 312 676 364 Lim
692 310 796 377 ΜΗ
814 312 966 378 eliomrn·
981 317 1084 364 notrae

141 470 291 534 Henricus
315 471 393 534 diem
420 472 501 536 iuter
527 470 580 536 23.
606 481 637 534 et
660 471 715 537 24.
739 473 809 537 Jnu.
836 472 883 536 St.
909 474 961 546 V,
985 474 1075 553 paulo
1098 480 1170 553 poet
1192 471 1223 532 b.
1250 464 1291 532 12
1313 476 1469 531 nocturum.

143 559 204 623 Sed
220 561 257 622 de
272 568 334 622 tuo.
376 561 419 624 Μ.
437 560 474 624 C.
491 559 617 634 2802,
633 565 706 624 Asc.
723 560 838 637 27⁰&
863 571 974 632 dante
994 562 1164 641 septimam,
1182 561 1260 622 forte
1274 558 1368 621 etiam
1379 556 1407 618 in
1419 557 1470 631 llll,

142 658 175 711 ut
196 650 286 728 paulo
310 652 454 713 maturius
479 652 630 713 acciderit.
679 650 881 713 constellatio
906 651 1093 712 validissima
1116 658 1174 711 est.
1221 648 1320 711 Aiunt
1349 654 1470 707 cornetan

143 738 237 800 videri
256 738 321 818 jam
346 758 399 820 per
414 737 433 802 3
449 741 645 819 septimanas.
685 741 718 802 ld
743 741 768 801 si
784 748 842 812 est,
867 760 923 801 non
948 758 1055 818 nempe
1070 739 1140 807 ridi,
1165 756 1223 799 uon
1239 733 1355 809 dubito,
1373 734 1471 813 quinrb

141 827 201 887 illis
226 824 406 906 3plauetis,
432 829 584 891 stantibus
606 829 646 905 ll,
671 837 697 900 ό
719 829 748 890 ἰη
773 829 947 909 propinquo,
973 824 1084 903 Attii
1104 828 1253 899 diuturno,
1278 817 1354 899 Ur,
1380 824 1473 901 dple-

141 915 200 976 tico
218 916 273 988 (l).
321 915 393 978 Sum
409 917 486 978 euim
511 918 539 978 iu
565 939 602 978 ea
622 918 769 996 opinione,
795 918 852 980 etsi
876 926 995 979 cometa
1018 917 1124 997 aliquis
1139 916 1189 977 vel
1203 914 1271 994 ipsa
1286 912 1379 975 Terra
1400 910 1475 989 maior

141 1004 190 1078 sit,
217 1014 249 1065 et
272 1005 439 1067 altissimus
458 1007 561 1077 etiam,
586 1007 745 1068 dummodo
761 1015 872 1080 currat,
897 1007 1008 1068 Terrae
1028 1005 1163 1068 sobolem
1183 1023 1261 1067 esse.
1302 999 1382 1063 Cur?
1416 996 1475 1068 Quis

141 1112 270 1172 semper,
295 1094 528 1174 quotiescunque
552 1105 623 1158 suut
636 1106 782 1171 cometae,
806 1096 974 1176 praecessit
995 1095 1084 1174 paulo
1104 1103 1175 1155 aute
1199 1092 1304 1154 valida
1325 1086 1356 1167 b,
1378 1088 1475 1162 ileon·

141 1183 287 1261 figuratio,
314 1194 367 1243 aut
391 1185 607 1264 aequipollens,
632 1194 665 1246 ut
688 1205 754 1247 curn
779 1193 867 1256 0'est
881 1172 1088 1251 stationarios,
1114 1191 1177 1244 tum
1201 1181 1280 1242 enim
1304 1178 1385 1240 vires
1406 1177 1476 1239 babet

141 1279 175 1331 ut
197 1270 340 1350 superior,
367 1291 397 1332 re
422 1291 494 1335 vera
517 1273 631 1334 tardus.
680 1272 882 1352 Coufiguratio
907 1281 1024 1348 autem,
1049 1279 1083 1333 ut
1105 1269 1203 1345 nosti,
1229 1278 1261 1331 et
1285 1269 1425 1347 aspec'tue
1442 1274 1477 1325 ett

142 1359 171 1420 iu
196 1354 298 1431 Terra,
323 1379 380 1421 non
405 1362 435 1422 iu
459 1362 543 1423 coelo
568 1362 649 1425 alibi.
696 1363 776 1423 Vide
806 1371 908 1425 autem
937 1360 1147 1441 cognationem
1169 1358 1348 1421 thematum.
1394 1353 1477 1417 Habes

143 1455 175 1509 tu
199 1445 321 1525 όΘζὲ,
348 1449 439 1511 babet
462 1460 493 1511 et
516 1452 576 1524 ille,
602 1460 726 1532 uterque
751 1454 772 1526 d
795 1451 1006 1529 posteriorem,
1032 1449 1126 1510 habes
1148 1456 1180 1509 tu
1204 1442 1323 1524 Ali),
1351 1442 1478 1507 habetet

141 1536 192 1597 ille
216 1537 278 1597 fere
303 1533 411 1613 eleb),
436 1538 529 1600 babes
554 1549 586 1600 tu
609 1541 671 1602 fere
693 1537 825 1617 ΑΒΘ,
850 1540 943 1601 babet
967 1548 998 1601 et
1011 1539 1071 1600 ille.
1111 1537 1169 1606 Ubi
1183 1535 1239 1597 tibi
1262 1531 1298 1611 ii,
1324 1533 1382 1612 ipsi
1401 1528 1477 1608 (M

140 1622 189 1688 ubi
214 1625 269 1687 tibi
294 1629 331 1700 )‚
358 1626 415 1703 ipsi
439 1627 488 1701 ll,
514 1628 562 1689 ubi
588 1628 642 1690 tibi
668 1628 713 1703 Q,
744 1629 801 1708 ipsi
825 1634 866 1698 ti.
916 1627 995 1690 Sunt
1016 1626 1102 1689 vobis
1127 1625 1152 1699 9.
1177 1624 1348 1704 oppositae.
1393 1619 1478 1682 Halo

142 1724 173 1775 tu
197 1713 236 1789 ll,
261 1723 286 1784 0⁸
309 1714 432 1789 viciuos,
459 1724 491 1778 et
513 1717 574 1778 ille.
620 1716 680 1780 Ubi
704 1717 760 1780 tibi
783 1716 826 1791 ll,
852 1720 914 1779 fere
939 1718 982 1779 illi
1006 1724 1041 1787 0¹.
1089 1714 1207 1775 Deinde
1231 1711 1364 1784 memini,
1386 1708 1476 1789 pleris-

140 1823 196 1883 que
220 1812 337 1864 tuomm
361 1823 429 1865 esse
452 1805 564 1885 aliquid
588 1805 619 1866 iu
643 1806 773 1885 septima
797 1807 876 1868 mali.
914 1806 980 1866 Hoc
1003 1806 1097 1866 etiam
1120 1803 1169 1865 bic
1192 1809 1257 1862 est:
1281 1802 1368 1863 Mars
1391 1813 1478 1875 nempe

139 1910 230 1972 prope
255 1891 424 1970 septimam.
471 1893 518 1953 Ex
543 1913 577 1954 eo
602 1902 648 1955 est
673 1894 815 1968 nonnihil,
841 1896 917 1974 quod
942 1895 1022 1971 illius
1041 1892 1280 1953 vitaernetuam.
1317 1888 1397 1951 Nam
1411 1886 1480 1947 Inna

138 1981 238 2060 plena,
263 1989 295 2041 et
318 1980 369 2040 via
393 1983 493 2043 lactea
517 1984 683 2044 ascendens
707 1991 738 2044 et
761 1985 845 2044 blare
870 1984 899 2044 in
924 1983 988 2062 ejus
1012 1981 1161 2061 opposito,
1184 1989 1218 2040 et
1241 1977 1295 2040 Sol
1319 1986 1385 2038 tant
1405 1993 1478 2054 prae·

139 2070 201 2131 eise
225 2069 254 2129 in
280 2069 431 2149 triangulo
456 2070 594 2147 Saturni,
623 2071 763 2135 ridentur
785 2073 908 2134 cerebro
930 2081 962 2132 et
986 2071 1079 2132 oculis
1103 2067 1229 2130 nocituri
1253 2074 1287 2128 et
1308 2064 1480 2146 epilepticum

139 2158 317 2238 significare.
365 2161 493 2221 Faciunt
517 2161 607 2221 etiarn
631 2161 809 2240 praecipitio
833 2161 993 2222 obnoxium
1018 2169 1070 2221 aut
1093 2157 1224 2237 gibbum.
1272 2155 1335 2217 Sed
1358 2153 1479 2230 mungu-

139 2248 185 2309 lus
208 2247 290 2309 Solis
314 2248 413 2308 omnia
437 2249 568 2327 mitigat.
615 2250 683 2310 Erit
705 2269 833 2328 pareus,
859 2257 970 2322 tenax,
996 2267 1033 2308 ex
1057 2249 1079 2321 d
1102 2248 1135 2307 e't
1158 2243 1198 2323 Θ
1223 2245 1252 2305 iu
1277 2238 1359 2319 Ab.
1384 2238 1480 2320 ‘Uibii

138 2336 249 2414 ingenii
283 2344 313 2395 et
341 2337 481 2414 profundi
512 2348 601 2418 atque
642 2338 801 2412 laboriosi,
834 2347 958 2417 propter
986 2337 1111 2397 eundem
1142 2343 1308 2414 aspectum.
1358 2328 1480 2409 optino

138 2424 263 2494 artilex,
301 2425 339 2484 ob
362 2425 497 2498 dinII
533 2436 564 2487 et
587 2427 714 2489 confinio
739 2427 862 2489 solstitii
886 2427 915 2487 iu
940 2426 1010 2487 Vll.
1058 2423 1273 2487 Contentiosus
1297 2429 1331 2482 et
1353 2418 1481 2481 factiosus

139 2514 177 2573 ob
200 2512 240 2572 id.
289 2512 381 2573 Tales
412 2523 482 2575 suut
508 2516 682 2594 plemmque
715 2516 945 2577 bombardorum
976 2513 1114 2575 studiosi.
1162 2509 1223 2573 Sed
1246 2511 1420 2571 victurusne
1439 2505 1479 2578 sit

141 2601 256 2674 dubito,
281 2610 404 2680 propter
426 2602 457 2662 id
482 2603 587 2682 ipsum.
632 2604 666 2666 Si
691 2613 792 2665 tamen
815 2605 910 2676 vivat,
935 2622 1062 2683 magnus
1086 2601 1196 2662 evadet
1219 2618 1302 2661 vere.
1341 2596 1439 2658 Habet
1456 2613 1479 2654 n.

138 2691 321 2770 triangulum
337 2688 480 2768 ΒᾛΘΨ,
505 2693 645 2772 quisunt
668 2692 826 2754 fortissimi
851 2701 1004 2771 aspectus.
1052 2692 1158 2770 ltaque
1182 2688 1260 2760 ride,
1286 2686 1357 2766 quid
1381 2686 1481 2746 iuturus

136 2779 305 2840 December
327 2780 369 2839 sit
392 2781 549 2851 allaturus,
575 2800 642 2843 cum
667 2790 737 2859 post
760 2781 1012 2842 humectationem
1037 2779 1099 2853 all
1123 2783 1301 2839 transeunte
1324 2793 1381 2855 per
1400 2772 1428 2844 ¹1,
1448 2766 1481 2847 Θ

136 2876 211 2938 et&
236 2868 386 2928 ferventes
401 2871 575 2932 succedunt.
624 2869 656 2931 Si
673 2870 798 2932 nebulae
822 2879 918 2941 erunt,
944 2878 976 2930 ut
1001 2868 1100 2941 credo,
1124 2866 1176 2927 vix
1197 2865 1300 2926 inians
1325 2863 1365 2925 ab
1379 2861 1480 2941 epilep-

137 2958 183 3017 sia
217 2957 292 3017 liber
325 2956 401 3029 erit;
444 2966 514 3019 suut
541 2978 571 3019 u.
601 2958 675 3019 haec
705 2960 845 3037 analoga.
892 2957 972 3019 Saue
1005 2956 1093 3017 ,iovis
1121 2955 1198 3016 situs
1230 2972 1289 3013 nen
1321 2952 1415 3013 bonus
1435 2954 1480 3019 rel,

137 3064 194 3106 uon
219 3045 337 3124 quidem
360 3051 530 3124 propterlI
553 3056 681 3132 tangens
710 3067 796 3108 suum
819 3066 938 3108 casum:
973 3064 1042 3106 uam
1071 3045 1205 3106 illustres
1229 3059 1296 3102 cum
1324 3040 1393 3119 ipso
1418 3038 1481 3098 lxo
1511 3115 1514 3120 ι

136 3141 220 3206 sunt,
252 3133 329 3193 uude
353 3142 475 3212 propter
499 3134 555 3195 boc
579 3143 686 3214 potens
710 3143 775 3208 est;
808 3135 864 3196 scd
886 3143 1066 3214 propterea.
1092 3131 1164 3212 quia
1185 3129 1301 3191 decidit
1323 3129 1365 3189 ab
1380 3123 1479 3212 angulo

136 3229 168 3282 et
190 3221 366 3300 opprimitur
390 3242 407 3282 a
431 3219 451 3295 b
476 3222 537 3283 altu
566 3223 716 3301 triangulo
745 3223 845 3295 brevi,
879 3222 956 3302 quod
985 3220 1169 3300 aequipollet
1204 3218 1366 3298 quadrato.
1411 3215 1479 3276 rrae

137 3317 169 3371 et
191 3309 360 3388 hujusmodi
386 3309 463 3370 bona
487 3319 519 3370 et
533 3312 662 3372 naturali
687 3313 803 3373 ratione
819 3312 965 3384 dicuntur,
990 3309 1048 3371 etsi
1073 3328 1130 3370 nou
1154 3307 1184 3368 iu
1208 3306 1312 3386 specie
1337 3304 1497 3385 quidquam·

138 3397 257 3459 dicitur.
304 3397 397 3458 Aliud
422 3398 589 3476 exemplum
613 3400 668 3461 mei
694 3400 786 3461 filioli.
834 3400 892 3461 Est
925 3400 953 3460 in
981 3418 1051 3459 mea
1079 3409 1111 3458 et
1133 3397 1228 3475 ipsius
1252 3394 1413 3456 nativitate
1432 3388 1476 3451 tri-

137 3487 264 3565 angulus
287 3486 375 3547 Jovis
398 3495 430 3547 et
453 3485 585 3561 Saturni,
609 3488 686 3549 Jove
710 3489 926 3568 posterioribus
950 3489 979 3547 in
994 3486 1149 3566 gradibus.
1196 3483 1255 3546 Ubi
1280 3483 1353 3545 mibi
1367 3501 1425 3543 asc.
1444 3473 1475 3536 iffi

137 3576 231 3649 Mars,
257 3576 306 3637 ubi
331 3575 401 3636 mibi
425 3572 520 3646 Luna,
551 3577 595 3638 illi
618 3575 751 3657 Jupiter,
778 3578 826 3637 ubi
850 3576 922 3638 mibi
947 3577 1046 3648 Mars,
1079 3574 1121 3636 illi
1145 3569 1181 3649 53
1219 3571 1270 3635 ubi
1295 3571 1369 3633 mibi
1389 3568 1427 3631 lt
1447 3560 1473 3625 G·

135 3665 193 3744 ipsi
219 3668 248 3743 d.
296 3663 362 3743 Ego
387 3664 482 3726 habeo
507 3657 610 3741 [ide
634 3670 695 3726 t'ere
720 3666 876 3744 partilem,
915 3665 965 3726 ille
998 3664 1090 3725 babet
1119 3663 1224 3735 ecre
1251 3662 1314 3722 fere
1345 3656 1471 3738 partilem

134 3753 229 3815 Plura
252 3753 361 3833 requiri
393 3763 520 3832 possunt
548 3754 727 3832 hujusmodi.
775 3756 881 3832 Itaque
904 3754 992 3814 Luna
1021 3753 1050 3813 iu
1083 3753 1230 3831 quadrato
1254 3748 1392 3820 Saturni,
1419 3748 1472 3826 post

137 3846 214 3915 006,
239 3843 345 3902 Venus
368 3842 447 3904 inter
468 3834 539 3912 U&
563 3852 594 3903 et
619 3839 691 3916 θῇ,
715 3843 883 3904 Mercurius
907 3842 935 3903 iu
962 3842 1043 3902 trino
1067 3848 1093 3910 ό
1116 3838 1264 3901 homiaem
1281 3829 1470 3910 durumeipni·

136 3932 247 4003 licant,
271 3950 338 3992 cum
362 3931 411 4009 qui
436 3932 561 3994 affectus
586 3931 732 3992 denotant
754 3931 895 4010 planetae
920 3949 1024 3991 omnes
1050 3928 1163 3990 sintin
1189 3935 1315 4005 aspectu
1340 3927 1467 3988 malorum·

8 4014 15 4026 ’
136 4018 241 4080 Metuo
265 4019 357 4079 etiam
382 4019 476 4096 ipsius
500 4020 594 4081 oculis
619 4020 656 4081 ob
683 4023 722 4094 ),
758 4029 859 4081 metuo
883 4041 901 4078 a
924 4017 1141 4097 praecipitibus
1165 4015 1288 4077 casibus
1312 4016 1351 4075 ob
1374 4016 1468 4076 stanit!

135 4116 199 4167 tres
222 4107 372 4186 planetas.
420 4106 463 4168 Et
484 4108 554 4187 quia
578 4110 682 4169 Venus
707 4116 738 4169 et
764 4112 784 4180 )
807 4108 960 4181 laborant,
995 4106 1063 4167 ideo
1094 4114 1185 4166 uatus
1216 4113 1264 4165 est
1295 4112 1466 4165 monetmo-

136 4196 304 4257 Membrum
328 4216 355 4256 n.
381 4194 474 4270 virile,
501 4218 519 4256 a
544 4195 568 4267 Q
594 4205 625 4257 et
648 4200 672 4268 )
697 4197 911 4276 significatum,
937 4204 985 4258 est
1010 4195 1106 4255 instar
1128 4192 1238 4254 Judaei
1262 4202 1414 4266 retectum,
1431 4203 1466 4247 Ν·

136 4293 267 4360 tortum,
292 4292 325 4346 et
347 4283 425 4344 iufra
449 4293 592 4364 agnatum
616 4293 736 4358 scroto,
761 4294 878 4346 meatus
903 4284 1005 4346 urinae
1030 4283 1125 4357 alius,
1151 4300 1240 4361 quam
1262 4281 1374 4344 ceteris
1395 4271 1465 4342 noui·

136 4374 234 4435 uibus.
283 4374 391 4434 Totum
415 4373 616 4451 compositum
646 4374 739 4435 babet
772 4375 899 4435 formam
932 4371 1095 4434 testudinis
1118 4378 1223 4432 coctae
1250 4370 1281 4431 iu
1306 4362 1466 4432 domueris

135 4482 212 4543 qnae
237 4473 307 4524 suut
331 4460 432 4522 uxoris
456 4480 541 4523 meae
566 4463 704 4523 deliciae.
752 4462 813 4524 Sed
838 4463 925 4540 plura
952 4461 1009 4541 ipsi
1032 4458 1223 4522 incommoda
1248 4457 1332 4521 circa
1354 4459 1404 4519 illa
1420 4455 1469 4517 loo

136 4550 285 4613 evenient.
333 4549 412 4621 Qiu
435 4542 507 4620 Uo'
530 4550 728 4631 impetuosum
753 4558 786 4612 et
807 4550 984 4611 indomitum
1015 4548 1180 4627 siguificat,
1211 4547 1371 4621 pium
1392 4538 1469 4624 ›girl-

137 4657 227 4713 mnm,
251 4638 438 4701 celerrimum
454 4639 695 4718 etiugeniosum.
741 4638 801 4700 Est
824 4659 852 4699 u.
879 4641 900 4715 d
925 4638 951 4698 iu
978 4636 1087 4699 illustri
1102 4636 1395 4698 constellationem
1412 4627 1470 4695 etit

136 4727 225 4789 domo
257 4736 375 4809 quarta.
421 4729 510 4790 Facit
541 4737 574 4790 et
604 4727 796 4791 temerarium
821 4736 853 4788 et
884 4726 1070 4807 populariter
1101 4725 1208 4786 bouum
1240 4734 1332 4805 atque
1365 4722 1471 4787 iadlen
