3278 5542
227 367 289 437 146
734 360 1064 427 Mysumcomognphiel

226 531 391 590 miscendum,
417 544 469 597 quo
494 527 579 580 stella
603 523 792 594 octangmlaris
814 523 999 577 associaretur
1022 523 1164 585 diametro,
1190 524 1241 576 sub
1259 524 1355 577 eodem
1376 523 1456 594 quasi
1477 536 1586 594 genere.

225 611 396 667 reclamante
410 617 521 661 natura.
563 606 650 658 Recte
666 604 753 675 igitur
767 604 878 666 factum,
902 604 973 674 quod
989 620 1042 656 non
1057 603 1182 672 acquievi
1196 602 1260 657 huic
1274 602 1477 658 distributioni.

306 682 427 758 w)an
449 688 534 757 plane
549 703 607 738 sum
623 692 735 738 secutus
760 684 786 736 in
811 684 858 737 lib.
875 685 907 736 V.
925 682 1081 736 Harmonic.
1105 685 1152 737 sed
1179 683 1206 736 in
1231 683 1359 737 instituto
1378 682 1500 737 diverso.
1541 682 1589 736 llic

226 771 297 825 enim
321 769 487 839 quaerebam
513 772 602 820 ortum
625 764 826 819 harmoniarum
842 763 1026 834 singularum:
1049 771 1079 816 at
1104 764 1150 816 lib.
1166 764 1200 817 V.
1215 763 1444 817 Harmonioorum
1467 763 1588 816 delusus

226 852 298 905 inter
316 848 376 917 jam
400 855 476 902 ortas
500 853 546 900 est
569 845 721 907 institutus,
746 860 817 913 quae
837 843 982 898 harmonia
1001 843 1098 912 quihus
1118 843 1248 912 planetis,
1271 859 1326 914 qua
1348 843 1491 898 mediam
1502 843 1590 914 figura

226 930 314 984 solida
330 928 544 981 consociaretur.
587 926 664 978 Cuho
686 924 773 995 igitur
791 924 843 976 etsi
865 942 917 976 non
932 932 1007 976 recte
1028 923 1073 976 hic
1087 923 1251 978 adscribitur
1272 923 1333 994 ipse
1347 930 1424 978 onus
1438 936 1587 977 consonan-

227 1011 283 1065 tias
307 1009 449 1078 diapason,
471 1013 547 1060 recte
571 1012 663 1058 tamen
687 1005 759 1057 dicto
783 1004 830 1056 lib.
852 1005 884 1057 V.
906 1002 1131 1057 Harmonicomm
1155 1003 1310 1058 associatur
1333 1004 1422 1075 ipsum
1441 1002 1588 1075 diapason;

226 1108 280 1145 non
303 1104 389 1143 causa
413 1095 500 1149 ortus,
524 1088 571 1139 sed
596 1101 682 1139 causa
705 1083 920 1138 cohabitationis
944 1083 1016 1136 inter
1038 1084 1170 1153 planetas
1190 1086 1315 1147 eosdem:
1335 1089 1412 1138 recte
1436 1083 1590 1138 usodsanr

226 1171 364 1231 octaedro,
388 1169 459 1239 quod
475 1166 537 1219 cubi
552 1165 672 1234 conjunx
687 1172 739 1226 est,
755 1164 940 1233 disdiapason,
963 1163 1006 1216 cui
1028 1162 1054 1215 iu
1070 1164 1229 1219 harmonica
1242 1165 1364 1219 sectione
1384 1165 1524 1219 adhaeret
1535 1162 1588 1216 dla-

228 1258 364 1305 tessarou.
407 1248 476 1301 Vide
498 1247 546 1300 lib.
570 1247 603 1299 V.
626 1261 687 1314 cap.
711 1246 737 1298 9.
759 1261 836 1314 prop.
859 1245 877 1298 8
899 1250 928 1296 et
951 1243 996 1297 12.

307 1325 339 1394 x)
361 1328 415 1382 Hic
429 1327 527 1384 iterum
544 1326 657 1379 fortuito
673 1322 789 1396 (quippe
811 1324 836 1377 in
853 1323 1042 1393 speculatione
1057 1339 1110 1375 non
1126 1322 1250 1393 propria)
1270 1326 1298 1379 iu
1311 1341 1407 1379 verum
1429 1322 1513 1377 incidi
1526 1336 1588 1394 qna·

227 1412 381 1465 damtenus.
423 1409 493 1462 Nam
508 1423 586 1476 prop.
607 1405 640 1458 15
656 1411 686 1458 et
700 1404 748 1458 27.
772 1404 837 1458 dicti
853 1403 952 1474 capitis
968 1404 994 1456 9.
1017 1405 1187 1457 dodecaedro
1207 1405 1313 1475 quidem
1332 1405 1467 1475 diapente
1480 1401 1588 1474 obtigit,

228 1491 370 1544 icosaedro
384 1505 450 1541 vero
466 1495 582 1557 utraque
599 1492 750 1547 sextarum,
773 1483 862 1538 tertiis
878 1485 967 1537 locum
981 1483 1084 1537 nullum
1099 1500 1161 1536 esse
1175 1486 1310 1553 probatur
1323 1501 1403 1556 prop.
1418 1484 1448 1539 6.

307 1565 338 1640 y)
361 1569 405 1622 De
426 1569 480 1621 hac
500 1566 620 1620 materia
641 1572 685 1619 cst
705 1581 781 1618 meus
803 1564 874 1618 liber
893 1565 940 1619 lv.
962 1564 1196 1618 Harmonicorum.

307 1643 337 1716 a)
357 1648 459 1703 Parum
483 1646 587 1717 aliquid
607 1645 634 1699 in
657 1645 709 1699 hac
724 1644 929 1715 comparatione
943 1645 1148 1708 emendandum,
1174 1645 1233 1699 vide
1248 1645 1295 1699 lib.
1311 1645 1357 1699 lV.
1372 1645 1472 1699 Harm.
1487 1658 1548 1714 cap.
1563 1645 1587 1699 6.

306 1742 353 1807 aa)
375 1744 554 1814 Nequaquam
580 1760 644 1796 vero
667 1742 784 1795 debilem
808 1742 984 1810 experientia
1013 1747 1144 1804 testatur,
1178 1744 1225 1796 sed
1256 1741 1396 1796 fortiorem
1423 1756 1511 1813 saepe
1532 1741 1587 1812 ipso

227 1824 315 1886 triam
342 1839 454 1878 oausam
477 1841 514 1876 ex
539 1823 606 1877 meis
629 1822 769 1892 principiis
794 1823 827 1874 do
851 1821 898 1876 lib.
924 1823 970 1875 lV.
996 1822 1089 1875 Harm.

306 1902 355 1968 bh)
379 1904 453 1958 Puta
473 1903 500 1956 in
515 1903 676 1957 Tetrabiblo
700 1903 733 1955 de
752 1902 916 1972 astrologia
931 1902 1041 1971 scripto.
1057 1894 1096 1971 ⁸¹)
1137 1905 1177 1955 At
1190 1902 1217 1955 in
1231 1902 1413 1967 Harmoniois,
1440 1918 1514 1973 quae
1528 1904 1588 1956 tunc

227 1987 345 2039 nondum
359 1984 489 2046 videram,
512 1999 624 2036 causam
641 1983 714 2036 hanc
729 1982 829 2052 tangit,
847 1982 894 2034 sed
915 1983 996 2045 male,
1019 1989 1051 2035 ut
1065 2000 1101 2035 ex
1116 1982 1182 2036 meis
1197 1981 1269 2037 notis
1285 1985 1321 2037 ad
1334 1982 1529 2038 Ptolemaeum
1541 1994 1587 2052 pa·

227 2063 310 2120 tebit:
334 2064 442 2118 omnino
467 2064 538 2116 enim
562 2070 592 2117 et
613 2079 696 2116 unum
717 2069 747 2115 et
762 2061 879 2133 quinque
904 2062 987 2133 signa
1010 2069 1139 2131 aspectus
1168 2062 1340 2118 constituunt
1361 2062 1502 2127 efficaces,
1523 2077 1587 2134 quos

227 2145 341 2215 appello
366 2143 546 2197 semisextum
570 2150 599 2196 et
619 2143 807 2213 quincuncem.

307 2221 349 2289 cc)
371 2225 432 2277 Hoc
446 2226 481 2277 ad
500 2223 609 2277 literam
624 2224 724 2276 laisum
740 2230 792 2275 est.
835 2222 905 2275 Nam
924 2221 997 2276 inter
1010 2223 1126 2277 chordas
1144 2225 1155 2277 l
1174 2231 1204 2278 et
1221 2223 1255 2278 12
1273 2231 1317 2278 est
1331 2222 1522 2294 triadiapasou
1535 2220 1631 2292 'epi-—

227 2305 366 2374 diapente,
393 2303 431 2356 sic
454 2303 527 2356 inter
552 2304 667 2357 chordas
684 2302 701 2355 5
716 2309 746 2355 et
763 2302 798 2354 12
823 2310 867 2356 est
890 2302 975 2356 tertia
998 2302 1085 2356 minor
1106 2318 1192 2374 supra
1212 2304 1355 2374 diapason.
1397 2302 1484 2359 alind
1507 2301 1631 2374 ipim-

226 2385 367 2438 habebam
381 2383 408 2436 in
424 2384 514 2437 auimo
529 2400 589 2436 oum
604 2384 674 2436 haec
684 2382 771 2435 verba
785 2382 941 2444 scriberem,
957 2382 1071 2445 scilicet,
1087 2384 1192 2438 nullam
1206 2402 1267 2438 esse
1282 2383 1432 2439 sectionem
1447 2382 1631 2454 tripliciter-

227 2463 422 2526 harmonicam,
448 2479 519 2533 quae
539 2464 708 2532 respondeat
727 2463 802 2516 hisce
826 2462 1003 2517 divisionibus
1023 2463 1126 2528 circuli,
1151 2464 1216 2535 quia
1237 2465 1290 2518 etsi
1307 2465 1332 2518 l.
1351 2463 1400 2528 12,
1417 2464 1485 2519 item
1502 2464 1529 2518 5.
1547 2460 1619 2517 12-

224 2550 382 2607 consonent,
408 2549 439 2597 at
456 2543 568 2597 residua
584 2545 615 2596 ll
635 2543 695 2596 etl
716 2544 868 2596 abhorrent
890 2543 926 2595 ab
947 2543 1070 2614 utrisque
1090 2545 1222 2600 terminis.
1264 2549 1303 2598 At
1323 2560 1377 2598 non
1399 2560 1464 2598 esse
1478 2542 1631 2598 eandem

223 2623 360 2679 rationem
375 2630 539 2693 aspectuum
562 2639 632 2693 quae
656 2630 700 2676 est
714 2624 963 2688 consonantiarum,
987 2624 1070 2677 doceo
1093 2641 1143 2694 per
1164 2631 1251 2679 totum
1268 2624 1368 2679 librum
1383 2625 1431 2679 Ν.
1448 2622 1620 2680 Harmoni-

225 2720 326 2766 norum,
348 2702 499 2774 praecipue
521 2719 581 2773 cap.
604 2704 631 2757 6.

304 2777 353 2852 dd)
374 2783 485 2837 Minime
513 2802 550 2837 ex
578 2784 635 2847 his,
675 2790 706 2836 at
734 2783 804 2836 bene
832 2801 868 2837 ex
896 2783 992 2854 figuris
1021 2783 1125 2853 planis,
1159 2773 1272 2854 qnaruiu
1300 2802 1354 2840 non
1383 2782 1587 2857 ignobilissima

226 2866 330 2919 dodeca
370 2881 429 2918 nus.

309 2881 368 3011 οξ)
376 2945 436 2998 Ηοο
460 2942 537 2996 initio
561 2943 637 2995 facto
660 2943 737 3013 coepi
760 2960 865 3015 augere
889 2959 1029 2997 numerum
1051 2951 1226 3013 aspectuum:
1251 2944 1304 2999 etsi
1322 2946 1396 3001 male
1413 2943 1522 3000 adsciri
1538 2960 1607 2998 ses-

227 3025 370 3096 quadrum,
392 3041 441 3077 seu
455 3025 559 3094 gradus
577 3022 641 3086 135.
662 3024 734 3076 male
750 3024 826 3077 omisi
842 3024 1020 3078 semisextum
1040 3041 1089 3078 seu
1104 3042 1147 3096 gr.
1163 3023 1210 3078 30.
1251 3026 1321 3081 Vide
1335 3042 1422 3098 saepe
1436 3025 1604 3098 allegatum

227 3120 290 3174 cap.
314 3106 342 3159 6.
365 3104 414 3157 lib.
436 3104 483 3157 IV.
509 3103 639 3155 Hermon.

307 3198 338 3266 u)
363 3203 490 3255 Frustra:
515 3217 578 3253 nam
601 3200 743 3253 confirmat
764 3201 939 3270 experientia
961 3202 1104 3274 quintilem
1125 3211 1155 3257 et
1174 3203 1359 3274 biquintilem;
1383 3205 1418 3259 de
1442 3203 1594 3276 sesquadro

227 3298 300 3345 vero,
326 3298 374 3335 cur
397 3281 445 3334 ille
460 3280 547 3333 minus
571 3280 608 3333 sit
631 3280 741 3344 efficax,
766 3298 847 3352 quam
870 3282 968 3352 reliqui
992 3301 1094 3348 omnes,
1120 3300 1222 3338 causae
1247 3285 1295 3340 lih.
1310 3286 1357 3340 1v.
1372 3285 1471 3340 Harm.
1487 3299 1549 3355 cap.
1564 3280 1592 3336 5.

228 3364 375 3417 traduntur
398 3362 483 3431 longe
506 3360 642 3414 diversae.
693 3363 768 3415 Istae
792 3378 857 3415 sero
888 3363 932 3415 hic
955 3364 1110 3417 recensitae
1139 3364 1257 3436 quinque
1281 3381 1384 3422 causae
1417 3372 1486 3420 sunt
1516 3361 1611 3418 noas.

227 3442 325 3495 iterum
346 3442 519 3503 refutandae,
547 3459 581 3494 ne
603 3449 719 3495 teneant
741 3441 885 3511 quintilem
906 3450 936 3495 ct
956 3442 1137 3514 biquiutilerri.

306 3523 377 3575 Nam
392 3523 462 3591 quod
478 3537 591 3574 causam
606 3522 722 3589 primam
737 3521 847 3586 attinet,
873 3522 945 3576 sicut
963 3540 1022 3576 cum
1037 3524 1110 3579 trino
1125 3523 1235 3578 sextilis
1255 3523 1353 3595 implet
1367 3523 1511 3589 circulum,
1535 3539 1587 3579 cum

227 3604 362 3673 quadrato
378 3603 530 3672 quadratus
545 3601 625 3665 alius,
652 3602 691 3656 sic
705 3602 790 3655 etiam
805 3618 864 3655 cum
879 3602 987 3673 quintili
1011 3604 1151 3668 tridecilis‚
1174 3621 1234 3659 cum
1253 3604 1392 3677 biquintili
1405 3604 1514 3670 deoilis,
1535 3620 1587 3659 cnm

225 3685 376 3754 sesquadro
399 3684 551 3752 sequadrus
573 3680 689 3751 implent
703 3682 910 3747 semicirculum,
936 3701 986 3737 uec
1006 3686 1134 3754 repudiat
1152 3686 1202 3739 hos
1217 3686 1330 3740 musica.
1372 3684 1436 3740 Nun
1450 3692 1496 3741 est
1509 3684 1588 3761 igitar

108 3797 117 3809 ·
226 3764 352 3817 efficacia
373 3764 410 3816 ab
432 3764 485 3817 hac
507 3763 710 3832 adaequatione
732 3762 903 3818 semicirculi.

305 3844 432 3897 Secunda
456 3858 542 3897 causa
566 3845 600 3895 ad
623 3860 680 3897 rem
695 3850 753 3897 est:
776 3850 807 3896 at
830 3843 880 3897 illa
901 3861 954 3897 non
976 3845 1086 3913 penitus
1108 3846 1238 3916 repudiat
1254 3845 1405 3916 quintilem,
1430 3847 1480 3900 sed
1495 3848 1588 3902 solum·

227 3925 305 3976 modo
321 3923 550 3990 imperfectiorem
573 3923 640 3976 facit
663 3924 734 3977 trino
749 3932 778 3976 et
793 3924 897 3987 sextili,
923 3931 1055 3994 quantum
1070 3926 1176 3996 quidem
1191 3926 1254 3997 ipsa
1268 3927 1366 3996 pollet,
1388 3942 1450 3982 cum
1464 3928 1529 3983 sola
1541 3944 1590 3982 noa

226 4002 271 4055 sit.
313 3993 481 4055 Irrationaie
513 4010 606 4055 autem
631 4004 669 4056 sic
692 4020 819 4073 nuncupo
841 4021 901 4057 cum
925 4006 1024 4075 vulgo,
1058 4009 1128 4076 quod
1152 4007 1179 4061 in
1203 4007 1375 4061 Harmonicis
1404 4007 1473 4062 mihi
1496 4008 1592 4063 dicitur

227 4081 375 4135 iueil'abile.

251 4173 253 4177 ’
305 4162 401 4215 Tertia
420 4178 506 4216 causa
524 4162 652 4216 coincidit
667 4180 727 4216 cum
741 4163 841 4230 primm
865 4164 950 4217 omnis
970 4165 1041 4218 enim
1063 4164 1090 4218 in
1106 4165 1276 4220 semicirculo
1292 4167 1414 4238 angulus
1432 4175 1529 4222 motus
1542 4174 1592 4222 eat.

225 4241 301 4296 Etsi
321 4240 406 4295 aliter
420 4242 582 4296 informetur
596 4243 666 4295 haec
681 4258 775 4305 causa,
801 4246 871 4313 quod
892 4244 946 4297 bini
964 4262 1073 4315 semper
1093 4252 1222 4316 aspectus
1238 4247 1361 4301 efficiant
1381 4264 1518 4304 summam
1530 4251 1593 4303 duo·

225 4338 285 4375 rum
306 4329 451 4384 rectorum,
473 4340 545 4375 nunc
565 4322 752 4376 semicirculus
775 4323 873 4377 iterum
894 4332 938 4377 est
959 4343 1051 4378 eorum
1073 4342 1211 4380 mensura.

306 4403 414 4464 Quarta
429 4418 514 4455 causa
528 4403 615 4455 futilis
631 4410 683 4465 est,
707 4403 816 4456 sienim
832 4404 917 4457 tertia
931 4406 1020 4459 mollis
1035 4406 1096 4460 ideo
1111 4413 1156 4460 est
1167 4408 1364 4478 quodammodo
1378 4409 1516 4477 perfecta,
1531 4408 1596 4480 quia

224 4482 312 4537 utitur
327 4484 423 4536 eadem
438 4481 570 4535 divisione
586 4500 646 4535 curu
660 4483 800 4552 perfectis,
820 4484 880 4537 scil.
896 4485 1074 4550 duodenaria,
1097 4503 1164 4540 sane
1179 4493 1209 4540 et
1222 4487 1319 4541 divisio
1337 4487 1480 4543 vicenaria
1495 4488 1594 4544 soma·

224 4561 313 4615 tuitur
327 4562 487 4629 adjumento
502 4562 708 4635 quaternariae,
733 4571 763 4616 et
776 4565 967 4635 sexagenaria
982 4567 1130 4620 ternariae.
1172 4567 1201 4621 si
1222 4567 1307 4622 tertia
1320 4570 1391 4622 dura
1405 4585 1461 4624 nou
1476 4572 1597 4640 quadrat

224 4643 260 4697 ad
282 4641 487 4706 duodenarium,
502 4642 600 4711 majori
616 4643 732 4697 termino
744 4643 771 4705 5,
797 4661 863 4698 sane
888 4662 976 4715 neque
1001 4647 1087 4700 tertia
1108 4647 1200 4701 mollis
1220 4650 1341 4719 quadrat
1362 4648 1397 4703 ad
1416 4648 1596 4715 vicennium,

224 4720 322 4789 majori
337 4721 451 4775 termino
468 4724 495 4777 6.
537 4724 655 4776 Rursum
675 4724 697 4777 si
719 4723 803 4777 tertia
822 4724 912 4778 mollis
936 4725 996 4779 ideo
1012 4728 1133 4781 hahetur
1152 4745 1202 4798 pro
1220 4729 1356 4798 perfecta,
1377 4728 1447 4800 quia
1459 4738 1508 4785 est
1521 4730 1598 4787 dimi·

224 4801 296 4863 dham
310 4801 396 4872 ipsius
411 4802 551 4873 diapente,
576 4803 666 4874 magis
681 4804 768 4858 tertia
781 4806 851 4861 dura
864 4806 1016 4860 habebitur
1036 4825 1087 4877 pro
1102 4809 1238 4877 perfecta,
1261 4808 1327 4880 quia
1339 4816 1370 4863 et
1383 4809 1448 4879 ipsa
1461 4818 1509 4865 est
1522 4811 1598 4866 dimi·

223 4881 296 4937 dium
310 4881 396 4952 ipsius
412 4881 543 4955 diapente
558 4900 694 4955 superans
710 4890 827 4950 tantum,
850 4893 982 4956 quantum
998 4888 1085 4943 tertia
1099 4890 1189 4944 mollis
1204 4890 1296 4944 deficit
1309 4906 1329 4946 a
1340 4889 1461 4946 dimidio
1500 4892 1601 4966 lhquc
