3278 5542
482 1251 766 1333 murnum
794 1250 863 1324 ΔΙ)
890 1249 1157 1325 OEMOBEE

755 1458 885 1473 aaa*

229 1606 421 1684 lhopositum
437 1614 484 1669 est
498 1606 583 1679 mihi,
602 1608 710 1681 lector,
735 1606 791 1667 hoo
807 1606 908 1667 libello
923 1606 1148 1678 demonstrare,
1163 1604 1244 1685 qnod
1259 1602 1392 1667 Creator
1405 1602 1484 1683 Opti·

140 1712 207 1755 mns
230 1693 395 1769 Maximus,
430 1695 634 1757 inescatione
668 1695 769 1758 mundi
793 1695 881 1774 hujus
910 1695 1028 1757 mobilis
1057 1701 1091 1756 et
1120 1693 1320 1772 dispositione
1348 1693 1485 1755 oosloruu

141 1784 180 1843 ad
209 1782 264 1844 nlla
292 1785 421 1863 quinque
448 1785 601 1862 regularia
628 1800 768 1864 corpora,
802 1783 870 1844 inde
901 1803 920 1844 s
951 1784 1127 1866 Pythagora
1158 1788 1191 1843 et
1215 1781 1346 1843 Platone
1379 1781 1419 1843 ad
1443 1799 1486 1842 nss

140 1890 234 1951 usque
259 1872 514 1947 celebratissima,
539 1873 722 1953 respexerit,
747 1882 838 1952 atque
862 1872 901 1933 ad
925 1870 1042 1934 illorum
1065 1877 1204 1933 naturam
1223 1870 1378 1934 coelorum
1392 1888 1484 1932 nuurs·

140 1979 219 2034 rum,
243 1962 471 2041 proportiones,
505 1970 537 2023 et
560 1968 692 2024 motuum
715 1962 863 2024 rationem
888 1959 1203 2033 accommodaverit.·)
1249 1958 1312 2021 Sed
1336 1967 1486 2040 antequan

141 2058 172 2110 te
196 2050 233 2111 ad
257 2068 321 2112 rem
345 2051 442 2130 ipsam
464 2051 568 2113 venire
593 2050 707 2130 patiar,
735 2069 802 2112 cum
825 2051 862 2111 de
887 2050 1044 2111 occasione
1068 2049 1155 2129 hans
1183 2047 1278 2111 libelli
1305 2056 1371 2110 tum
1395 2049 1431 2110 de
1445 2066 1485 2110 rs·

140 2138 221 2199 tiorm
245 2139 303 2200 mei
328 2139 457 2202 instituti
491 2140 594 2219 aliqua
624 2147 723 2201 tecum
757 2157 861 2218 agam,
895 2156 971 2218 quae
1005 2148 1037 2200 et
1064 2139 1103 2200 ad
1132 2146 1214 2199 tuum
1247 2137 1437 2200 intellectum
1463 2142 1487 2196 st

139 2228 177 2288 ad
202 2246 299 2290 meam
323 2228 434 2289 lamam
452 2228 603 2308 pertinere
627 2227 792 2290 arbitratus
816 2228 909 2288 luem.

229 2314 297 2386 Quo
328 2325 462 2396 tempore
486 2315 657 2395 Tubingae,
685 2316 793 2378 abhinc
825 2315 968 2378 sexennio
997 2313 1165 2376 clarissimo
1196 2313 1260 2374 viro
1284 2313 1328 2374 ld.
1353 2309 1490 2376 michaeli

139 2404 303 2465 Maesblino
328 2422 450 2485 operam
474 2405 598 2480 dabam,
622 2414 722 2466 motus
745 2404 902 2484 multiplici
921 2403 1167 2465 incommoditate
1182 2401 1316 2464 usitatae
1335 2402 1373 2464 de
1388 2401 1492 2464 mundo

139 2492 301 2571 opinionis,
326 2495 402 2555 adeo
425 2494 595 2557 delectatus
619 2510 684 2555 sum
708 2491 890 2572 (loperuico,
920 2494 1006 2572 cujus
1029 2492 1079 2553 ille
1103 2493 1131 2554 in
1156 2489 1415 2571 praelectionibus
1440 2490 1499 2553 suis

138 2581 296 2659 plurimam
320 2584 502 2644 mentionem
527 2581 676 2656 faciebat,
701 2591 734 2643 ut
758 2600 816 2643 non
841 2589 958 2644 tautum
973 2581 1078 2644 crebro
1103 2581 1168 2659 ejus
1191 2580 1306 2659 placita
1319 2579 1351 2640 in
1366 2578 1502 2662 physici·

139 2669 392 2749 disputationibus
417 2672 645 2734 candidatorum
660 2671 868 2745 defenderem,
892 2669 1054 2731 sedetiam
1068 2676 1244 2731 accuratam
1260 2669 1507 2748 disputationem

139 2758 176 2819 de
201 2769 282 2821 motu
307 2761 418 2840 primo,
444 2761 521 2840 quod
538 2754 651 2821 Terrae
667 2759 818 2822 volutione
834 2757 1008 2832 amicast),
1034 2757 1264 2820 conscriberem.
1311 2756 1447 2839 Jamque
1469 2758 1507 2819 iu

139 2866 174 2908 eo
198 2868 293 2922 eram,
326 2859 358 2911 ut
382 2850 478 2911 eidem
502 2849 596 2910 etiam
619 2849 730 2910 Telluri
756 2854 869 2910 motum
892 2846 1084 2921 Solarem0),
1108 2856 1142 2908 ut
1166 2845 1353 2927 Copernicus
1377 2846 1509 2910 mathe‘

138 2937 274 3013 maticis,
308 2937 352 2998 sic
381 2956 437 3018 ego
469 2937 616 3019 physicis,
648 2955 702 2999 seu
725 2937 837 3011 mavis,
867 2935 1080 3017 metaphysicis
1108 2934 1275 2996 rationibus
1304 2934 1512 2998 ascriberem·

138 3027 240 3104 Atque
263 3025 293 3087 in
318 3026 394 3089 hunc
417 3044 502 3089 usum
525 3026 635 3105 partim
659 3042 697 3087 ex
720 3043 771 3087 ore
786 3025 958 3097 Maestliui,
981 3024 1092 3104 partim
1117 3043 1183 3085 meo
1197 3023 1313 3095 Marte,
1338 3042 1416 3103 quas
1436 3022 1516 3087 Coe

138 3113 277 3192 perulcus
301 3113 330 3174 in
356 3114 482 3176 mathesi
506 3130 578 3192 prae
602 3112 777 3174 Ptolemaeo
801 3114 895 3177 habet
916 3113 1162 3187 commoditates,
1196 3112 1344 3191 paulatim
1368 3112 1515 3192 collegi:

138 3220 196 3281 qno
224 3201 327 3264 labore
362 3222 408 3264 me
439 3203 527 3264 lacile
559 3203 687 3265 liberare
714 3202 865 3281 potuisset
896 3201 1070 3264 Joachimus
1098 3201 1261 3273 Rbeticus,
1295 3201 1347 3280 qui
1380 3201 1521 3283 singula

136 3290 267 3351 breviter
300 3299 331 3352 et
358 3292 514 3371 perspicue
546 3292 643 3370 prima
670 3311 726 3352 sua
749 3290 930 3353 Narratione
959 3298 1137 3370 persecutus
1168 3299 1225 3351 est.
1274 3291 1399 3352 Interea
1432 3291 1515 3352 dum

135 3377 208 3440 illud
223 3399 329 3440 saxum
345 3381 442 3453 volvo,
459 3380 512 3440 sed
527 3401 691 3459 παρεργως,
707 3399 794 3440 secus
808 3379 1007 3459 theologiam:
1033 3379 1187 3441 commode
1204 3378 1327 3452 accidit,
1343 3386 1380 3440 ut
1395 3376 1514 3440 Grae*

137 3466 211 3527 tium
239 3467 386 3542 venirem,
422 3477 512 3548 atque
542 3468 582 3529 ibi
607 3466 740 3547 Georgio
765 3467 873 3529 Stadio
896 3489 926 3548 p.
951 3463 1047 3541 m.²')
1077 3468 1284 3529 succederem:
1326 3466 1376 3528 ubi
1410 3459 1518 3530 officii

138 3556 217 3618 ratio
252 3577 298 3619 me
333 3557 445 3620 arctius
475 3557 521 3618 bis
554 3556 663 3618 studiis
695 3557 866 3618 obstrinxit.
917 3557 962 3618 Ibi
995 3557 1024 3619 iu
1053 3557 1252 3636 explicatione
1284 3555 1515 3635 principiorum

137 3647 339 3709 astronomiae
363 3666 472 3727 magno
497 3647 567 3707 mihi
591 3646 656 3707 usui
681 3646 801 3708 fuerunt
824 3645 924 3707 omnia
948 3645 1015 3720 illa,
1044 3665 1120 3725 quae
1147 3654 1239 3707 autea
1261 3644 1309 3706 vel
1333 3665 1353 3705 a
1376 3645 1513 3707 Maece

137 3735 197 3796 lino
221 3737 409 3811 audiveram,
435 3737 482 3798 vel
499 3736 563 3815 ipse
589 3735 813 3798 affectaveram.
861 3735 962 3814 Atque
977 3735 1053 3796 utin
1070 3734 1199 3814 Virgilio
1224 3735 1304 3795 lama
1323 3733 1512 3796 mobilitate

136 3822 219 3900 viget
242 3826 380 3905 viresqne
403 3826 531 3905 acquirit
554 3824 669 3886 eundo:
699 3824 743 3885 sic
767 3825 840 3886 mibi
864 3825 969 3885 harum
992 3841 1091 3886 rerum
1115 3823 1244 3902 diligens
1268 3822 1418 3902 cogitatio
1445 3842 1507 3886 coa

137 3911 293 3990 gitationis
328 3915 479 3975 ulterioris
513 3933 607 3975 causa
636 3913 702 3974 luit.
758 3914 863 3974 Donec
899 3913 1022 3973 tandem
1052 3931 1129 3973 anno
1165 3908 1263 3986 1595,
1298 3929 1365 3972 cum
1405 3913 1510 3974 otium

138 4000 353 4064 electionibus
377 4021 515 4081 cuperem
539 4002 615 4062 bene
639 4009 731 4063 etex
755 4001 844 4064 officii
868 4000 983 4062 ratione
1009 4000 1198 4080 transigere,
1228 4007 1293 4062 toto
1322 3999 1417 4063 animi
1442 4000 1507 4063 im-

136 4095 210 4168 petu
234 4089 262 4150 in
286 4091 364 4152 hanc
387 4091 544 4152 materiam
569 4089 698 4151 incubui.

226 4177 267 4238 Et
286 4179 345 4239 tria
358 4179 546 4258 potissimum
563 4184 666 4251 erant,
691 4196 815 4257 quornm
829 4197 885 4257 ego
900 4197 1022 4251 causas,
1048 4196 1100 4239 cur
1116 4177 1173 4251 ita,
1199 4195 1256 4237 non
1273 4175 1363 4238 aliter
1382 4186 1506 4249 esseut,

137 4264 333 4344 pertinaciter
357 4267 551 4346 quaerebam,
585 4285 765 4338 numerus,
790 4267 989 4345 quantitas
1015 4274 1046 4327 et
1069 4275 1188 4328 motus
1213 4265 1336 4327 orbium.
1380 4266 1426 4329 Ut
1446 4267 1507 4329 hoc

138 4355 279 4416 auderem
315 4356 416 4417 effecit
452 4356 505 4417 illa
540 4355 666 4435 pulchra
701 4354 918 4435 quiescentium
955 4354 1123 4430 harmonia,
1168 4354 1263 4429 Solis,
1304 4355 1435 4418 fixarum
1472 4360 1508 4418 et

137 4442 306 4505 intermedii
350 4464 416 4506 cum
453 4443 518 4506 Deo
555 4444 667 4518 Patre,
713 4452 744 4505 et
785 4443 861 4505 Filio
903 4451 933 4505 et
971 4443 1004 4506 S.
1043 4443 1177 4523 Spiritu:
1225 4462 1313 4523 quam
1355 4443 1507 4508 similitu-

138 4530 236 4593 dinem
274 4552 329 4612 ego
368 4533 396 4593 iu
430 4532 661 4613 cosmographia
697 4549 861 4612 persequar
900 4532 1076 4612 ampliusd)
1123 4532 1199 4595 Cum
1237 4532 1327 4611 igitur
1360 4532 1405 4594 ita
1444 4535 1505 4597 ba-

138 4621 245 4682 berent
268 4621 468 4702 quiescentia,
504 4641 560 4682 non
591 4621 764 4684 dubitabam
794 4622 829 4683 de
858 4622 1033 4696 mobilibus,
1069 4622 1139 4703 quin
1165 4641 1198 4682 se
1226 4621 1402 4705 praebitura
1427 4623 1504 4686 siut.

139 4708 228 4770 Initio
253 4728 315 4772 rem
339 4712 468 4772 numeris
493 4729 656 4790 aggressus
680 4729 761 4783 sum,
795 4719 826 4772 et
853 4710 1055 4785 consideravi,
1091 4720 1187 4773 utrum
1217 4730 1292 4773 unus
1316 4711 1398 4772 orbis
1423 4711 1508 4775 alius

140 4798 279 4879 duplum,
315 4799 453 4880 triplum,
498 4800 713 4882 quadruplum,
752 4807 805 4860 aut
841 4799 911 4880 quid
949 4801 1072 4862 tandem
1108 4800 1253 4863 haberet:
1296 4807 1505 4887 quantmque
