3278 5542
142 299 204 368 198
595 299 625 349 ι.
644 299 788 381 nyssenus
808 297 1041 364 eosmogrsphicum

67 448 77 471 Ι
135 483 324 541 pertorquent
361 462 427 516 Cum
451 466 545 514 autem
565 461 621 514 sint
641 460 738 530 pauci,
763 476 874 515 causam
895 462 1041 514 habebunt
1060 458 1146 515 etiarn
1167 475 1321 530 paucarum
1343 459 1508 515 formarum.

137 545 279 606 Breviter,
304 561 358 598 non
382 541 488 595 faciunt
511 539 624 611 singmla
647 556 764 610 corpora
786 540 911 610 singulos
935 546 1033 613 λογιις,
1062 557 1116 593 non
1139 540 1237 611 anguli
1260 538 1372 610 plani'
1364 557 1394 592 ιιι
1417 541 1499 593 solido

139 625 258 695 angulo,
283 623 310 677 in
332 625 445 693 planum
469 621 578 674 extensi
593 629 697 675 etcum
719 620 834 673 4rectis
857 622 1009 690 comparati
1031 618 1170 690 (quamvis
1191 620 1312 700 perfecti
1333 622 1423 691 loyor
1441 619 1499 674 binc

138 705 223 760 etiam
237 704 333 757 haberi
348 697 468 771 possint)
484 719 537 754 non
552 702 639 770 plana
653 718 909 772 σωματοποιητικα,
928 719 982 755 non
1001 699 1147 769 implentia
1159 708 1191 754 et
1203 688 1345 753 struentia
1358 698 1497 769 planitiem

138 783 303 846 continuam,
326 800 379 836 non
395 798 508 851 quorum
523 783 661 850 quadrata
675 780 795 833 laterum
809 787 873 834 sunt
888 783 922 834 ad
938 782 1101 851 quadratum
1117 779 1252 842 diametri,
1275 785 1309 833 ut
1322 782 1498 843 numerand

137 879 285 918 nnmerum.
317 862 414 916 Omnis
434 861 504 914 haec
523 868 638 930 perrept
640 859 697 922 ari,
720 861 826 914 nullum
847 877 936 929 genus
958 861 1097 915 satisfacit
1117 861 1153 914 ad
1173 860 1260 915 talem
1280 858 1499 915 constitueudtm

137 943 329 1005 definitionem,
352 957 423 1012 quac
444 941 617 1009 supradictos
637 947 699 993 octe
713 945 799 1009 λογιις
817 942 1026 1009 complectatur,
1049 958 1100 994 nec
1118 941 1221 1009 plures.
1252 939 1325 1002 Quid
1338 939 1432 1011 igitur
1444 947 1497 993 tan·

138 1025 218 1077 dem?
246 1023 344 1076 Dicam
368 1021 560 1082 definitionem,
585 1029 685 1089 postea
708 1019 858 1090 intelliges.
887 1021 964 1091 Ergo
985 1020 1013 1074 in
1034 1019 1166 1074 divisione
1185 1019 1324 1089 bipart-ita
1343 1018 1444 1073 circuli
1460 1021 1499 1074 rel

138 1109 257 1174 quatuor
271 1110 408 1156 rectorum
422 1100 599 1154 constituitur
614 1105 700 1171 loyor
713 1099 867 1170 regularis,
887 1103 1056 1169 respondens
1074 1099 1238 1169 perfectioni
1259 1114 1411 1168 corporum
1422 1116 1498 1172 regn·
1512 1129 1517 1136 ·

138 1182 246 1245 larium,
267 1181 374 1253 quoties
390 1187 419 1233 et
434 1186 529 1249 partes
544 1179 616 1234 inter
635 1197 665 1233 sc
679 1188 709 1233 et
723 1196 782 1232 cum
804 1186 863 1232 toto
877 1180 985 1234 babent
999 1185 1088 1251 loyor
1101 1179 1219 1247 alicujus
1232 1180 1344 1250 llgurac
1362 1179 1498 1250 regularis

138 1261 382 1317 demonstrativae.
418 1261 496 1313 Haec
514 1259 644 1313 definitio.
677 1261 749 1314 Nam
770 1258 842 1312 sicut
861 1259 1032 1330 regularitas
1051 1275 1195 1328 corporum
1216 1274 1268 1328 per
1284 1259 1497 1329 regulariteteu

138 1343 285 1412 planorum
299 1341 434 1402 delinitur,
455 1339 493 1392 sic
508 1342 592 1410 λογος
605 1340 745 1409 perfectus
760 1346 797 1400 et,
813 1344 846 1391 ut
859 1339 900 1392 ita
914 1340 1010 1402 dicem,
1031 1339 1141 1402 solidus,
1158 1355 1208 1407 per
1222 1342 1329 1408 lorove
1342 1338 1498 1409 simpliciter

139 1422 334 1476 consideratos.
370 1421 467 1473 Dicam
489 1426 582 1473 autem
603 1420 673 1472 idem
697 1420 815 1472 fortasse
838 1438 1107 1494 γεωμετρικωτερον.
1143 1422 1242 1490 Λογος
1265 1417 1373 1472 solidus
1396 1419 1497 1481 existit

139 1501 247 1572 quoties
261 1508 292 1554 et
305 1503 440 1554 subtensa
458 1515 538 1553 arcus
557 1508 602 1552 est
619 1504 718 1570 20me
740 1499 774 1550 ad
796 1498 970 1562 diametrum.
995 1509 1025 1555 et
1048 1517 1128 1553 arcus
1150 1500 1185 1553 ad
1204 1497 1344 1553 residuum
1366 1500 1452 1573 ῥηως
1468 1516 1496 1551 eo

139 1583 218 1638 ruodo
233 1590 263 1636 et
277 1596 397 1643 numero,
413 1597 466 1649 quo
480 1596 560 1633 arcus
575 1580 655 1640 alius,
676 1580 823 1632 subtensus
837 1583 945 1655 λογικῃ.
964 1583 999 1634 ad
1012 1579 1143 1634 circulum
1156 1586 1254 1633 tetum.

219 1661 271 1715 Hic
292 1659 357 1729 jure
378 1659 540 1729 principium
561 1661 694 1729 quoddam
723 1664 767 1711 est
787 1662 874 1729 loyce
898 1660 1094 1730 aequalitatis,
1123 1659 1169 1729 qui
1190 1658 1287 1729 nequit
1307 1659 1495 1721 demonstreri,

138 1741 190 1796 nisi
211 1742 320 1810 inepte,
347 1747 379 1794 ut
398 1740 515 1793 circulus
544 1746 619 1793 totus
641 1740 788 1792 subtensus
810 1748 911 1807 puncto
933 1743 968 1793 ad
989 1741 1121 1794 circulum
1145 1757 1175 1793 se
1200 1739 1291 1808 ipsum
1317 1744 1411 1792 totum
1439 1739 1495 1792 snb·

94 1870 97 1880 .
139 1829 247 1876 tensm
267 1821 361 1873 itidem
381 1828 491 1888 puncto.
1343 1846 1346 1851 ,

217 1918 348 1989 Sequitur
362 1921 447 1989 λογος
464 1917 502 1984 ΙΙ..
522 1916 593 1969 Nam
612 1918 639 1983 ΙΙ
661 1914 756 1968 circuli
771 1923 814 1968 est
833 1918 967 1971 subtensa
986 1917 1128 1978 diametro,
1150 1932 1222 1986 quae
1241 1922 1285 1970 est
1307 1918 1342 1970 ed
1362 1933 1394 1970 ee
1416 1916 1496 1987 ipsam

138 2005 247 2072 loyrxq,
261 2000 384 2068 adeoque
399 2015 414 2049 e
417 1997 484 2049 tiam
497 1999 571 2067 perr]
586 1997 653 2058 et'l
652 1997 714 2064 ,ad
728 1995 866 2050 residuum
885 2000 911 2065 ΙΙ.
927 1998 1056 2069 ῥητονεο
1071 2014 1192 2060 numero,
1207 2013 1261 2066 quo
1275 2003 1352 2050 totus
1368 1999 1498 2051 anteaad

140 2087 236 2141 totum,
253 2096 290 2132 sc.
306 2086 338 2131 ut
354 2078 365 2130 l
384 2078 462 2130 sdl.

218 2158 311 2212 Tertio
330 2149 370 2217 Ἰ..
399 2157 471 2210 Nam
489 2150 516 2216 Ι.Ι
534 2154 627 2208 circuli
643 2154 818 2208 subtenditur
832 2155 921 2210 latere
938 2155 1071 2227 trianguli
1094 2161 1199 2228 λογικῳ
1220 2157 1257 2210 ad
1274 2155 1452 2221 diametrum,
1471 2164 1499 2210 et

143 2233 224 2300 'had
244 2233 334 2298 Ἰ.ιιι
348 2242 380 2289 ut
393 2243 479 2289 antea
493 2236 610 2289 circulus
625 2237 660 2288 sd
678 2230 718 2295 Ι.Ι

156 2335 157 2338 ’
219 2320 324 2380 Quarto
343 2309 383 2374 ΙΙ..
411 2315 482 2368 Nam
496 2314 670 2369 subtenditur
684 2315 773 2368 latere
789 2320 830 2368 tet
819 2315 963 2385 tragonico
983 2321 1095 2387 λογικῳ.
1115 2324 1146 2370 et
1162 2309 1192 2376 Ἰ.
1209 2322 1254 2369 est
1272 2318 1308 2370 ad
1327 2309 1355 2376 Ἰ.
1373 2325 1409 2371 ut
1426 2318 1513 2371 modo·

141 2405 206 2452 eret
220 2398 338 2451 circulns
355 2397 390 2449 ad
409 2389 448 2455 ΙΙ..

220 2477 322 2540 Quinto
338 2468 380 2534 ΙΙ..
408 2476 480 2529 Nam
499 2473 673 2529 subtenditur
691 2475 781 2527 latere
796 2473 1029 2547 quinquangulari
1048 2481 1154 2547 λογικῳ
1172 2476 1333 2545 imperfecte
1352 2482 1385 2529 et
1407 2468 1438 2537 Ἰ.
1460 2482 1503 2529 est

139 2559 175 2612 ad
194 2549 221 2617 Ἰ.
239 2566 271 2610 ut
288 2559 367 2609 modo
383 2563 444 2609 erat
465 2554 582 2609 circulus
606 2556 640 2607 ad
659 2547 699 2612 Ἰ..
729 2552 781 2607 Hic
803 2555 903 2618 nescio,
926 2574 962 2610 an
983 2557 1009 2609 id
1033 2559 1103 2627 quod
1124 2564 1168 2611 est
1188 2554 1408 2611 demonstrabile
1428 2563 1501 2610 recte

138 2638 227 2691 dicam
250 2641 377 2707 λογικον.
420 2636 491 2689 Nam
514 2636 679 2705 quadratum
701 2634 799 2688 lateris
824 2635 1071 2707 quinquangularis
1095 2636 1151 2690 scio
1175 2635 1337 2691 irrationale
1361 2636 1431 2698 dici,
1455 2636 1501 2689 sed

140 2723 235 2772 tamen
248 2715 416 2787 geometrice
431 2714 611 2768 demonstrari
626 2720 728 2782 potest,
751 2714 845 2783 iteqne
860 2716 934 2770 aliud
950 2717 990 2770 illi
1005 2733 1102 2771 nomen
1116 2718 1183 2770 dere
1197 2723 1226 2770 te
1240 2717 1378 2787 magistro
1392 2717 1503 2778 discam,

138 2798 248 2852 interea
261 2801 375 2850 vocetur
390 2798 513 2866 λογικον.
534 2796 604 2864 quod
623 2794 804 2848 demonstrari
823 2797 991 2864 geometrice
1009 2803 1113 2865 potest.
1142 2796 1195 2850 Sed
1210 2803 1292 2866 petet
1305 2796 1372 2849 hinc
1386 2812 1502 2867 quoque,

138 2879 212 2933 hunc
227 2882 314 2949 loyor
326 2874 554 2945 imperfectiorem
569 2891 639 2936 esse,
656 2891 716 2928 curn
730 2892 784 2927 non
798 2874 836 2927 sit
850 2875 947 2930 lateris
962 2876 1142 2947 pentagonici
1155 2877 1319 2945 quadratum
1333 2878 1370 2929 ad
1385 2878 1503 2947 quadra·

139 2966 197 3013 tum
211 2957 348 3019 diametri,
371 2963 402 3009 ut
422 2972 549 3009 numerus
565 2957 600 3007 ad
619 2971 775 3014 numerum;
797 2955 844 3007 sed
865 2961 958 3009 tamen
977 2958 1049 3010 duee
1063 2955 1206 3025 potentiae
1221 2963 1251 3009 et
1263 2955 1346 3025 hujus
1362 2954 1463 3010 lateris
1476 2958 1505 3008 et

142 3038 292 3092 subtensae
307 3037 411 3106 angulo
422 3035 538 3104 junctae
554 3041 619 3087 sunt
633 3036 667 3086 ed
681 3033 836 3103 potentiam
850 3034 976 3089 diametri
991 3042 1022 3089 ut
1038 3036 1054 3090 5
1070 3038 1105 3089 ad
1120 3037 1147 3090 4.

218 3117 305 3171 Sexto
324 3109 364 3174 Ι..Ι
393 3114 464 3169 Nam
479 3113 653 3167 subtenditur
667 3115 756 3167 latere
771 3116 952 3186 sexangulari
967 3122 1073 3188 λογικῳ
1092 3115 1215 3186 perfecte
1234 3123 1319 3187 etque
1334 3114 1421 3169 etiam
1435 3117 1506 3187 ρητφ

140 3203 171 3251 et
188 3191 218 3257 Ἰ.
235 3197 270 3249 ad
289 3188 320 3255 ΙΙ.
337 3204 381 3247 est
394 3202 426 3248 ut
439 3196 517 3248 modo
532 3193 649 3247 circulus
664 3194 698 3246 ad
718 3187 757 3252 ΙΙ..

219 3274 342 3344 Septimo
360 3266 400 3333 Ι.
429 3275 500 3327 Nam
513 3273 688 3327 subtenditur
701 3275 791 3328 latere
815 3268 840 3343 Χ
864 3279 970 3346 λογικῳ
987 3276 1163 3346 imperfecte,
1186 3276 1234 3329 sed
1252 3291 1313 3329 cum
1331 3273 1425 3329 latere
1438 3291 1505 3344 pen·

140 3354 238 3426 tagoni
253 3353 371 3423 junctim
385 3357 490 3425 λογικῳ
510 3353 643 3422 perfecte,
667 3359 699 3407 ut
719 3355 779 3408 loco
802 3355 896 3425 quinto
918 3355 990 3418 dixi;
1016 3364 1045 3410 et
1063 3348 1091 3416 ΙΙ.
1111 3357 1146 3409 ed
1164 3349 1195 3415 Ἰ.
1217 3362 1262 3409 est
1280 3361 1313 3409 ut
1333 3370 1424 3425 supra
1443 3360 1506 3408 erat

103 3455 107 3459 ’
140 3435 257 3488 circulus
277 3437 312 3488 ad
337 3426 377 3493 Ι..Ι

221 3515 326 3569 Octavo
344 3508 384 3573 Ἰ.
414 3514 485 3568 Nem
503 3511 678 3566 subtenditur
692 3514 781 3568 latere
806 3513 838 3590 ᾗ
859 3521 961 3586 λογικῳ
980 3514 1139 3585 imperfecte
1158 3513 1326 3585 simpliciter,
1347 3514 1399 3567 sed
1413 3520 1504 3568 tamen

567 3594 786 3659 demonstrabili,
812 3605 842 3651 et
868 3589 897 3654 Ι.
924 3597 959 3648 ad
986 3588 1015 3655 ΙΙ.
1038 3604 1082 3651 est
1104 3603 1137 3650 ut
1159 3597 1238 3651 m'odo
1259 3594 1380 3649 circulus
1402 3595 1439 3647 ad
1463 3585 1502 3653 Ἰ

370 3736 398 3804 ¹
413 3700 464 3835 Ι
438 3700 464 3769 Ι
480 3663 532 3803 ΙΙ.
570 3672 1417 3819 Ἰ.Ι..ΙΙΙ’.ἱῗ..ζΙΙὶῗΙῖἶί.ἰὶΙ..ΙΙζίἓ’.Ι.Ι..ἰΙἸ.Ι.ἲ..Ι.ἵ.ξΙΙ
1424 3680 1505 3807 tt:

144 3804 238 3948 qm
230 3802 329 3945 sim:
367 3773 463 3981 {53³⁸
433 3770 463 3837 ΙΙ
567 3834 683 3903 pulchre
711 3834 797 3890 rideri
829 3841 946 3906 possunt
977 3834 1005 3887 in
1040 3836 1171 3905 apposita
1205 3835 1313 3890 tabula.
1354 3833 1428 3887 Nam
1455 3833 1501 3886 ad·

367 3915 464 4049 ,m
435 3914 464 3980 ΙΙ.
567 3912 641 3967 ditur
655 3922 814 3970 numerator
827 3915 1024 3969 denominatori
1047 3922 1077 3969 et
1094 3917 1126 3970 tit
1144 3931 1231 3969 novus
1253 3914 1359 3984 duplex
1381 3910 1501 3968 denomi-

567 3999 657 4057 nator,
673 3994 751 4062 cujus
766 3984 954 4050 numeratores
969 3996 1040 4050 fiunt
1053 4003 1111 4050 tam
1127 3995 1316 4050 denominator
1328 3992 1407 4064 prior
1420 4008 1502 4065 quarn

566 4081 733 4127 numerator
768 4077 833 4130 Inde
852 4083 940 4146 patet,
962 4093 1010 4129 cur
1029 4093 1084 4129 non
1101 4092 1196 4130 eamus
1215 4074 1342 4130 ulterius.
1371 4071 1501 4143 Exempli

139 4165 225 4205 causa
240 4149 266 4202 in
284 4140 330 4211 Ἰ..
356 4146 423 4202 3et
441 4150 460 4202 4
479 4149 591 4204 sunt'f.
629 4156 668 4205 Δι
686 4156 854 4210 subtendent
877 4149 905 4214 Ἰ
929 4173 983 4209 non
1003 4162 1046 4209 est
1068 4155 1298 4220 demonstrabilis.
1332 4153 1428 4215 Quare
1448 4169 1501 4207 ncn

63 4232 69 4242 '
138 4236 308 4302 potestesse
323 4229 411 4282 bonus
426 4233 516 4298 loyor,
535 4228 559 4282 si
574 4229 713 4286 circulus
706 4251 733 4287 ιιι
749 4234 766 4288 3
781 4243 811 4288 et
826 4238 844 4291 4
858 4236 1004 4290 dividatur.
1033 4234 1178 4291 Sicetiam
1191 4230 1314 4306 postis,
1329 4228 1383 4294 ’.Ἰι
1404 4250 1500 4305 teque·

136 4315 215 4365 retur
232 4303 273 4372 Ἰ..
291 4301 333 4370 ΙΙ..
354 4301 432 4370 Ἰ..Ι
422 4336 454 4367 ...
483 4311 522 4363 Ει
534 4318 600 4378 post
615 4304 646 4371 Ἰ.
664 4321 827 4383 sequeretur
843 4308 883 4380 ΙΙ..
903 4310 946 4375 Ι.
974 4317 1196 4370 Atsubtendens
1211 4309 1243 4376 Ἰ.
1263 4321 1378 4369 nonest
1392 4315 1500 4369 demon

138 4380 273 4445 atrabilis.
297 4389 366 4442 Post
380 4382 410 4447 Ι.
422 4396 452 4442 et
465 4381 494 4448 Ἰ.
511 4399 673 4459 sequeretur
691 4387 783 4456 ΙΙ..,ΙΙ
773 4426 816 4458 ...
836 4390 890 4458 Ἰ..
908 4387 962 4457 Ι.Ι..
978 4403 1009 4450 at
1023 4397 1190 4450 subtendens
1205 4397 1278 4450 tales
1292 4410 1374 4449 maus
1389 4395 1502 4449 nonest

137 4467 370 4524 demonstrabilis.
400 4468 466 4522 lnde
481 4476 569 4538 patet,
590 4466 733 4533 οιιιΙ..ἸΙ
733 4475 848 4533 .ιιιοὶιιι
861 4479 958 4546 λογον,
978 4482 1010 4530 at
1030 4493 1084 4530 non
1104 4470 1142 4538 ΙΙ..
1162 4470 1202 4535 'el
1232 4477 1303 4541 Nam
1317 4473 1373 4528 etti
1393 4466 1423 4534 ΙΙ.
1437 4473 1507 4527 mir·

138 4559 219 4604 tensa
232 4552 442 4611 demonstratur,
458 4549 533 4602 latus
544 4567 642 4620 nempe
651 4555 795 4623 octogoni;
812 4563 903 4609 tamen
917 4556 1151 4610 constituerentur
1164 4554 1192 4608 in
1206 4555 1307 4610 circulo
1322 4560 1420 4624 partes
1438 4555 1464 4616 l.
1473 4552 1499 4615 ¹l,

138 4645 209 4700 quae
223 4646 277 4683 non
292 4635 409 4698 possunt
422 4629 589 4682 trsnsferri
581 4648 607 4684 m
624 4639 711 4686 totum
727 4633 743 4687 7
759 4642 789 4689 et
802 4635 863 4703 ejus
878 4645 985 4705 partem
1004 4638 1026 4699 1,
1043 4636 1070 4699 6,
1086 4636 1151 4706 quia
1168 4637 1247 4689 modo
1267 4629 1292 4694 Ἰ.
1315 4633 1425 4702 rejecta
1438 4632 1499 4687 luit.

215 4724 253 4779 Hi
267 4731 333 4778 suut
346 4740 414 4793 ergo
429 4724 487 4796 logi
506 4724 595 4788 solidi,
616 4745 639 4781 ει
633 4727 770 4820 placet'
763 4747 837 4798 ipsos
853 4731 892 4784 sic
906 4732 1055 4794 nominare
1076 4733 1141 4803 quia
1155 4733 1225 4787 siout
1241 4741 1297 4787 tres
1313 4733 1349 4785 ad
1362 4731 1500 4786 minimum

137 4804 234 4887 anguli
249 4811 415 4868 concurrunt
435 4807 469 4859 ad
489 4804 613 4871 solidum,
638 4807 710 4863 ita'
702 4827 731 4864 ιιι
743 4803 858 4868 musica
877 4812 909 4865 fit
929 4829 967 4865 ex
979 4812 1023 4865 his
1037 4817 1135 4887 λογοις
1149 4813 1232 4872 trium
1245 4828 1343 4895 vocum
1356 4811 1501 4871 mult
