3278 5542
137 313 204 381 raa
702 311 940 397 ammas.

706 474 732 533 T
812 471 819 487 ’
926 519 934 534 .

226 561 377 624 Recensui
408 561 585 640 potissimas
618 473 857 643 praedioliibbbin
865 471 1137 640 LaIsItrologicamm
1163 580 1294 636 eausam
1327 558 1406 641 quod
1426 560 1485 623 reli·

139 672 228 733 quum
252 661 310 726 est,
335 652 364 712 iu
384 651 458 730 ipsis
483 651 698 730 utplurimum
721 650 975 730 praedictionibus
1007 669 1192 714 consumam.
1239 652 1373 714 Primum
1401 668 1485 711 meuse

44 821 49 825 q
138 741 318 815 Decembri,
353 739 499 801 Ianuario
532 748 564 801 et
595 740 758 802 Februario
798 739 916 803 sextilis
944 737 1067 802 Saturni
1094 748 1127 801 et
1148 740 1260 802 Martis
1283 740 1362 811 erit,
1383 748 1486 817 praeter
1523 780 1527 791 ·

137 849 248 892 morem
263 829 429 890 diuturnus.
459 829 582 890 Accidit
606 830 692 904 euim,
715 837 749 891 ut
762 829 846 890 Mars
871 829 958 890 simul
983 830 1036 890 liat
1059 828 1268 904 stationarius,
1294 837 1328 890 et
1350 827 1483 890 Saturnus

137 940 190 1000 per
223 938 256 980 se
288 919 394 980 tardus
428 926 486 979 est.
534 915 703 980 Commotio
736 919 896 979 vehemens
925 926 956 978 et
979 917 1166 980 certissimus
1191 937 1338 982 excessus
1366 917 1397 978 in
1418 924 1485 978 statu

139 1009 228 1071 aeris.
275 1009 310 1069 In
336 1026 392 1088 quo
418 1016 518 1068 autern
542 1027 720 1069 excessurus
744 1008 801 1081 sit,
828 1026 885 1068 nou
909 1007 954 1068 ita
978 1006 1150 1085 expeditum
1173 1016 1230 1070 est.
1272 1006 1408 1071 Namad
1425 1005 1485 1067 hunc

138 1118 199 1159 rem
223 1097 385 1177 requiritur
408 1096 559 1175 generalis
574 1097 653 1158 illius
669 1095 876 1176 dispositionis
892 1096 1042 1157 Terrenae
1066 1097 1248 1176 speculatio,
1274 1097 1375 1177 qualis
1403 1095 1485 1157 lutura

139 1188 188 1262 sit,
215 1185 293 1266 quod
318 1184 437 1264 quidem
462 1186 551 1246 nullis
566 1186 663 1246 adhuc
688 1185 867 1265 conjecturis
892 1184 1012 1265 assequi
1036 1202 1090 1247 uos
1118 1203 1209 1264 posse
1231 1194 1317 1265 puto,
1337 1203 1413 1266 quae
1434 1184 1485 1246 dis·

134 1276 244 1356 positio
268 1275 374 1336 fortior
396 1286 461 1348 est,
486 1293 576 1353 quam
599 1275 731 1356 ipsorum
757 1275 948 1353 planetarum
976 1273 1161 1353 operationis
1185 1275 1317 1338 variatio
1341 1292 1396 1354 per
1417 1273 1482 1336 viret

140 1364 316 1445 peculiares.
364 1361 400 1423 Si
425 1364 507 1424 solus
531 1364 590 1425 iste
615 1365 723 1425 fuisset
746 1371 901 1442 aspectus,
932 1381 1080 1425 summum
1103 1363 1141 1424 ab
1165 1362 1411 1426 exhalationibus
1431 1362 1486 1424 niu·

143 1454 221 1533 gidis
246 1453 340 1532 frigus
364 1448 594 1530 praedixissem.
641 1453 685 1513 At
713 1454 777 1531 jam
808 1461 931 1532 propter
962 1470 1138 1514 concursum
1168 1453 1366 1533 plurimorum
1393 1469 1485 1532 aspec-

141 1552 223 1604 tuum
247 1550 363 1602 tautam
396 1549 468 1620 puto
493 1542 556 1603 fore
581 1542 808 1602 commotionem
833 1541 1012 1613 (accedente
1030 1542 1211 1619 praesertim
1225 1540 1485 1612 statioquartisl

139 1640 173 1692 ut
196 1637 249 1693 aer
272 1630 383 1709 tepidis
406 1631 496 1708 plane
520 1630 696 1710 vaporibus,
722 1650 737 1690 e
761 1631 873 1691 Terrae
897 1630 1064 1692 visceribus
1087 1630 1230 1705 excretio,
1258 1631 1395 1700 calefiat,
1416 1631 1485 1691 uires

139 1720 352 1800 propemodum
376 1719 575 1795 resolvantur,
601 1719 712 1781 itinera
734 1720 891 1798 plurimum
916 1718 1126 1799 impediantur.
1171 1718 1313 1783 Januarii
1331 1717 1365 1784 4.
1390 1716 1485 1796 όΘῗ

137 1810 221 1871 nives
251 1816 304 1870 aut
327 1816 449 1883 ventos,
475 1816 564 1887 prout
588 1810 665 1870 feret
688 1808 838 1888 generalis
863 1807 1033 1887 dispositio.
1081 1806 1171 1871 Circa
1203 1806 1255 1873 10.
1283 1808 1416 1884 1i.,sex
1434 1808 1485 1870 ior·

137 1899 248 1961 tissimi
272 1904 427 1977 aspectus.
474 1899 578 1959 Merus
603 1905 708 1977 tepor,
742 1906 774 1958 et
806 1897 925 1977 pluviae
957 1916 1024 1959 cum
1047 1896 1165 1979 nivibus
1189 1897 1384 1961 intermixtis
1426 1897 1485 1958 line

138 2007 176 2049 ox
199 1986 330 2068 antiquis
354 1986 527 2065 aspectibus
552 1987 635 2058 nulli,
664 2006 700 2047 ex
724 1987 809 2047 novis
833 2005 904 2048 vero
928 1987 957 2049 d.
974 1983 1027 2047 21.
1053 1986 1187 2066 quintilia
1209 1985 1299 2049 Jovis
1324 1994 1358 2050 et
1375 1985 1486 2049 Veneris

139 2079 284 2139 flatuosus
309 2083 340 2137 ει
363 2076 487 2149 calidus,
515 2083 657 2156 quantum
681 2076 786 2156 hyems
810 2076 878 2137 sert.
916 2076 956 2136 D.
982 2069 1034 2136 21.
1059 2075 1193 2154 quintilis
1217 2075 1346 2139 Saturni
1368 2084 1400 2138 et
1421 2074 1486 2138 Solis

138 2167 274 2246 frigidus,
300 2165 440 2244 ningidus
465 2185 517 2225 seu
541 2165 670 2244 pluvius.
704 2165 743 2227 D.
765 2160 818 2226 28.
835 2164 1104 2244 sesquiquadratus
1122 2165 1234 2227 Martis
1259 2172 1293 2228 et
1316 2164 1485 2239 Solisacer,

139 2255 293 2316 subtilium
318 2261 348 2314 et
371 2253 534 2332 rigidorum
559 2262 724 2328 ventorum,
750 2261 781 2314 et
803 2271 858 2333 pro
882 2272 914 2314 re
938 2260 1012 2314 nata
1035 2253 1185 2334 ningidus.
1216 2253 1395 2319 Observout
1410 2255 1486 2335 igitur
1526 2248 1529 2257 ⁴

139 2344 194 2405 hoa
217 2344 292 2414 dies,
318 2343 423 2423 quibus
448 2351 496 2405 εει
519 2343 636 2405 animus
660 2361 755 2404 novos
780 2348 922 2422 aspectus
945 2342 1086 2422 probare.
1527 2334 1529 2349 '

698 2430 831 2493 Thesis
855 2431 939 2492 LIII.
1206 2492 1212 2501 ,

227 2519 409 2584 Febmarius
443 2527 545 2582 scatet
577 2520 708 2600 antiquis
744 2527 777 2581 ει
804 2520 889 2581 novis
921 2519 1103 2598 aspectibus.
1149 2520 1184 2581 Iu
1215 2518 1366 2600 principio
1389 2522 1419 2598 ό
1435 2517 1488 2596 92

140 2609 244 2670 turbas
278 2610 307 2670 in
336 2609 415 2670 aeris
445 2609 659 2670 constitutione
687 2610 810 2683 afferet,
845 2628 914 2670 nam
948 2610 1009 2670 fere
1043 2607 1166 2672 Saturni
1189 2618 1222 2684 et
1245 2610 1359 2673 Martis
1382 2618 1487 2673 conta·

139 2700 278 2759 rietatem
302 2698 403 2759 sortiti
427 2707 511 2773 sunt,
545 2707 578 2759 ut
606 2716 697 2777 supra
727 2699 838 2761 vidisti.
886 2698 1008 2777 Loquor
1035 2707 1135 2761 tamen
1165 2698 1213 2761 hic
1244 2718 1282 2761 ex
1308 2699 1487 2780 experientia

139 2806 216 2867 quae
239 2788 328 2848 valde
353 2787 555 2849 turbulentam
579 2795 712 2849 testatur
735 2788 840 2850 horum
864 2788 1149 2866 configurationem
1174 2787 1253 2850 forte
1275 2788 1310 2850 id
1333 2797 1366 2851 et
1388 2789 1425 2851 ob
1443 2789 1487 2849 hoc

139 2886 201 2951 est,
235 2877 305 2956 quia
329 2896 395 2938 cum
419 2876 482 2937 sint
511 2878 645 2955 aequalis
675 2895 768 2956 prope
796 2895 911 2951 cursus,
936 2877 1021 2937 tarde
1046 2884 1236 2956 separantur,
1260 2886 1295 2939 et
1317 2879 1486 2959 ponderosos

140 2967 331 3046 aliquatenus
364 2973 605 3044 repraesentant.
666 2965 814 3045 Equidem
848 2973 879 3026 et
913 2965 1045 3027 tonitrua
1078 2985 1145 3027 esse
1177 2975 1317 3046 possunt
1370 2967 1420 3030 Ab
1448 2964 1485 3028 11.
1527 2982 1529 3003 ¹

138 3057 212 3118 Feb.
238 3055 286 3115 ad.
311 3052 364 3116 23.
390 3055 472 3115 nulla
495 3056 582 3134 plane
607 3054 702 3133 quies.
743 3057 857 3135 ⁸Itaque
891 3064 944 3116 aut
974 3053 1133 3135 plurimum
1160 3055 1280 3135 ningat,
1315 3056 1344 3119 si
1373 3057 1419 3119 die
1447 3052 1485 3116 11.
1527 3110 1529 3123 .

140 3144 218 3223 apud
242 3141 360 3222 UijG)
387 3144 480 3223 frigus
504 3144 637 3219 redierit,
662 3151 715 3205 aut
736 3144 895 3225 plurimum
917 3143 1010 3224 pluet,
1036 3143 1063 3206 si
1086 3152 1174 3225 tepor
1196 3143 1271 3221 illic,
1304 3146 1384 3228 quod
1405 3142 1485 3224 megia
1527 3164 1529 3175 ·

139 3233 241 3308 credo,
266 3233 417 3312 perduret.
580 3262 584 3270 ·
705 3254 709 3259 ·
1527 3240 1529 3251 '

696 3320 833 3382 Thesis
857 3321 942 3384 LIV.

225 3408 341 3471 Habuit
356 3408 537 3472 Februarius
557 3406 597 3473 21
615 3417 757 3489 aspectus
773 3429 827 3471 sex
841 3411 1032 3490 planetarum
1046 3412 1170 3484 (Lunae
1184 3417 1220 3473 ut
1242 3410 1368 3476 nimium
1390 3411 1485 3475 veloc'u
1527 3436 1529 3443 ·

137 3499 216 3560 iuter
247 3507 389 3578 aspectus
423 3500 500 3561 ratio
528 3518 603 3579 pene
635 3499 718 3561 nulla
746 3502 818 3573 est).
866 3499 996 3562 Martius
1024 3499 1130 3578 viginti
1153 3501 1350 3566 nanciscitur.
1396 3505 1485 3583 Itaque
1527 3518 1529 3585 ξ

137 3590 231 3650 multo
255 3589 352 3651 adhuc
374 3588 574 3650 turbulentior
598 3588 670 3663 erit3
695 3607 760 3649 cum
785 3588 861 3649 alias
886 3608 1002 3668 quoque
1022 3589 1096 3651 haec
1116 3589 1179 3669 ejus
1193 3598 1306 3654 natma
1319 3592 1370 3655 sit
1399 3592 1485 3654 Primo
1526 3612 1529 3677 j

136 3678 249 3740 mensis
267 3687 354 3758 parte
374 3679 438 3758 jam
463 3679 597 3740 tonitrua
619 3686 743 3759 propter
767 3675 847 3754 00&
860 3686 899 3752 ό,
930 3679 975 3739 cui
1000 3679 1059 3740 etsi
1083 3679 1211 3741 latitudo
1235 3681 1349 3744 MartIs
1376 3682 1485 3744 multum

137 3767 288 3844 detrahit,
327 3768 475 3830 crebritas
508 3776 609 3829 tamen
643 3775 819 3846 aspectuum
851 3766 983 3829 vicissim
1015 3767 1095 3830 vires
1123 3768 1218 3833 addit
1266 3770 1369 3852 Tepor
1400 3771 1484 3851 itaque

136 3857 404 3935 praeternaturalia
437 3858 602 3932 hacteuus,
634 3853 727 3918 a-13.
751 3857 855 3918 Martii
887 3875 1017 3937 auguror
1049 3858 1319 3923 commutationem
1346 3860 1377 3923 iu
1406 3860 1484 3941 triga
1522 3864 1529 3875 “

136 3946 292 4025 hyemale:
322 3947 390 4007 exin
414 3947 572 4008 continuos
595 3952 703 4006 ventos
728 3945 862 4025 frigidos,
888 3946 1032 4027 nivesque
1054 3946 1165 4029 pluviis
1183 3948 1390 4014 intermixtas.

704 4035 838 4096 Thesis
862 4035 931 4098 LV.

226 4121 362 4201 Aprilem
386 4141 474 4202 spero
499 4125 667 4186 naturalem
691 4123 776 4185 initio
800 4124 915 4200 calido,
941 4124 979 4185 ob
1002 4124 1190 4206 biquintilem
1213 4126 1326 4189 Martis
1354 4135 1387 4190 et
1407 4124 1482 4197 Solis,

136 4210 268 4293 pluvium
292 4213 452 4274 admodum
477 4212 565 4273 biduo
590 4222 660 4274 ante
684 4222 717 4274 et
738 4222 810 4293 post
832 4213 1036 4292 plenilunium,
1061 4215 1287 4295 configurantur
1301 4215 1382 4280 emm
1396 4233 1482 4280 omues

137 4301 289 4381 planetae.
336 4303 401 4362 Nec
425 4302 551 4363 deemnt
575 4323 594 4362 a
621 4301 670 4364 13.
695 4302 724 4363 iu
753 4298 801 4366 16.
827 4303 957 4382 pluviae.
1000 4305 1073 4366 Inde
1097 4304 1180 4367 calor
1203 4314 1237 4369 et
1257 4305 1343 4370 circa
1364 4302 1417 4370 21.
1437 4323 1481 4366 ex·

136 4409 251 4466 cessus,
277 4390 326 4471 qui
349 4391 379 4452 in
403 4391 537 4453 tonitrua
560 4399 705 4471 erumpet,
729 4392 767 4454 ob
791 4392 941 4472 trigonum
964 4392 1046 4456 Solis
1069 4401 1101 4456 et
1123 4395 1245 4458 Martis.
1292 4395 1482 4459 musicarum

135 4480 257 4543 imbres.

224 4569 300 4631 Maii
323 4568 469 4650 principia
492 4569 592 4630 reddit
615 4569 737 4632 horrida
759 4578 792 4632 et
815 4570 984 4632 tonitruosa
1003 4571 1033 4647 ό
1044 4570 1115 4649 ῼζὲ,
1140 4571 1198 4634 uisi
1223 4572 1347 4637 diversa
1368 4570 1480 4638 latitudo

136 4659 197 4720 vim
219 4659 300 4722 illius
325 4665 465 4732 enervet,
495 4672 571 4737 quae
596 4660 756 4721 admodum
780 4669 865 4721 certa
888 4679 947 4721 non
971 4668 1038 4735 est,
1066 4657 1101 4722 ut
1127 4680 1183 4723 uec
1212 4662 1279 4727 dies
1302 4670 1424 4746 propter
1441 4659 1480 4722 ri·

136 4749 245 4811 tiosum
270 4748 430 4811 etiamnum
454 4749 612 4810 calculum.
658 4750 716 4810 Die
740 4748 790 4812 10.
815 4747 933 4812 11.12.
959 4748 1086 4828 frigidae
1110 4750 1241 4830 pluviae,
1266 4759 1302 4816 ει
1316 4755 1373 4816 vel
1392 4749 1479 4816 uixiu

136 4839 302 4928 montanis,
336 4837 498 4900 insalubris
530 4844 593 4901 aer.
639 4839 684 4902 At
707 4858 813 4903 sereno
837 4839 921 4903 coelo
951 4838 1113 4903 etiamnum
1134 4841 1244 4922 pmina
1266 4842 1363 4909 metui
1382 4846 1479 4926 potest·
