3278 5542
146 294 208 363 too
657 296 769 361 syrten
788 294 989 362 cammaro

143 458 182 521 ab
204 456 242 519 iis
265 455 390 520 discedi.
435 455 643 519 Rhelnholdus
667 455 785 537 quidem
807 455 837 518 in
861 455 1030 519 Prnteniois
1054 455 1154 519 omnia
1176 452 1414 537 diligentissime
1437 454 1503 518 dis·

141 547 252 629 posuit.
291 544 353 608 Sed
377 544 468 607 nolim
491 545 599 625 aliquis
623 546 680 607 hac
703 544 805 624 specie
829 545 1073 624 scrupulositatis
1101 544 1256 608 inescatus
1286 542 1503 609 cnseinscoloe

143 654 281 698 numeros
309 635 338 697 io
367 634 553 697 astronomia
585 634 744 695 fastidiat:
778 653 842 695 reru
875 634 1011 697 exactius
1044 644 1179 696 censeat.
1226 634 1286 697 Illa
1314 632 1425 697 summi
1452 632 1503 695 ein'

95 735 110 755 ²
142 725 259 787 minuta
281 733 312 787 et
334 724 510 803 scrupulosa
533 742 605 784 cura
629 730 683 784 aut
705 731 755 784 est
776 729 900 802 propter
919 723 1131 787 certitudinem
1147 723 1265 799 calculi,
1289 729 1345 785 ant
1367 740 1428 785 nou
1450 740 1502 785 oe·

143 812 276 875 cessaria
298 813 327 873 io
351 812 489 893 partibus
513 830 718 884 numerorum,
742 811 824 891 ipsos
849 831 920 873 uero
944 820 1027 875 totos
1051 831 1203 887 numeros,
1229 830 1306 892 quos
1330 818 1396 875 um
1419 829 1501 873 seru-

142 902 246 981 pulose
269 901 400 976 diduxit,
425 920 440 961 e
466 899 631 980 Copernico
657 900 808 979 excerpsit
831 900 919 963 sicuti
942 900 1011 963 illos
1034 901 1159 981 reperit.

229 992 277 1054 Ac
302 990 366 1070 ipse
391 990 509 1071 quidem
533 987 718 1068 Copemicns
742 1008 831 1069 qnam
854 989 1001 1052 humanus
1025 988 1066 1052 sit
1087 990 1117 1051 in
1140 989 1322 1069 recipiendis
1348 986 1500 1071 qualibus·

19 1087 23 1093 '
140 1099 255 1161 cunque
278 1079 424 1154 numeris,
453 1078 503 1159 qui
526 1079 745 1158 quadamtenus
768 1098 806 1139 ex
840 1086 910 1140 voto
943 1079 1106 1141 obveniunt
1134 1086 1167 1141 et
1193 1078 1233 1141 ad
1255 1076 1434 1141 institutum
1455 1076 1497 1141 fa·

141 1168 242 1242 ciunt,
277 1168 306 1229 id
330 1168 501 1247 experietur
524 1166 652 1245 diligens
676 1165 835 1248 Coperoici
860 1168 963 1229 lector·
1010 1167 1180 1244 Numeros,
1213 1166 1264 1248 qui
1286 1186 1344 1247 per
1365 1165 1498 1229 diversas

142 1257 332 1336 operationes
354 1252 385 1317 'vi
417 1254 681 1317 demonstrationis
709 1255 829 1336 penitus
862 1256 1021 1317 convenire
1053 1255 1224 1325 debebant.
1258 1274 1320 1317 non
1353 1254 1495 1334 repudiat,

141 1344 279 1424 quamvis
311 1346 482 1424 discrepent
516 1344 631 1425 aliquot
668 1344 825 1423 scrupulis.
882 1342 1121 1407 Observationes
1154 1344 1183 1406 in
1217 1344 1380 1419 Waltero,
1398 1338 1444 1417 ⁸³)
1472 1342 1495 1405 ir

141 1435 316 1495 Ptolemaeo
340 1443 372 1495 et
395 1433 465 1495 alibi
489 1432 532 1495 sic
557 1433 639 1511 legit,
664 1440 697 1494 ut
720 1433 757 1494 iis
774 1452 810 1494 eo
825 1433 1074 1495 commodioribus
1098 1441 1200 1495 utatur
1223 1433 1262 1495 ad
1285 1432 1494 1495 exstruendum

142 1521 297 1595 calculum,
323 1523 399 1583 unde
422 1522 452 1582 in
477 1530 611 1601 tempore
635 1522 736 1595 horas,
761 1521 789 1583 in
814 1523 941 1585 arcubus
956 1522 1139 1602 quadrantes
1154 1523 1299 1602 graduum
1315 1530 1349 1583 et
1370 1520 1491 1602 amplius

140 1611 291 1673 interdum
322 1611 475 1689 negligere
506 1611 554 1672 vel
584 1619 699 1671 mutare
732 1611 815 1671 nulla
846 1610 889 1672 illi
922 1610 1037 1691 religio.
1083 1610 1224 1684 Alicubi,
1257 1618 1291 1673 ut
1323 1610 1359 1686 iu
1387 1618 1491 1673 morsu

141 1699 367 1762 eccentricitate
382 1698 492 1761 Martis
509 1707 541 1760 et
556 1698 697 1772 Veneris,
722 1700 804 1761 sinus
819 1699 910 1760 etiam
925 1700 1132 1779 discrepantes
1152 1719 1172 1761 a
1194 1698 1326 1763 veritate
1350 1706 1488 1777 acceptat

140 1796 259 1852 tanturn
282 1789 359 1863 ideo,
386 1788 456 1868 quia
478 1806 638 1868 parumper
663 1790 702 1849 ad
725 1807 788 1863 eos,
813 1807 887 1867 quos
912 1798 1009 1869 optat,
1035 1788 1161 1868 digitum
1185 1787 1358 1851 intendunt
1405 1788 1488 1851 Mults

140 1898 216 1959 qnae
240 1898 277 1939 ex
301 1877 396 1956 ipsius
420 1877 608 1939 confessione
633 1878 820 1939 emendanda
843 1876 982 1952 fuissent,
1007 1878 1128 1956 integra
1151 1885 1182 1939 et
1204 1876 1326 1939 sincera
1344 1896 1384 1939 ex
1396 1877 1485 1941 Ptolo·

140 1987 225 2031 maso
241 1967 400 2046 depromit,
424 1966 550 2029 mutatis
565 1967 675 2028 ceteris
690 1966 855 2029 similibus:
881 1976 970 2047 atque
994 1966 1031 2029 iis
1054 1974 1163 2048 postea
1185 1966 1387 2029 fundamenta
1408 1984 1485 2028 noun

140 2056 341 2120 asuooomiae
365 2055 503 2117 exstruit
539 2053 673 2125 Quorum
696 2055 828 2117 omnium
851 2055 921 2118 mihi
945 2056 1075 2136 plurima
1087 2056 1268 2119 documenta
1281 2054 1370 2118 dedit
1382 2056 1483 2119 Maett

140 2147 227 2218 linus,
253 2164 329 2224 quae
354 2145 511 2206 brevitatis
535 2164 628 2207 causa
651 2144 738 2206 mitto
758 2145 920 2207 ascribere.
958 2144 1061 2225 Atque
1086 2145 1163 2207 adeo
1185 2144 1216 2207 in
1239 2144 1483 2224 reprehensiones

140 2236 290 2296 incurrere
309 2233 378 2313 jure
401 2233 572 2295 videretur:
603 2233 659 2295 nisi
683 2234 820 2295 consulto
843 2234 982 2309 fecisset,
1012 2253 1048 2295 eo
1073 2233 1150 2314 quod
1174 2240 1363 2314 praestaret,
1388 2232 1482 2313 imper·

140 2327 251 2385 tectam
275 2321 493 2402 quodammodo
517 2321 627 2384 habere
651 2322 876 2392 astronomiam,
901 2340 990 2402 quarn
1008 2324 1129 2403 penitus
1147 2322 1272 2385 nnllam.
1311 2322 1393 2385 Nam
1414 2322 1479 2402 ejas·

139 2412 218 2473 orodi
242 2411 361 2489 quidem
384 2410 579 2472 difficultates
603 2418 776 2485 occurrent,
801 2411 872 2472 dmn
894 2412 995 2474 sidera
1017 2419 1157 2474 current:
1182 2430 1258 2492 quas
1281 2418 1481 2491 superatae

139 2518 197 2560 non
221 2498 396 2579 impeditum
419 2500 457 2559 ad
481 2500 727 2562 constitutionem
751 2500 897 2563 scientiae
920 2520 988 2562 cum
1010 2501 1130 2563 minimo
1160 2500 1270 2563 damno
1300 2500 1480 2580 aspirarent

140 2608 230 2650 ansus
255 2597 304 2649 est
327 2586 524 2668 Gopernicus,
549 2590 578 2651 id
603 2589 659 2650 uiri
683 2589 770 2651 fortis
794 2597 861 2664 est;
893 2588 994 2669 ignavi
1017 2590 1240 2669 subterfugere,
1264 2587 1366 2651 timidi
1388 2589 1479 2669 despe-

139 2696 207 2739 rare
235 2685 267 2739 et
294 2695 412 2739 omnem
444 2678 520 2738 hanc
552 2698 654 2740 curam
686 2677 828 2758 abjicere.
875 2676 1135 2748 Quemadmodum
1162 2686 1195 2739 et
1221 2677 1287 2757 ipse
1313 2675 1480 2758 esperone

139 2767 214 2829 haee
238 2765 325 2827 modo
349 2766 500 2828 recensita
523 2770 685 2843 σφαλματα
709 2768 745 2829 ds
770 2788 802 2828 se
826 2786 921 2846 neque
945 2767 1136 2843 dissimulat,
1169 2786 1265 2847 neque
1295 2786 1365 2829 curn
1387 2766 1481 2847 pudor·

140 2857 261 2917 fatetur.
307 2854 456 2934 Exemplo
478 2856 646 2918 Ptolemaei
675 2864 706 2918 et
733 2864 869 2917 veterum
896 2875 929 2919 se
962 2857 1075 2931 munit,
1109 2856 1287 2919 difficultate
1321 2848 1482 2918 obssrmd

140 2952 273 3018 excusat,
300 2954 390 3024 atque
415 2944 522 3024 ubique
547 2945 617 3008 aliis
640 2945 776 3026 exemplo
799 2944 906 3025 praeit,
931 2944 961 3005 in
979 2945 1202 3024 praeclarorum
1221 2944 1411 3007 inventorum
1424 2960 1481 3007 coo-

140 3033 306 3094 firmatione
330 3033 493 3096 minutulos
517 3034 608 3096 hosce
633 3034 771 3096 defectus
801 3034 1030 3096 contemnendi:
1065 3034 1144 3115 quod
1175 3032 1234 3096 nisi
1266 3033 1383 3095 factum
1410 3040 1484 3095 antes

141 3120 263 3196 fuisset,
290 3140 440 3200 nunquam
462 3123 657 3184 Ptolemaeus
681 3123 764 3184 illam
786 3126 910 3201 populns
932 3119 1081 3198 συπαξιν,
1106 3122 1290 3203 Copemicus
1313 3144 1375 3185 aare
1395 3122 1483 3185 turta

140 3230 237 3271 aanor
260 3210 367 3283 libros,
391 3210 597 3272 ereinholdus
621 3212 797 3273 Prutenicas
821 3212 907 3274 nobis
932 3213 1089 3275 edidisset.

227 3298 333 3380 Neque
357 3300 469 3361 nullam
494 3301 720 3362 excusationem
744 3301 815 3363 mihi
840 3310 947 3382 quarto
975 3302 1041 3363 loco
1070 3299 1245 3381 suppeditat
1268 3298 1323 3361 illa
1344 3292 1484 3363 Moesum

141 3387 245 3449 tabula
272 3388 301 3448 in
326 3406 393 3469 cap.
422 3386 471 3450 15.
503 3389 624 3450 inserta.
672 3388 857 3470 Copernico,
891 3411 959 3453 cnm
986 3390 1225 3453 eccentricitates
1257 3388 1485 3469 planetaruna

140 3475 316 3538 Ptolemaeo
341 3485 536 3545 mutuaretur,
561 3478 634 3541 nilril
657 3480 754 3541 minus
779 3499 866 3560 quam
891 3481 927 3541 de
947 3481 1003 3541 hac
1025 3478 1126 3542 divina
1144 3478 1294 3540 coelorum
1307 3478 1485 3559 proportione

139 3563 290 3627 suboloit:
315 3578 428 3628 utnon
454 3566 562 3647 injuria
585 3568 780 3631 vehementer
803 3569 870 3649 quis
889 3570 1021 3641 miretur,
1046 3568 1142 3648 ipsum
1165 3575 1230 3630 tam
1252 3585 1348 3646 prope
1372 3568 1412 3629 ad
1434 3579 1486 3629 ean

139 3655 328 3718 accessisse:
362 3674 456 3736 neque
482 3656 545 3717 fore
569 3658 712 3736 putavit,
742 3666 776 3719 ut
799 3658 968 3719 necessitas
992 3658 1153 3736 aliquando
1181 3663 1325 3736 cogeret,
1350 3655 1486 3737 inquirere

138 3743 302 3807 distantias
327 3765 346 3805 a
368 3743 441 3806 Sole
466 3753 497 3806 et
519 3744 652 3824 dqqlson
674 3747 751 3808 loca.
797 3744 877 3816 Quid
901 3747 1007 3808 mirum
1029 3746 1128 3825 igitur,
1152 3747 1177 3809 si
1201 3746 1230 3807 in
1255 3744 1312 3806 lrac
1336 3743 1378 3807 ed
1402 3744 1489 3807 rvivna

137 3832 303 3894 resectione
328 3841 359 3895 et
382 3832 522 3896 dvalona
550 3834 649 3895 mundi
678 3836 774 3896 multa
802 3835 1064 3916 deprehendantur
1091 3836 1196 3908 rudia,
1230 3852 1296 3896 cnm
1326 3824 1493 3897 artifexatl

137 3919 260 3981 minima
282 3941 341 3983 non
365 3923 555 4001 respexerit?
597 3921 694 3993 Quasi
716 3924 746 3985 in
771 3942 867 4003 parva
889 3923 1017 4003 pictura,
1043 3943 1119 4003 quae
1143 3923 1370 4001 uix‘integram
1394 3924 1498 3987 faciem

138 4007 176 4068 ad
200 4028 321 4071 sensum
344 4012 495 4089 exprimit,
520 4012 545 4073 si
570 4013 637 4092 quis
660 4013 738 4074 oculi
761 4021 815 4075 aut
837 4013 969 4092 pupillae
988 4032 1091 4075 veram
1114 4013 1338 4093 proportionem
1362 4014 1504 4094 quaeret·

138 4115 206 4158 eum
231 4097 296 4159 falli
319 4117 444 4161 necesse
468 4108 525 4161 est.
573 4100 718 4179 Neglexit
740 4101 819 4163 enirn
842 4101 920 4163 hanc
943 4102 1041 4181 pictor
1063 4103 1101 4164 ob
1124 4102 1302 4175 exilitatem,
1327 4110 1510 4167 conantes·

137 4185 173 4259 si,
200 4204 275 4264 qnae
299 4195 371 4248 sunt
388 4187 585 4263 evidentiora,
609 4191 828 4269 quodammodo
847 4200 1102 4270 repraesentaret.
1136 4190 1188 4255 Sic
1203 4193 1242 4253 ad
1256 4189 1335 4253 hauc
1358 4190 1517 4255 sienim

138 4274 275 4354 quamvis
299 4275 415 4354 optima
438 4278 553 4339 ratione
578 4278 771 4352 accesserim,
802 4288 928 4359 cogente
952 4300 998 4342 me
1022 4281 1051 4340 vi
1076 4280 1345 4343 demonstrationis
1367 4290 1404 4345 et
1425 4296 1522 4345 corr

137 4363 249 4424 ditione
274 4363 316 4427 rei
339 4367 534 4443 propositae:
570 4368 660 4430 nolim
683 4376 784 4429 tamen
810 4378 843 4431 ut
867 4370 933 4450 quis
957 4369 1014 4431 sibi
1037 4370 1233 4449 persuadeat,
1263 4368 1408 4433 absolute
1431 4378 1526 4433 cet‘

137 4452 272 4514 tissimus
296 4472 435 4514 numeros
459 4476 491 4516 se
515 4455 583 4517 inde
607 4457 756 4518 retulisse.
804 4457 882 4518 Fieri
907 4478 1035 4538 namque
1057 4466 1174 4538 potest,
1198 4468 1233 4521 nt
1255 4458 1331 4519 lraec
1355 4458 1429 4539 ipsa
1450 4468 1526 4523 ιθ·

137 4541 232 4602 sectio
257 4542 365 4604 erroris
390 4543 541 4606 ulterioris
565 4564 658 4607 causa
682 4546 781 4607 fuerit.
824 4545 904 4608 Ecce
929 4566 986 4607 uon
1011 4547 1091 4608 levia
1114 4547 1235 4610 indicia.
1276 4544 1425 4622 Causam,
1449 4544 1526 4609 affl

136 4638 286 4690 mutentur
309 4632 552 4694 eccentricitates
575 4634 684 4695 Martis
709 4644 740 4696 et
764 4635 908 4709 Veneris,
936 4634 1119 4714 Copemicns
1144 4633 1398 4701 inmutationem
1423 4638 1526 4699 Ter*

136 4737 226 4780 renae
249 4719 374 4781 confert.
408 4720 476 4783 Non
501 4722 592 4801 igitur
614 4732 748 4785 mutatur
771 4742 844 4785 uera
866 4744 968 4785 eornm
992 4723 1096 4788 aSole
1116 4724 1345 4799 ecceotricitas;
1370 4728 1526 4789 demon*

136 4806 317 4871 strationem
340 4810 379 4870 ad
404 4811 520 4874 oculum
544 4810 639 4873 habes
661 4815 690 4874 in
715 4811 829 4875 tabula.
878 4811 965 4887 Quod
990 4814 1016 4877 si
1040 4814 1085 4875 ita
1113 4823 1174 4889 est,
1203 4813 1366 4899 oportebat
1388 4826 1526 4879 eccen‘
