3278 5542
230 293 292 365 110
785 287 816 343 la
834 288 1020 340 hamedeus·

227 454 372 527 architae
392 471 430 517 ea
444 449 588 515 Cicerone
609 447 748 519 (Laelius
763 443 837 520 23):
869 445 924 519 „si
942 446 1059 509 coelum
1077 447 1175 526 ipsum
1195 447 1413 520 ascendissem,
1432 455 1581 511 mumm-

228 562 283 623 qns
308 540 429 612 usundi,
463 546 494 599 ct
521 536 771 617 pulchritudinem
800 536 930 599 siderum
958 534 1078 614 penitus
1102 535 1343 615 perspexissem,
1377 534 1517 597 insuavia
1537 535 1583 596 illa

229 631 298 692 mihi
325 629 401 689 foret
426 625 606 700 admiratio,
641 625 697 686 nisi
722 633 753 685 te
779 626 921 687 lectorem
944 642 1089 703 inaquam,
1121 632 1271 686 attentum
1300 633 1332 687 et
1355 624 1519 705 cupidum,
1543 623 1582 684 cui

229 737 388 790 narrarem,
409 715 583 785 haberem.“
622 715 705 775 Haec
722 712 770 775 ubi
787 713 972 791 cognoveris,
997 714 1022 774 si
1047 732 1159 793 aequus
1183 731 1226 787 es,
1250 712 1421 776 abstinebis
1443 734 1464 773 a
1486 730 1582 793 repre-

228 806 438 879 hensionibus,
469 823 544 883 quas
573 822 629 863 non
658 803 723 863 sine
752 821 845 862 cansa
873 800 1053 881 praesagio:
1087 802 1132 863 sin
1164 810 1264 863 antem
1292 822 1347 863 suo
1378 800 1502 882 quidem
1527 800 1583 863 loco

229 895 370 974 relinquis
393 894 473 954 ista:
505 891 612 957 metuis
637 901 752 963 tameo,
783 899 816 950 nt
839 899 923 951 certa
946 893 1021 963 sint,
1051 901 1142 970 atquc
1165 898 1199 951 nt
1221 910 1278 969 ego
1301 890 1487 970 triumphum
1511 888 1583 951 caci·

228 985 319 1046 nerim
344 992 414 1045 ante
438 981 612 1043 victoriam:
638 998 709 1055 erpo
734 979 781 1040 vel
806 980 928 1039 tandem
952 979 1089 1057 pagellas
1114 979 1196 1058 ipsas
1220 980 1347 1053 accede,
1372 986 1406 1040 et
1429 997 1510 1052 rem,
1534 996 1584 1057 qna

227 1074 264 1135 ds
288 1072 402 1152 pridem
428 1069 552 1149 agimus,
578 1086 736 1147 cognosce.
776 1068 843 1128 Non
868 1067 999 1146 reperies
1023 1086 1116 1127 novos
1140 1076 1172 1128 et
1196 1068 1363 1148 incognitos
1380 1067 1583 1146 planetaeut

227 1162 315 1239 paulo
341 1170 433 1221 antea
461 1157 674 1239 interpositos,
703 1175 760 1216 non
791 1177 827 1216 ra
857 1157 927 1217 milri
957 1156 1101 1235 probatur
1125 1156 1272 1229 audacia;
1297 1156 1353 1217 sed
1376 1155 1449 1217 illos
1472 1165 1581 1216 vetere

228 1268 333 1329 parum
359 1247 518 1309 admodum
544 1246 674 1316 lunatos,
699 1245 857 1323 interjectu
882 1263 952 1306 vero
973 1244 1193 1306 rectilineorum
1216 1263 1372 1324 corporum
1398 1241 1580 1324 quantumvis

228 1338 358 1399 absurdo
381 1336 425 1397 ita
448 1335 588 1408 munitos,
613 1341 647 1395 nt
670 1351 766 1411 porro,
792 1334 898 1411 quibus
921 1333 1004 1394 nocis
1026 1334 1214 1413 coelumque
1236 1335 1334 1396 minus
1357 1339 1439 1407 ruat,
1462 1349 1579 1411 suspen·

228 1427 326 1498 datur,
352 1424 507 1505 quaerenti
531 1423 643 1485 rustico
667 1422 848 1500 respondere
872 1423 982 1501 possis.
1030 1422 1120 1484 Vale.

542 1617 584 1677 ln·
610 1613 942 1678 ΡΒΑΕΡΑΤΙΟΝΕΜ
966 1615 1027 1677 AD
1050 1613 1279 1677 LECTOREM

754 1737 868 1788 uonna
888 1737 1064 1788 nncroars

309 1844 340 1917 a)
361 1846 421 1900 Etsi
451 1845 542 1899 omnia
563 1844 686 1899 omuibus
708 1846 872 1908 cohaerent,
904 1863 1031 1899 numerus
1064 1854 1156 1900 tamen
1185 1864 1234 1899 sex
1266 1844 1459 1915 primariorum
1486 1842 1574 1899 orbium
1629 1878 1631 1885 ·

229 1929 337 2000 proprie
359 1928 499 1980 desumtus
521 1932 621 1978 estex
644 1925 761 1996 quinque
783 1927 942 1996 corporibus
965 1927 1046 1979 solis:
1071 1926 1226 1996 proportio,
1250 1926 1357 1994 potiore
1379 1924 1488 1997 quidem
1509 1931 1574 1995 pane
1629 1916 1631 1921 ’

231 2028 249 2063 a
269 2007 428 2078 corporibus
450 2006 568 2076 quinque
590 2006 778 2075 geometricis,
808 2008 854 2058 sed
877 2021 947 2076 quae
969 2012 1061 2059 tamen
1083 2006 1155 2059 circa
1176 2005 1286 2059 minima
1306 2004 1444 2059 concessit
1464 2003 1574 2063 mouban

233 2095 264 2143 ut
284 2104 386 2141 causae
407 2085 485 2139 finali
506 2085 533 2138 in
555 2085 643 2138 ideam
665 2086 755 2154 operis
775 2093 906 2156 receptae
925 2085 1020 2139 statim
1042 2086 1127 2139 initio.
1168 2086 1206 2139 Et
1230 2086 1281 2138 hoc
1305 2084 1413 2156 quidem
1433 2082 1575 2154 intelliges·

231 2173 292 2223 dum
312 2173 355 2221 est
371 2168 404 2220 de
424 2165 542 2219 motibus
561 2165 693 2235 cujusque
709 2167 842 2235 planetae
868 2165 1022 2219 tardissimo
1043 2183 1108 2228 uno,
1134 2165 1224 2218 altero
1246 2165 1432 2227 velocissimo,
1461 2164 1496 2217 de
1513 2160 1576 2217 moti·

231 2251 297 2310 bus,
324 2246 431 2300 scilicet
453 2262 539 2298 causa
566 2261 633 2298 suae
662 2245 842 2313 proprietatis
866 2245 1054 2299 consideratis.
1097 2246 1189 2298 Motus
1213 2262 1278 2298 vero
1303 2243 1447 2314 periodici,
1477 2242 1529 2297 boc
1546 2244 1578 2293 erl

232 2343 358 2381 numerus
383 2326 485 2379 dierum
509 2325 537 2377 in
562 2324 776 2393 uniuscujusque
799 2326 932 2395 planetae
956 2325 1085 2379 circuitus
1109 2325 1263 2388 derivatus,
1292 2334 1350 2379 tam
1373 2341 1392 2379 a
1413 2321 1581 2395 proportione

232 2407 344 2468 orbium,
376 2420 456 2476 quarn
475 2404 511 2457 ab
531 2403 783 2457 eccentricitatibus
806 2404 889 2474 (quae
912 2422 949 2458 ex
968 2406 1123 2460 Harmoniis
1143 2413 1208 2458 sunt
1231 2401 1419 2469 mustitutae)
1444 2402 1584 2474 longius·

233 2487 250 2539 5
271 2485 429 2554 corporibus
449 2491 632 2537 secesserunt.

313 2562 342 2628 b)
362 2564 457 2619 Habes
478 2563 554 2616 illam
574 2563 789 2633 disputationem
808 2564 978 2617 cumulatam
997 2563 1024 2617 in
1041 2563 1182 2633 Epilomes
1201 2563 1396 2619 Astronomiae
1415 2563 1464 2617 lib.
1483 2564 1505 2617 1.

314 2642 339 2709 c)
360 2645 469 2697 inserta
493 2650 537 2696 est
559 2644 629 2696 haec
652 2642 802 2713 disputatio
818 2642 1026 2698 Commentariis
1045 2644 1111 2697 meis
1135 2646 1169 2698 de
1190 2651 1267 2698 motu
1285 2643 1398 2707 Martis,
1428 2638 1599 2713 praesertim

234 2727 260 2778 in
278 2723 494 2777 introductione:
521 2723 658 2792 reperitur
673 2740 739 2776 vero
759 2730 889 2776 accurate
909 2723 979 2777 libro
999 2724 1045 2777 lv,
1063 2724 1213 2793 Epitomes.
1247 2728 1422 2794 Argumenta
1445 2723 1530 2792 plane
1548 2722 1602 2775 ‹le-

234 2804 417 2859 monstrativa
435 2821 472 2857 ex
489 2803 660 2872 penitissima
677 2802 861 2857 astronomiae
880 2802 1085 2857 restauratione
1105 2804 1269 2857 concinnata
1287 2810 1360 2857 sunt.

315 2882 343 2945 d)
365 2883 601 2953 cosmographiae
619 2883 726 2953 quidem
743 2883 825 2936 titulo
845 2884 949 2936 nullum
969 2901 1004 2936 ex
1029 2883 1077 2935 illo
1097 2892 1220 2953 tempore
1237 2884 1337 2937 librum
1355 2882 1441 2937 edidi:
1472 2888 1505 2936 at
1524 2874 1611 2936 simi*

234 2966 320 3019 litudo
340 2964 396 3018 ista
414 2965 504 3017 relata
523 2969 567 3016 est
585 2980 603 3017 a
624 2980 665 3016 me
689 2962 716 3015 in
735 2963 876 3031 Epitomes
898 2963 944 3016 lib.
965 2964 988 3026 l,
1015 2963 1062 3016 ubi
1086 2965 1119 3015 de
1141 2963 1231 3017 mundi
1254 2964 1346 3034 figura
1361 2962 1486 3024 extima,
1515 2962 1615 3033 inque

235 3046 332 3098 librum
353 3045 400 3098 lV.
422 3043 555 3110 ejusdem,
582 3044 627 3096 ubi
647 3044 680 3095 de
700 3043 787 3096 tribus
801 3042 938 3111 primariis
961 3043 1051 3095 mundi
1069 3043 1196 3096 m'embris
1213 3043 1332 3112 disputo.
1375 3044 1434 3097 Nec
1453 3060 1506 3113 pro
1525 3034 1616 3096 simi‘

235 3124 349 3179 litudine
359 3123 435 3177 inani
445 3128 489 3176 est
498 3123 636 3185 habenda,
657 3125 703 3175 sed
716 3122 787 3174 inter
796 3138 895 3175 causas
909 3125 1088 3186 accensenda,
1109 3131 1141 3176 ut
1154 3123 1246 3177 mundi
1261 3124 1349 3176 forma
1363 3130 1393 3176 et
1409 3123 1616 3193 archetypus·

315 3201 342 3267 e)
361 3203 422 3258 Non
443 3202 489 3272 qui
512 3202 585 3256 circa
606 3203 702 3255 Jovem
725 3209 860 3264 currerat,
887 3210 919 3255 ut
937 3202 1028 3277 sidera
1051 3203 1173 3257 Galilaei
1194 3203 1334 3266 Medicear
1351 3196 1386 3268 ⁸⁰)
1415 3220 1452 3257 ne
1476 3202 1620 3257 fallarih

236 3299 374 3353 uunquam
397 3285 430 3335 de
450 3282 482 3335 iis
502 3281 639 3352 cogitari,
663 3284 711 3335 sed
731 3281 776 3351 qui
797 3288 829 3334 ut
847 3281 897 3351 ipsi
918 3282 1041 3350 primarii
1058 3283 1203 3353 planetam
1227 3283 1319 3337 Solem
1343 3284 1370 3337 in
1388 3291 1486 3339 centro
1507 3288 1620 3355 ψὴν

236 3363 316 3417 matis
334 3362 454 3432 positum
471 3361 605 3415 curriculo
623 3378 673 3414 suo
693 3361 826 3431 cingeret.

316 3438 340 3511 f)
359 3442 402 3496 Eu
414 3441 475 3511 jam
486 3449 551 3494 tunc
565 3440 684 3509 rejectos
701 3458 719 3494 a
732 3459 774 3494 me
789 3458 915 3495 numeros
930 3451 1114 3505 numerantes,
1134 3450 1165 3496 ut
1179 3443 1335 3514 appellant.
1375 3443 1500 3499 Eosdem
1514 3442 1623 3503 etiarn

236 3521 356 3592 abjicere
376 3538 394 3575 a
413 3520 596 3575 fundamentis
614 3520 779 3575 harmonicis
799 3521 871 3573 inter
889 3521 1042 3593 praecipua
1059 3523 1145 3577 habui
1164 3523 1192 3577 in
1211 3522 1259 3577 illo
1279 3539 1372 3593 opere.

315 3598 498 3673 glaesaria
518 3600 718 3655 tamenhabet
740 3600 842 3671 aliquid
862 3602 1033 3655 abstractum
1054 3619 1072 3656 a
1092 3603 1241 3665 creaturis,
1271 3604 1341 3673 quod
1361 3601 1469 3657 scilicet
1492 3602 1618 3673 primu!

235 3690 279 3738 est
297 3682 370 3736 inter
388 3681 542 3752 perfectos:
571 3680 723 3751 perfectum
744 3688 837 3733 antem
857 3679 883 3733 id
901 3680 1033 3745 habetur,
1065 3682 1088 3736 si
1107 3688 1150 3736 tot
1173 3690 1237 3737 sunt
1263 3683 1436 3753 inpartibus
1464 3681 1618 3755 reliqueris

238 3763 368 3826 unitates,
387 3769 454 3833 quot
473 3762 501 3815 in
520 3769 589 3816 toto.
630 3766 675 3816 An
694 3762 765 3814 haec
785 3760 872 3832 igitur
890 3761 1046 3830 proprietas
1065 3762 1193 3816 conciliet
1207 3779 1318 3817 numero
1333 3762 1489 3816 numeranti
1508 3762 1617 3834 dignit

235 3852 321 3897 tatem
342 3844 482 3913 aliquaml
524 3842 718 3895 Consideretur
737 3848 767 3893 et
785 3841 875 3911 qualis
896 3842 965 3894 haec
984 3842 1021 3894 sit
1039 3843 1169 3912 dignitas,
1190 3850 1220 3896 et
1234 3845 1366 3912 quomodo
1386 3848 1533 3913 competat
1552 3859 1617 3897 nu⁶

193 3996 195 4001 Ι
235 3939 318 3977 mero.
360 3922 480 3977 Primum
507 3922 579 3979 baec
604 3921 726 3991 dignitas
750 3920 858 3974 ridetur
886 3938 946 3974 esse
971 3922 1058 3976 nulla.
1100 3923 1170 3976 Nam
1198 3923 1222 3976 si
1249 3923 1371 3993 dignitas
1391 3931 1468 3976 esset
1491 3923 1613 3994 aliqua,

235 4002 344 4055 videtur
362 4000 521 4055 harmonica
539 4000 685 4071 disciplina
698 4000 883 4055 testimonium
899 4001 1061 4070 praebitura
1079 4001 1164 4055 fuisse
1180 4003 1304 4057 omnibus
1319 4002 1439 4057 numeris
1454 4002 1613 4073 perfectia-

235 4086 275 4135 At
293 4081 344 4135 illa
360 4080 467 4135 nullum
485 4080 585 4151 recipit
599 4086 714 4149 praeter
732 4080 879 4134 senarium.
921 4081 1030 4151 Reliqui
1050 4081 1120 4135 enim
1139 4083 1256 4152 perfecti
1275 4091 1340 4139 sunt
1360 4083 1510 4153 primorum
1529 4083 1613 4139 mul·

237 4161 361 4230 tiplices,
391 4167 422 4213 ut
450 4166 531 4229 patet
557 4176 593 4213 ex
619 4159 740 4214 Euclidis
769 4160 839 4213 libro
859 4160 908 4214 IX.
936 4178 1013 4231 prop.
1044 4162 1150 4216 ultima.
1193 4164 1284 4225 Quare
1311 4165 1372 4233 (per
1391 4166 1450 4218 Ax.
1475 4163 1504 4218 3.
1536 4156 1613 4218 libri

235 4240 288 4294 mei
311 4240 359 4294 ΙΙΙ.
384 4239 580 4301 Harmonices,
613 4246 643 4292 et
669 4255 720 4308 per
744 4239 827 4309 Prop.
853 4239 879 4294 8.
900 4240 963 4294 libri
991 4243 1051 4305 lV.,
1085 4258 1157 4313 quae
1187 4244 1313 4298 nituntur
1341 4260 1440 4314 propp.
1467 4244 1518 4298 45.
1550 4245 1610 4299 46.

236 4321 283 4375 47.
311 4318 375 4373 libri
403 4313 438 4389 Ι.)
463 4336 554 4373 omnes
580 4319 697 4388 perfecti
721 4319 760 4373 sic
782 4318 846 4372 dicti
876 4320 978 4374 numeri
1008 4329 1121 4390 praeter
1143 4323 1279 4377 senarium
1307 4325 1425 4379 exulant
1456 4340 1474 4377 a
1504 4324 1611 4379 termi⁶

237 4401 281 4469 nis,
297 4398 506 4453 concordantias
527 4398 773 4462 constituentibus;
794 4406 948 4453 attestante
967 4400 1051 4465 etiarn
1071 4420 1154 4456 seusu
1174 4404 1297 4458 auditus:
1316 4404 1395 4474 idque
1410 4410 1530 4473 propter
1544 4404 1609 4475 pri*

236 4497 307 4545 mos,
336 4486 369 4534 ut
384 4477 573 4550 septenarium
599 4486 668 4541 etc,
698 4495 716 4532 a
739 4479 836 4550 quibus
862 4479 1029 4535 derivantur.
1071 4482 1132 4535 Etsi
1160 4482 1232 4536 enim
1255 4484 1390 4538 sectiones
1417 4482 1610 4538 harmonicae

236 4561 307 4614 libro
325 4561 372 4614 111.
392 4576 472 4629 prop.
497 4560 541 4613 19.
570 4566 749 4613 numerantur
775 4566 893 4629 septem,
923 4560 968 4630 qui
997 4578 1124 4616 numerus
1149 4562 1250 4631 primus
1270 4571 1331 4618 est:
1360 4569 1391 4617 at
1411 4563 1482 4616 nulli
1501 4578 1609 4618 earum

237 4642 286 4695 dat
299 4640 351 4693 hoc
366 4639 539 4709 septenarius
555 4639 623 4702 iste,
648 4645 680 4692 ut
694 4638 731 4692 sit
744 4640 917 4701 harmonicar
943 4642 989 4693 sed
1003 4642 1079 4711 prius
1094 4643 1237 4711 quaelibet
1259 4660 1310 4714 per
1324 4661 1354 4697 se
1368 4648 1413 4696 est
1425 4643 1606 4707 harmonica,

237 4726 337 4791 postea
349 4721 457 4775 demum
470 4719 570 4775 accidit
582 4718 637 4773 illis
648 4718 709 4788 jam
723 4718 878 4773 consuturis
893 4720 1036 4784 universis,
1061 4727 1093 4776 ut
1106 4723 1162 4775 sint
1175 4740 1287 4777 numero
1302 4730 1420 4794 septem:
1443 4726 1492 4777 sed
1507 4741 1607 4795 neque

237 4801 308 4859 haec
321 4799 385 4874 ipsa
398 4800 524 4866 conditio,
550 4816 605 4872 qua
619 4799 785 4863 deliniuntur
808 4800 912 4855 numeri
926 4801 1052 4871 perfecti,
1075 4801 1104 4859 iu
1115 4819 1144 4855 ae
1166 4803 1228 4873 ipsa
1245 4804 1432 4868 considerata,
1448 4803 1606 4879 dignitati·
