3278 5542
657 338 821 433 ιιι-ιιι
1377 336 1418 411 o

53 501 186 562 uitatem
209 502 336 565 affectus
358 502 417 565 ιίι.
442 503 518 565 bene
541 509 642 566 actum
666 523 734 566 esse
756 510 892 582 censeat,
919 504 1000 586 quod
1022 512 1085 567 tarn
1098 523 1190 586 prope
1205 506 1246 568 ad
1260 505 1419 570 veritatem

53 599 237 670 perventum
260 592 310 654 sit.

125 678 202 729 Haec
219 679 351 744 Keplerus.
388 679 460 741 Quse
479 680 510 731 de
529 679 664 744 oopemico
682 679 770 732 dubius
787 679 870 741 men,
889 677 1038 733 Maesdtuus
1056 683 1082 732 in
1101 683 1175 747 panio
1202 683 1267 734 inira
1291 684 1418 749 sequenti·

53 751 100 800 bns
117 751 201 801 literis
219 753 244 802 ei
266 753 389 817 explicat,
415 765 491 816 quare
510 752 633 818 Keplerns
651 758 732 801 totum
748 752 816 803 bunc
831 752 913 802 locum
932 753 1015 819 sapite
1034 753 1080 804 XV
1098 755 1173 818 plane
1190 761 1314 805 mutatum
1331 769 1419 820 prope·

53 824 99 872 nit
136 821 228 873 Dubia
245 823 302 889 Kop
302 824 347 873 leri
365 823 396 875 dc
415 822 544 887 Gopcrnici
561 824 602 875 lib.
623 821 655 872 V.
675 838 729 888 cap
749 819 840 875 torta
857 829 916 873 sunt
934 837 948 875 s
966 825 1044 875 verbis
1061 824 1117 875 his:
1137 841 1202 888 „nos
1220 825 1281 875 duos
1294 839 1349 877 esse
1367 841 1420 876 mo·

56 886 168 955 tusffl)
198 907 329 945 censemus
347 895 480 960 acquum,
508 896 595 960 quibus
612 893 777 959 inaequalitas
800 895 961 959 apparentiae
980 897 1152 960 componitur,
1181 898 1231 947 sire
1249 912 1293 962 per
1311 898 1421 947 ecoentri

60 973 219 1023 ιιιιιιτιιιιι,
248 968 298 1016 sire
323 980 368 1031 per
392 967 495 1030 epicycli
518 966 681 1030 epicyoliurn,
710 967 761 1016 sive
787 969 863 1017 etim
887 967 981 1016 mixtim
1006 982 1049 1032 per
1067 968 1326 1032 ecccntrcpicyclum,
1355 980 1420 1033 quae

62 1035 161 1086 usam
175 1044 282 1101 pessunt
298 1038 504 1103 inaequalitatem
523 1038 630 1095 efficere,
648 1039 685 1088 uti
699 1039 765 1089 cuca
777 1037 860 1088 Solem
873 1044 899 1087 et
911 1037 1009 1088 Lunam
1022 1039 1251 1089 demonstravimus.
1281 1038 1320 1089 Sit
1331 1054 1420 1090 eccen-

62 1115 108 1156 trm
125 1108 174 1158 ΔΒ
197 1109 302 1159 circulus
321 1111 388 1159 circa
406 1109 425 1159 G
445 1116 564 1163 centrum,
584 1111 714 1160 ermetem
732 1108 798 1160 ΑΘΒ
816 1110 890 1158 medii
908 1109 957 1158 loci
977 1109 1040 1159 Solis
1058 1125 1102 1174 pcr
1120 1125 1242 1160 summam
1261 1124 1292 1160 ac
1310 1110 1422 1160 infimam

10 1234 12 1253 Ι
59 1180 144 1229 absida
162 1176 292 1244 planetae,
312 1182 339 1245 in
357 1195 407 1246 qua
425 1188 536 1231 centrum
555 1182 619 1231 orbis
636 1181 728 1231 terreni
744 1183 777 1230 sit
788 1180 821 1242 D,
841 1181 956 1246 tactoque
974 1182 999 1231 in
1017 1196 1114 1232 summa
1132 1182 1216 1231 abside
1233 1182 1283 1231 Δ.“
1302 1179 1349 1232 dac.

10 1284 15 1297 .
127 1250 205 1311 Quae
217 1259 305 1316 pestes
317 1248 413 1314 (1013)
426 1251 574 1302 Maestlinus
587 1252 618 1302 de
635 1265 701 1302 nora
719 1251 828 1301 editione
841 1252 970 1316 capernici
982 1255 1117 1319 erratuqne
1129 1254 1155 1302 in
1167 1252 1286 1317 prioribus
1299 1249 1421 1314 (Norimb

10 1312 13 1325 '
58 1319 126 1371 rtet
146 1328 176 1372 et
195 1322 273 1374 Basil.
295 1319 375 1384 1500)
394 1324 544 1389 corrigendis
562 1324 703 1389 perscripsit
721 1322 838 1387 Keplero,
858 1324 974 1389 leguntur
991 1326 1017 1374 in
1029 1324 1156 1375 Hanschio
1168 1340 1192 1389 p.
1209 1320 1251 1373 at.
1265 1321 1308 1372 42.
1338 1324 1420 1373 Eden-

57 1394 114 1442 dnm
133 1394 254 1458 quidem,
266 1394 293 1444 id
310 1396 375 1459 qnod
393 1395 443 1444 illic
461 1402 559 1459 spectat
572 1394 728 1451 Maestlinus,
749 1393 878 1459 Copernici
897 1410 956 1458 opus
975 1397 1063 1453 omisit,
1083 1410 1148 1445 anno
1166 1411 1223 1445 vero
1245 1391 1313 1444 1617
1332 1395 1421 1446 Nico-

57 1465 125 1514 lans
143 1464 303 1515 Mullorus
327 1465 461 1530 (professor
478 1467 617 1518 medicinae
636 1472 661 1516 et
679 1465 819 1515 matheseos
837 1468 864 1515 in
882 1466 1014 1516 madentia
1032 1463 1224 1533 Groeniugensi)
1243 1466 1423 1517 amstelodami

58 1536 146 1601 „opus
164 1535 365 1587 semmurum*
382 1537 548 1588 recudendum
567 1539 663 1588 curarit
680 1538 745 1585 notis
764 1537 920 1587 illustratum.

127 1607 224 1658 literis
243 1607 346 1672 Kepleri
364 1624 438 1673 quum
457 1624 506 1658 nrm
524 1609 608 1658 statim
626 1609 814 1670 rescriberetur,
838 1608 877 1658 liis
895 1615 969 1676 urget
986 1608 1144 1659 liaestlinnm
1163 1609 1196 1660 ad
1214 1609 1420 1674 respondendnm,

57 1695 147 1729 nornis
165 1679 250 1741 simul,
269 1679 335 1746 qnod
352 1686 503 1745 smaeperat,
519 1681 650 1747 negotium
667 1679 791 1731 reterens:

725 1821 798 1889 S..

148 1928 230 1992 Tres
255 1928 295 1990 ad
313 1928 539 1992 Humanitatem
564 1936 646 1992 tuam
670 1929 815 2009 epistolas
840 1930 981 2006 exaravi,
1015 1929 1140 2009 primam
1168 1929 1236 1991 misi
1262 1947 1317 2009 per
1344 1929 1422 1993 hunc

64 2017 259 2093 Steinlinum,
284 2019 411 2080 alteram
434 2038 488 2099 per
510 2018 719 2080 Studiosorum
744 2020 885 2081 famulum
910 2029 941 2080 et
963 2027 1204 2098 praeceptorem,
1227 2019 1348 2080 tertiam
1370 2037 1424 2098 per

66 2108 211 2188 quendam
236 2108 403 2170 studiosum
427 2108 597 2169 Wuotium:
623 2107 753 2170 omnium
776 2108 882 2169 eadem
901 2117 968 2169 erat
986 2109 1103 2188 petitio,
1127 2114 1161 2168 ut
1180 2107 1326 2187 judicium
1340 2116 1423 2168 tuum

68 2199 102 2257 de
123 2194 141 2260 5
166 2196 346 2276 corporibus
369 2197 398 2257 in
424 2194 581 2276 Copernici
609 2197 692 2258 coelo
716 2197 901 2259 brevissimis
926 2196 1107 2259 delineatum
1135 2196 1173 2257 ad
1201 2216 1248 2257 me
1276 2195 1423 2258 mitteres.

66 2287 146 2349 ldern
175 2286 274 2348 etiam
302 2285 350 2365 egi
377 2305 471 2366 nuper
498 2304 552 2366 per
581 2284 842 2348 Emdschochium.
889 2285 969 2348 Ecce
998 2305 1074 2348 nunc
1097 2285 1247 2365 pendente
1271 2285 1425 2365 superiore

63 2375 193 2436 materia
225 2395 307 2436 nova
334 2375 485 2436 scribendi
511 2394 613 2438 causa.
660 2375 711 2436 Ad
735 2376 814 2438 diem
845 2375 894 2437 17.
920 2374 960 2437 27
987 2374 1129 2437 Octobris
1152 2374 1200 2435 hic
1225 2375 1281 2435 fuit
1305 2373 1426 2454 quidam

63 2466 143 2526 liare
167 2484 189 2525 a
204 2464 360 2534 Tzernem,
384 2465 434 2544 qui
458 2484 477 2524 a
500 2464 662 2544 superioris
676 2465 822 2529 Austriae
844 2465 1019 2545 proceribus
1044 2465 1100 2525 buc
1123 2464 1233 2525 missus
1254 2471 1322 2541 est,¹
1337 2463 1426 2524 auxi-

62 2554 103 2614 lia
126 2552 327 2615 sollicitatum
349 2560 455 2615 contra
478 2553 607 2615 rusticos
623 2548 659 2627 ⁶).
705 2555 735 2617 ls
768 2574 814 2616 me
839 2561 947 2629 vocat,
981 2553 1098 2616 initium
1131 2551 1277 2614 sermonis
1305 2551 1380 2615 iacit
1408 2571 1427 2613 s

62 2641 246 2705 certitudine
270 2642 328 2704 mei
352 2640 526 2706 calendarii
549 2643 578 2704 in
604 2643 731 2705 artimlo
756 2645 791 2704 de
816 2640 1023 2705 seditionibus
1073 2641 1143 2703 lnde
1167 2641 1353 2720 postulatum
1371 2641 1426 2703 In-

64 2731 185 2794 ferioris
207 2732 353 2793 Austriae
377 2729 525 2794 Ordinum
550 2733 608 2804 (sic
633 2731 683 2793 ille
707 2733 843 2803 dicebat)
868 2732 1005 2812 exponit,
1031 2731 1081 2812 qui
1103 2731 1228 2809 cupiant
1250 2730 1428 2793 Tabulam

63 2821 265 2884 interioris
293 2822 472 2883 Austrise
503 2820 797 2901 Geograplricam
826 2840 846 2882 a
874 2840 920 2882 mc
950 2820 1132 2882 concinnari.
1180 2821 1337 2881 Ascensus
1361 2837 1427 2881 sum

63 2911 230 2986 audacter,
265 2909 411 2990 siquidem
445 2910 475 2971 id
503 2910 557 2971 flat
588 2909 735 2989 permissu
767 2911 824 2972 mei
858 2910 1067 2990 magistratus
1113 2908 1200 2970 Nunc
1224 2907 1336 2988 igitur,
1370 2908 1429 2970 etsi

63 2998 128 3062 ieri
150 3018 246 3079 posse
265 2997 397 3075 dicebat,
422 3010 526 3062 utres
551 2998 730 3078 impediatur
753 3000 800 3072 (et
823 3009 924 3060 tamen
949 2999 1020 3060 milri
1045 2999 1143 3079 quasi
1140 2998 1191 3058 de
1210 3017 1243 3058 re
1258 3007 1342 3059 certe
1355 3016 1428 3078 gra-

65 3089 184 3151 tulatus
215 3090 281 3162 est)
309 3107 365 3168 ego
394 3097 494 3151 tamen
525 3089 661 3150 omnibus
689 3089 786 3150 modis
815 3089 886 3151 mihi
909 3087 1076 3169 prospicio,
1111 3106 1148 3149 ne
1172 3086 1339 3166 imparatus
1362 3086 1429 3148 sim.

64 3178 143 3240 Peto
167 3176 266 3257 igitur
289 3177 344 3239 abs
364 3186 395 3239 te
418 3197 485 3240 meo
507 3184 713 3258 praeceptore,
738 3185 774 3239 ut
796 3178 822 3238 si
846 3197 904 3258 quo
926 3178 957 3239 in
979 3197 1012 3240 re
1035 3196 1082 3239 me
1105 3175 1292 3249 monendum,
1317 3174 1429 3237 docen-

64 3268 146 3342 dum,
172 3264 384 3328 instmendum
409 3266 545 3343 censeas,
571 3267 598 3328 id
624 3267 719 3347 prinro
743 3286 858 3349 quoque
882 3276 1015 3347 ternpore
1040 3265 1145 3328 iacias.
1193 3264 1252 3325 Pro
1277 3282 1334 3345 quo
1359 3264 1430 3346 quid

63 3357 118 3419 tibi
140 3355 283 3419 vicissim
305 3355 461 3418 debiturus
485 3354 551 3432 sirn,
576 3357 637 3418 noli
660 3364 767 3436 putare
791 3357 877 3438 quasi
900 3356 997 3418 minus
1019 3354 1105 3436 pensi
1128 3353 1269 3415 habeam.
1317 3352 1429 3431 Statui,

64 3448 91 3508 si
112 3444 267 3525 procedet
289 3445 457 3524 negotium,
489 3465 525 3507 ex
550 3445 630 3525 ligno
655 3456 737 3506 recto
767 3446 949 3525 triangulum
979 3445 1088 3525 duplex
1116 3441 1330 3523 geometricum
1362 3463 1428 3507 curn

67 3535 229 3598 nubilibus
254 3534 358 3596 forulis
382 3543 517 3604 struere,
549 3534 652 3596 decem
675 3534 784 3614 pedum
807 3535 1041 3615 longitudinem,
1077 3535 1204 3614 quinque
1228 3531 1428 3608 altitudinem,

73 3641 136 3686 curn
159 3622 243 3706 pede
272 3623 452 3700 decussato,
482 3633 516 3685 ut
543 3631 606 3685 stet
629 3623 667 3684 ad
690 3623 951 3705 perpendiculum,
1140 3643 1208 3761 sn,
1222 3644 1243 3683 s

76 3708 211 3785 uenam
226 3730 382 3792 margine
407 3710 494 3788 InA,
510 3712 547 3788 B,
564 3710 681 3775 Csunt
704 3712 754 3774 fixi
779 3713 876 3784 foruli,
899 3731 953 3793 per

69 3798 285 3864 ABdiscurrit
303 3801 386 3864 aliud
405 3802 524 3876 mobile,
550 3803 593 3864 sic
608 3821 661 3881 per
676 3799 737 3863 CF
765 3802 802 3864 In
818 3800 869 3864 CF
883 3811 954 3863 sunt
1004 3770 1393 4048 ὣ

66 3887 334 3972 2pcspeudicula.
362 3889 419 3952 ΕΙ)
438 3891 573 3952 fulcmm.
605 3891 638 3951 ln
655 3888 715 3964 OF,
735 3891 799 3964 AF,
816 3891 867 3952 FB
883 3897 954 3951 sunt
1489 3964 1492 3970 Ι

63 3979 174 4044 uodnli
198 3998 253 4042 eeu
275 3988 387 4060 puncta
404 3979 597 4083 palpabilia
590 3999 618 4041 m
639 3977 763 4059 singulis
781 3977 876 4043 1000.
909 3976 1001 4047 UtA
1265 4011 1414 4060 ..Ὧι

63 4069 312 4133 suaromton
328 4067 421 4144 CF
414 4089 443 4130 m
459 4089 496 4131 ea
511 4069 590 4131 linea
606 4068 648 4130 ert
668 4068 845 4130 foecunda
868 4069 952 4143 [tan-
1130 4039 1284 4172 ”N

63 4159 158 4240 gens]
184 4157 354 4221 altitudinis
375 4159 494 4220 stellae.
536 4158 621 4220 Moto
645 4157 771 4219 forulo
763 4177 792 4218 m
816 4158 888 4228 AB,
912 4157 955 4218 sit
1286 4149 1308 4196 Β

65 4247 222 4311 ioecunda
253 4247 462 4351 complementi
494 4246 663 4309 altitudinis
691 4247 838 4308 maximae
866 4247 896 4308 in
920 4246 977 4308 AF
999 4249 1047 4311 vel
1070 4249 1150 4323 FB)
1174 4247 1242 4309 inde
1265 4246 1433 4328 promiscue

63 4337 146 4400 locis
169 4336 341 4416 praecipuis
366 4337 416 4399 vel
439 4335 622 4398 meridianas
645 4336 694 4399 vel
720 4336 971 4415 septentrionales
996 4338 1152 4401 stellarum
1175 4336 1252 4400 coeli
1270 4334 1432 4397 mediatio-

64 4446 125 4489 nes
152 4425 301 4505 excipere.
335 4423 475 4496 Quodsi
498 4445 573 4506 quas
597 4425 724 4487 haberes
749 4426 904 4487 stellarum
932 4424 1150 4490 declinationes
1174 4436 1258 4488 certo
1283 4423 1432 4503 cognitas,

66 4523 177 4578 essent
199 4514 272 4577 mibi
295 4516 372 4578 usui.
418 4516 486 4577 Non
511 4515 589 4576 enim
613 4523 719 4594 potero
743 4515 850 4595 ubique
878 4535 931 4595 per
965 4514 1006 4579 12
1034 4519 1124 4578 horas
1148 4514 1318 4577 observare.
1364 4511 1432 4573 Du-

66 4605 144 4685 plex
166 4604 348 4685 triangulum
372 4605 471 4680 velim,
496 4623 533 4665 ne
558 4604 597 4665 ad
620 4604 774 4665 meridiem
796 4607 996 4668 convertendo
1021 4606 1183 4668 difficultas
1208 4603 1293 4665 sitin
1310 4602 1432 4664 turbato

68 4692 296 4774 perpendiculo.
343 4693 546 4774 Triangulum,
572 4711 630 4753 non
654 4693 861 4774 quadrantem,
889 4692 922 4767 1)
945 4702 978 4756 ut
1000 4695 1113 4775 possim
1133 4693 1251 4775 quoties
1275 4710 1349 4772 opus
1373 4697 1430 4763 est,

68 4784 262 4847 destructum
285 4802 402 4845 mecum
423 4782 556 4864 portare,
581 4780 630 4843 vel
654 4801 729 4862 equo
752 4782 876 4857 vehere3
901 4779 937 4857 2)
962 4784 1031 4865 qnia
1055 4783 1165 4863 lignum
1183 4780 1370 4844 constantius
1384 4786 1433 4839 est

67 4873 101 4936 in
125 4871 330 4954 longitudinm
354 4867 389 4946 3)
414 4879 448 4935 ut
470 4871 512 4935 sit
535 4871 599 4950 ejus
623 4868 719 4950 major
743 4892 815 4934 osus
838 4872 867 4933 in
888 4872 1097 4935 latitudinibus
1111 4871 1288 4952 quibusdam
1302 4865 1431 4930 metien-

214 4998 228 5039 ι
1174 4973 1216 5025 2“
