3278 5542
596 323 602 331 ⁶
688 329 812 403 'Apologia
829 337 953 401 Tycham

728 637 848 736 Caput
875 638 903 710 Ι.

518 794 607 872 Quid
628 796 671 858 sit
693 795 874 878 hypothesis
896 798 1120 860 astronomica.

227 942 260 1002 In
294 939 494 1020 descriptione
527 937 736 1018 hypothesium
769 939 813 999 sic
843 939 974 1018 loquitur
998 939 1109 1014 Ursus,
1142 939 1228 1019 quasi
1258 959 1317 1001 non
1346 940 1387 1001 ad
1419 942 1495 1003 aliud

139 1038 330 1111 comparatae
354 1036 458 1091 esseut
481 1028 685 1108 hypotheses,
711 1047 799 1107 quam
823 1028 865 1088 ad>
886 1028 972 1088 ludos
996 1028 1165 1089 hominibus
1181 1028 1361 1092 iaciendos.
1400 1027 1496 1101 Quam

138 1123 175 1183 ad
199 1140 261 1183 rem
284 1138 342 1181 non
367 1119 444 1180 satis
467 1116 625 1178 verbomm
643 1117 767 1191 invenit,
802 1117 908 1197 quibus
933 1137 1022 1197 quam
1045 1117 1107 1179 fieri
1132 1125 1237 1196 potest
1259 1119 1496 1182 contemtissime

137 1213 174 1272 de
199 1211 254 1271 hoc
279 1227 388 1289 genere
411 1206 614 1268 inventionum
638 1207 795 1285 loquatur:
821 1225 876 1267 nec
889 1207 972 1286 prius
987 1215 1089 1268 cessat
1103 1207 1270 1269 orationem
1285 1227 1373 1271 snam
1388 1209 1495 1271 distin-

138 1318 239 1380 guere,
266 1297 516 1375 subdistinguere,
543 1315 629 1375 quam
655 1314 687 1355 se
711 1296 808 1373 ipsum
824 1296 1042 1374 quodammodo
1057 1297 1254 1375 superaverit
1300 1298 1379 1360 Nos
1398 1317 1496 1361 veram

137 1387 346 1470 hypothesium
371 1395 509 1447 naturam
531 1385 658 1468 primum
673 1384 905 1463 explicabimus;
930 1394 1038 1463 postea
1056 1387 1140 1448 varie
1165 1386 1383 1466 impingentem
1407 1407 1496 1469 seque

137 1480 235 1557 ipsam
259 1476 465 1538 conficientem
480 1474 551 1536 Ursi
575 1474 757 1535 sententiam
780 1475 986 1552 particulatim
1009 1477 1227 1555 expendemus:
1253 1496 1291 1537 ne
1306 1477 1495 1556 quidreetet,

140 1569 219 1648 quod
243 1566 400 1645 imperitus
425 1566 521 1626 lector
544 1563 622 1625 Urso
646 1571 768 1642 propter
792 1563 902 1642 ingenii
927 1565 1039 1625 famam
1064 1566 1177 1626 frustra
1200 1565 1316 1628 credat.

229 1657 296 1717 Non
322 1655 426 1716 statim
450 1672 516 1714 cnm
540 1653 608 1731 ipsa
631 1653 708 1714 coeli
732 1653 913 1715 observandi
937 1654 1151 1715 consuetudine
1175 1662 1330 1716 natusest
1350 1655 1494 1732 mosiste,

139 1754 173 1808 ut
197 1765 285 1826 quam
310 1744 434 1826 quisque
454 1742 700 1822 philosophorum
725 1761 762 1802 ex
785 1742 895 1803 intuitu
919 1744 994 1804 coeli
1018 1744 1055 1804 de
1079 1744 1180 1805 mundi
1203 1744 1404 1827 dispositione
1427 1764 1495 1807 con·

139 1836 273 1915 cepisset
305 1834 489 1914 opinionem,
530 1851 566 1892 ea
604 1850 709 1891 nomeu
748 1831 868 1910 aliquod
906 1832 1032 1894 haberet
1070 1833 1305 1913 hypothesisque
1340 1834 1495 1897 diceretur.

137 1924 358 2005 Longinquitas
383 1920 526 2000 temporis
549 1920 853 2000 philosophorumque
878 1922 1043 1995 successio,
1074 1930 1107 1983 ut
1130 1930 1233 1984 cetera
1256 1942 1334 2002 quae
1358 1943 1495 1986 vocamus

139 2013 288 2076 secundae
312 2010 489 2074 intentionis
504 2009 660 2083 vocabula,
686 2011 729 2071 sic
744 2010 801 2070 hoc
816 2029 932 2090 quoque
947 2011 976 2071 iu
999 2013 1186 2073 astronomia
1199 2012 1362 2075 stabilivit
1399 2015 1496 2076 Prima

138 2103 220 2165 vocis
253 2101 408 2180 usurpatio
443 2099 498 2160 fuit
530 2099 609 2178 apud
638 2097 882 2178 geometras,
923 2100 970 2178 qui
1005 2109 1075 2161 ente
1105 2109 1208 2162 natam
1241 2101 1373 2182 logicam
1399 2105 1496 2183 philo-

106 2231 108 2234 >
138 2192 262 2272 sophiae
290 2198 425 2271 partem,
460 2188 591 2249 naturali
620 2188 732 2250 mentis
763 2189 872 2249 lumine
896 2189 1170 2251 demonstrationes
1198 2210 1270 2251 snas
1299 2194 1496 2271 geometricas

138 2300 205 2343 cum
230 2282 344 2341 vellent
367 2278 522 2359 expedire,
553 2277 636 2338 soliti
660 2286 730 2338 sunt
753 2297 771 2337 a
795 2286 879 2339 certo
903 2279 1031 2357 quodam
1055 2280 1142 2341 initio
1167 2280 1333 2342 doctrinam
1358 2282 1495 2362 incipere.

139 2369 399 2441 Quemadmodum
423 2368 501 2428 enim
523 2366 554 2426 in
574 2367 777 2428 architectura
800 2366 877 2427 satis
906 2368 998 2429 habet
1022 2368 1138 2448 opifex,
1172 2370 1198 2430 si
1221 2387 1274 2448 pro
1299 2370 1402 2432 lutura
1424 2373 1496 2433 mole

140 2461 245 2521 domus
269 2459 465 2520 fundamenta
486 2455 566 2517 inira
589 2463 702 2517 terram
726 2463 871 2530 exstruat,
897 2475 993 2537 neque
1017 2457 1237 2534 sollicitasset,
1262 2465 1297 2520 ut
1314 2466 1399 2522 tarra
1421 2461 1495 2522 inie-

140 2551 200 2611 rior
223 2548 271 2608 val
294 2555 364 2608 ruat
391 2546 440 2607 vel
463 2545 493 2606 in
517 2565 585 2606 sese
612 2546 737 2607 recedat
764 2564 857 2624 usque
881 2546 920 2606 ad
943 2556 1095 2620 centrum,
1126 2547 1170 2608 ita
1202 2547 1231 2608 in
1254 2566 1287 2609 re
1314 2551 1497 2629 geometrice

140 2638 226 2718 primi
251 2644 388 2698 auctores
412 2654 469 2696 non
494 2633 538 2696 ita
566 2635 668 2696 stolidi
698 2635 834 2708 fuerunt,
869 2643 904 2696 ut
933 2636 983 2715 qui
1013 2644 1084 2716 post
1107 2637 1203 2698 secuti
1236 2645 1308 2699 sunt
1330 2639 1496 2720 Pyrrhoni,

139 2736 173 2788 at
200 2726 300 2791 omnia
323 2726 437 2787 vellent
465 2723 652 2799 addubitare,
686 2724 760 2785 nihil
788 2723 936 2803 arripere,
963 2744 1053 2804 super
1080 2726 1160 2804 quod
1187 2745 1252 2787 cerr
1274 2727 1496 2791 fundamentum

140 2824 254 2879 certum
283 2823 315 2876 et
343 2814 479 2876 omnibus
507 2815 677 2874 confessum
705 2821 808 2875 cetera
839 2814 951 2874 vellent
979 2815 1239 2894 superaedificare.
1287 2813 1376 2886 Quae
1399 2819 1496 2900 itaque

139 2915 224 2968 certa
247 2914 279 2968 et
303 2905 381 2984 apud
397 2922 499 2964 omnes
514 2903 649 2964 homines
673 2903 814 2964 consessa
829 2912 942 2977 essent,
968 2923 1004 2964 ea
1024 2905 1148 2983 speciali
1170 2903 1289 2965 nomine
1311 2903 1497 2984 ἀξιωματα

137 2996 323 3068 dictitarent,
349 3012 403 3055 ceu
427 2993 593 3053 sententias
613 2992 757 3066 dicerent,
783 3010 859 3072 quae
882 2993 1029 3054 haberent
1052 2994 1267 3056 auctoritatem
1291 2996 1372 3073 apud
1387 3015 1495 3058 omnes.

138 3083 295 3155 Quaedam
319 3081 488 3161 hujusmodi
511 3081 722 3160 principiorum
751 3080 795 3141 sic
820 3090 907 3142 erant
929 3089 1119 3160 comparata,
1145 3090 1179 3144 ut
1202 3083 1338 3163 quamvis
1372 3104 1432 3148 non
1463 3086 1496 3147 ab

140 3174 277 3235 omnibus
302 3172 505 3245 crederentur,
530 3170 606 3248 ipsis
628 3179 730 3231 tamen
754 3171 926 3232 auctoribus
943 3172 1021 3232 satis
1036 3180 1123 3233 erant
1136 3180 1219 3244 nota,
1243 3180 1354 3234 utnon
1379 3175 1496 3238 dubita·

137 3271 207 3324 rent
237 3282 275 3324 ea
303 3261 363 3322 alia
391 3259 646 3321 demonstratione
674 3267 759 3321 certa
782 3267 814 3320 et
837 3279 910 3321 vera
938 3261 1111 3336 ostendere,
1147 3262 1177 3322 id
1206 3269 1307 3323 autem
1331 3264 1420 3326 utin
1445 3263 1494 3327 sibi

137 3352 295 3432 proposita
325 3349 581 3410 demonstratione
610 3356 797 3427 perstarent,
829 3351 879 3412 vel
908 3350 996 3411 nimis
1025 3351 1146 3430 longum
1180 3359 1247 3411 erat
1278 3351 1415 3414 interum
1454 3353 1494 3415 rel

138 3439 398 3520 intempestivum,
429 3446 464 3498 ut
487 3438 633 3518 ejusmodi
658 3439 827 3500 sententiae
851 3458 917 3500 cum
942 3439 1011 3501 aliia
1035 3439 1137 3514 rebus,
1168 3439 1337 3519 dequibus
1370 3442 1402 3504 in
1426 3462 1493 3522 geo·

137 3532 246 3592 metria
269 3549 327 3591 non
352 3525 536 3606 disputatur,
561 3528 689 3589 innexae
713 3535 745 3589 et
767 3528 910 3603 confusae
934 3536 1048 3590 essent.
1071 3572 1073 3583 ,
1094 3529 1159 3589 Has
1179 3528 1322 3591 dixerunt
1342 3530 1493 3609 oleraceo,

138 3628 242 3700 utpote
266 3637 342 3700 quae
367 3638 386 3678 a
409 3617 544 3678 disceme
568 3617 627 3678 sibi
650 3616 773 3678 concedi
797 3637 816 3677 a
838 3617 986 3696 principio
1010 3618 1209 3709 postularent.
1256 3618 1323 3680 Hoc
1341 3627 1408 3683 tum
1431 3640 1492 3683 ma·

137 3711 216 3772 xime
248 3729 304 3771 usu
333 3707 430 3780 venit,
463 3707 530 3768 cum
558 3706 587 3767 in
616 3706 792 3786 figuratione
817 3707 957 3786 angulum
988 3707 1038 3767 vel
1071 3707 1179 3768 lineam
1212 3707 1307 3768 talem
1340 3709 1493 3791 designare

137 3801 259 3868 vellent,
284 3798 381 3878 qualis
405 3815 494 3857 manu
518 3796 654 3876 praecise
682 3795 747 3856 fieri
774 3796 888 3876 nequit.
936 3797 1018 3857 Tunc
1051 3797 1129 3857 enim
1158 3791 1315 3871 dicebant,
1345 3797 1406 3872 ἑςω
1429 3801 1493 3861 telin

136 3889 185 3949 vel
208 3888 291 3948 talis.
337 3886 397 3946 Est
420 3894 452 3947 et
476 3886 556 3946 aliud
580 3904 688 3965 genus,
715 3902 796 3954 cum,
822 3904 897 3965 quae
921 3886 969 3945 vel
994 3904 1061 3945 esse
1084 3892 1236 3965 nequeunt
1263 3887 1312 3950 vel
1336 3907 1396 3950 non
1421 3896 1491 3961 sunt,

137 3987 280 4056 tanquam
305 3982 408 4035 essent
431 3983 638 4044 assumuntur,
666 3982 700 4035 ut
724 3973 979 4035 demonstratione
1002 3975 1131 4052 patefiat
1158 3975 1227 4055 quid
1252 3984 1428 4040 secuturum
1453 3979 1491 4039 io·

137 4074 192 4138 ret,
219 4065 245 4125 si
269 4065 322 4125 illa
345 4056 456 4125 essent.
503 4063 569 4123 Hoc
593 4081 708 4142 quoque
732 4083 827 4142 genus
859 4072 921 4124 tum
946 4063 1043 4123 locum
1067 4062 1173 4135 habet,
1199 4082 1266 4125 cum
1290 4082 1307 4124 e
1332 4067 1516 4144 geometria·

137 4153 253 4234 egressi
276 4154 307 4213 in
331 4160 479 4230 cognatas
499 4151 644 4213 scientias
658 4152 926 4213 demonstrationis
940 4152 1112 4213 methodum
1131 4154 1327 4215 transiemnt.
1372 4156 1490 4218 Utrum·

138 4262 194 4324 que
218 4261 312 4323 genus
341 4249 372 4302 et
395 4260 471 4321 quae
495 4241 555 4301 alia
578 4241 737 4302 brevitatis
760 4261 853 4302 causa
881 4241 1066 4314 intermitto,
1100 4242 1219 4320 quando
1249 4242 1288 4304 ad
1312 4253 1416 4306 actum
1445 4245 1490 4306 de·

138 4331 365 4393 monstrationis
394 4330 565 4403 veniebant,
595 4325 754 4400 haederae
786 4350 840 4392 seu
866 4330 1088 4409 suppositiones
1113 4331 1324 4410 appellabant,
1360 4343 1490 4414 respectu

138 4421 256 4483 scilicet
280 4421 358 4500 ejus,
385 4420 463 4500 quod
488 4419 696 4481 demonstrare
719 4419 920 4480 intenderent.
969 4418 1224 4498 Supponebantur
1256 4422 1337 4483 enim
1366 4431 1441 4485 nota
1469 4427 1492 4483 et

136 4530 224 4591 super
248 4510 308 4572 illis
332 4508 565 4570 exstruebantur
587 4508 738 4587 ignotiora
761 4508 1056 4588 ostendebanturque
1082 4508 1219 4569 discenti.

224 4600 310 4660 Haec
339 4598 422 4678 origo
445 4598 543 4672 vocis,
577 4596 625 4658 hic
661 4617 733 4659 usus
763 4599 841 4676 apud
873 4605 1053 4676 geometras.
1102 4596 1215 4659 Statim
1243 4597 1273 4659 in
1304 4598 1490 4677 geometricis

139 4688 242 4768 figuris
266 4695 298 4748 et
321 4686 461 4761 numeris,
486 4704 591 4764 nempe
616 4686 645 4746 in
669 4706 700 4746 re
725 4686 819 4748 totius
839 4695 964 4747 naturae
989 4686 1157 4748 clarissima
1179 4686 1332 4766 mentique
1352 4688 1491 4751 humanae

137 4777 267 4838 maxime
292 4785 383 4856 apta,
408 4775 669 4855 deprehenderunt
691 4794 789 4837 rerum
812 4776 1065 4854 contemplatores
1090 4776 1186 4836 lumen
1211 4775 1285 4836 illud
1308 4779 1421 4840 mentis
1443 4797 1491 4840 no·

137 4875 233 4944 strae,
268 4866 347 4948 qnod
376 4866 544 4929 rectissime
569 4865 688 4946 quidem
710 4864 741 4927 in
772 4864 890 4945 figuris,
922 4863 977 4926 sed
1008 4871 1110 4926 tamen
1139 4865 1231 4927 etiam
1259 4865 1291 4928 in
1314 4866 1386 4930 aliis
1409 4866 1491 4931 aba
