3278 5542
245 465 422 528 distantiam
434 465 521 528 Iovis
536 474 567 529 et
581 466 701 541 Martis,
725 467 904 547 quadratum
919 467 973 529 sc.
994 465 1136 528 adhibere
1154 470 1290 536 conatus,
1308 480 1374 526 enm
1392 482 1450 526 nou
1469 463 1591 525 meliore

244 590 386 635 successu
408 572 569 653 gauderet,
593 574 631 635 ad
654 573 843 655 regularia
865 573 1088 653 geometrica
1110 589 1278 652 corpora,
1307 577 1340 631 nt
1361 570 1457 648 globis
1480 572 1591 649 (neque

243 695 331 753 vero,
366 677 443 760 quod
471 679 535 757 lpse
559 697 700 760 expresse
724 680 870 750 cavebat,
904 677 1035 747 realibus
1064 697 1116 738 sen
1146 676 1364 751 materialibus,
1396 677 1499 757 quales
1527 683 1592 738 tum

243 784 385 865 temporis
413 786 498 847 multi
531 784 717 866 fingebant),
752 785 857 869 quibus
885 785 1124 864 circumscriptos
1151 784 1290 863 planetas
1319 783 1428 844 moveri
1452 781 1589 861 putabat,

241 891 337 972 magis
361 910 501 972 congma,
526 911 614 972 quam
637 893 749 973 figurae
767 894 876 974 planae
894 900 973 966 sont,
999 910 1170 965 conversus,
1194 909 1266 952 vera
1290 890 1347 951 sibi
1368 889 1479 950 vidisse
1502 888 1589 950 vide-

239 995 341 1074 batur,
365 999 545 1080 inveutaque
569 999 730 1061 Prodromo
755 999 887 1081 pluribus
911 1017 1049 1061 euamare
1074 1006 1104 1059 et
1124 998 1332 1059 demonstrare
1355 994 1488 1058 conatur.

327 1104 434 1186 Itaque
456 1105 583 1186 primum
607 1106 686 1188 (cap.
704 1108 737 1179 1)
761 1107 866 1188 quibus
890 1107 989 1169 causis
1013 1105 1159 1168 adductus
1184 1100 1419 1184 (lopernicanam
1443 1102 1589 1163 rationem

239 1209 395 1290 amplexae
414 1210 465 1282 sit,
485 1219 623 1286 enarrat3
647 1212 753 1273 deinde
773 1211 854 1292 (cap.
871 1209 907 1302 2)
926 1211 974 1286 iis,
994 1230 1070 1292 quae
1089 1211 1153 1290 ipse
1171 1209 1328 1284 invenerit,
1352 1216 1493 1289 tanquam
1513 1226 1589 1267 novo

238 1313 417 1378 ¹adminiculo
440 1319 589 1381 rationem
612 1317 695 1379 illam
719 1317 817 1380 fulciri
835 1318 950 1392 credit;
975 1326 1036 1379 tum
1057 1319 1138 1395 (cap.
1155 1311 1280 1389 3-17)
1304 1333 1429 1395 corpora
1447 1335 1501 1377 sua
1519 1316 1588 1392 pla-

212 1412 374 1485 'notarum
397 1422 516 1487 orbibus
541 1425 764 1486 accommodare
786 1425 904 1498 studet,
927 1444 982 1485 nec
1006 1442 1080 1495 nou,
1104 1442 1180 1503 quae
1203 1423 1240 1484 de
1264 1422 1394 1483 numeris
1420 1440 1476 1482 non
1499 1421 1588 1500 plane

235 1544 290 1590 noc
313 1528 343 1591 in
366 1529 503 1595 omuibus
526 1532 656 1611 planetis
677 1550 799 1611 prorsus
818 1532 1049 1612 congruentibus
1064 1529 1253 1610 objiciuntur,
1275 1527 1438 1608 explanare
1462 1535 1515 1589 aut
1537 1546 1587 1589 re-

233 1632 356 1709 fellera;
384 1652 494 1698 novam
522 1636 643 1716 insuper
666 1645 697 1698 et
719 1637 776 1699 huc
799 1656 892 1718 usqne
915 1634 1061 1700 intactam
1085 1637 1237 1715 ingressus
1266 1635 1362 1705 viam,
1392 1634 1458 1696 loca
1480 1634 1587 1714 plane-

233 1748 331 1802 tarum
354 1737 463 1822 Gapite
487 1742 564 1815 XV,
588 1760 645 1805 non
669 1744 708 1804 ad
731 1743 875 1817 medium,
899 1742 955 1807 sed
979 1742 1018 1805 ad
1042 1752 1237 1825 apparentem
1260 1741 1340 1803 Solis
1365 1742 1462 1802 locum
1484 1742 1587 1803 refert.

231 1845 389 1909 Postremo
414 1851 495 1929 (cap.
524 1847 666 1924 rss—tr)
691 1870 806 1913 errores
835 1853 873 1913 ab
888 1828 1081 1914 ¹astronomis
1105 1852 1134 1923 in
1159 1847 1354 1910 observandis
1377 1849 1506 1929 planetis
1531 1847 1588 1909 ad·

231 1952 339 2015 missos
363 1934 523 2019 recensens
548 1965 579 2018 et
603 1956 785 2037 dijudicans,
818 1977 911 2045 opera
932 1966 966 2021 et
987 1958 1112 2021 consilio
1135 1955 1326 2039 Maestlini
1349 1973 1529 2035 magnopere
1553 1974 1587 2014 se

232 2059 367 2140 adjutum
391 2082 459 2124 esse
483 2075 570 2145 grato
595 2065 692 2127 animo
710 2060 883 2146 profitetur3
909 2085 1075 2147 quanquam
1090 2063 1217 2144 posthac
1237 2062 1316 2136 illas,
1341 2080 1416 2141 quae
1439 2061 1586 2124 videban-

231 2176 293 2238 tur,
325 2169 549 2232 emendationes
578 2173 707 2234 numeris
736 2192 752 2235 e
781 2173 967 2253 regularibus
991 2172 1164 2253 corporibus
1188 2171 1332 2232 desumtis
1355 2170 1399 2230 ita
1421 2177 1585 2230 retractat:

232 2283 374 2350 ,ceterae
397 2277 561 2338 errantium
585 2298 772 2341 numerorum
796 2280 835 2340 ad
858 2280 1016 2341 veritatem
1042 2278 1214 2352 allusiones,
1241 2295 1315 2358 quas
1339 2274 1452 2356 passIm
1476 2275 1581 2354 allego,

232 2379 375 2442 fortuitae
394 2391 472 2457 sunt,
498 2401 553 2445 uec
568 2383 686 2462 dignae,
711 2404 787 2464 quae
802 2385 1008 2458 excutiantur;
1028 2383 1179 2465 J'ncundae
1203 2391 1302 2443 tamen
1327 2381 1398 2443 mibi
1420 2381 1583 2461 recognito,

231 2484 301 2575 quia
323 2485 458 2562 monent,
489 2488 595 2568 quibus
619 2490 804 2565 menandris,
835 2509 957 2571 quorum
979 2492 1126 2571 parietum
1149 2489 1336 2569 palpatione,
1364 2506 1418 2567 per
1445 2488 1587 2550 tenebras

231 2592 432 2671 ignorantiae,
457 2593 496 2655 ad
519 2595 698 2674 pellucidum
722 2597 832 2659 ostIum
855 2598 995 2659 veritatis
1019 2597 1221 2659 devenerIm.“
1269 2594 1365 2667 (Nota
1387 2594 1426 2655 ad
1450 2614 1518 2676 cap.
1544 2592 1582 2657 21

230 2699 405 2777 posterioris
430 2701 597 2775 editionis.)
643 2703 767 2766 Duobus
791 2706 939 2786 supremis
962 2704 1111 2785 capitibus
1134 2700 1203 2776 (22.
1228 2699 1298 2774 23.)
1329 2702 1365 2762 de
1394 2701 1587 2781 planetarum

231 2815 363 2869 motuum
385 2807 495 2882 causis,
520 2808 557 2870 de
581 2809 666 2870 initio
691 2818 723 2871 et
744 2811 801 2873 fine
826 2812 927 2874 mnndi
950 2813 1116 2892 disputans,
1141 2829 1216 2890 opus
1240 2827 1326 2870 snum
1349 2810 1424 2870 finit.

318 2911 381 2975 Sed
404 2933 492 2994 quum
515 2916 674 2977 maximam
696 2926 814 2997 partem
833 2918 881 2982 hle
904 2918 1024 2981 libellus
1051 2924 1182 2999 exponat
1200 2918 1327 2998 quinque
1347 2916 1496 2995 regularia
1514 2935 1587 2976 cor-

155 2998 162 3012 *
229 3036 318 3099 pora,
342 3019 417 3082 haec
439 3019 571 3083 habeto:

318 3125 450 3188 Veteres
468 3127 529 3189 illis
548 3130 721 3209 corporibus
739 3131 895 3211 plurImum
914 3129 1097 3193 tribuebant.
1135 3108 1338 3212 Pythagoraei
1354 3128 1472 3209 quidem
1487 3147 1588 3191 rerum

232 3231 360 3294 oninium
383 3234 534 3296 elementa
557 3234 617 3296 illis
645 3237 791 3298 contineri
819 3236 1010 3310 statuebant,
1040 3236 1227 3298 dodeeaedro
1254 3252 1353 3297 rerum
1376 3233 1586 3298 universitatis

116 3405 119 3409 ,
230 3337 389 3418 imaginem
412 3341 534 3416 referri,
559 3342 713 3424 tetrabdro
737 3343 852 3423 Ignem,
878 3343 952 3405 cubo
971 3352 1097 3418 terram,
1122 3342 1264 3404 octaedro
1288 3347 1403 3416 adrem,
1427 3342 1586 3404 icosaedro

230 3462 339 3525 aquam
363 3445 523 3524 significari
547 3449 693 3510 dicentes.
726 3449 799 3512 Illos
819 3450 1020 3532 sequebantur
1038 3450 1148 3512 similia
1166 3448 1350 3512 somniantes
1372 3448 1492 3531 mystici
1515 3449 1584 3532 plri-

231 3550 347 3631 losophi
370 3553 471 3614 seculo
490 3552 552 3615 XV
574 3562 606 3615 et
624 3555 721 3616 XVI:
745 3557 851 3637 quibus
874 3557 980 3619 iisdem
1003 3556 1039 3619 de
1064 3558 1152 3620 rebus
1176 3557 1267 3619 etiam
1290 3554 1456 3637 posteriore
1481 3563 1580 3618 aetate

229 3657 347 3739 Anglus
369 3657 421 3720 ille
441 3658 593 3722 Robertus
617 3661 654 3723 de
673 3662 828 3724 Fluctibus
852 3680 919 3724 cum
938 3662 1069 3743 Keplero
1092 3662 1121 3724 in
1146 3662 1240 3724 rixam
1263 3660 1355 3722 veuit.
1393 3660 1428 3721 In
1447 3660 1583 3725 Euclidis

228 3765 385 3828 elementis
404 3765 472 3828 libri
487 3764 573 3844 XIII,
596 3767 682 3844 XIV,
702 3768 774 3845 XV,
799 3788 856 3831 uon
876 3769 933 3831 nisi
952 3769 1101 3850 regularia
1120 3789 1245 3850 corpora
1267 3774 1428 3846 exponunt,
1453 3767 1490 3828 de
1515 3769 1583 3849 qui-

228 3871 283 3933 bos
303 3891 378 3954 quae
397 3873 486 3935 affert
503 3872 661 3957 Keplerus,
685 3875 746 3938 illis'
770 3876 854 3938 libris
873 3876 976 3938 innixa
994 3876 1177 3956 geometrica
1200 3866 1322 3937 ratione¹
1339 3873 1377 3935 ab
1400 3873 1460 3934 illis
1484 3874 1584 3935 dedu-

228 3985 343 4040 cuntur.
373 4010 414 4020 —-
444 3977 586 4041 Calculus
614 3981 874 4061 trigonometricus
901 3982 982 4044 haud
1009 3983 1110 4065 inepte
1137 3981 1194 4041 hoc
1224 3980 1289 4041 loco
1318 3979 1516 4054 adhibeatur,
1550 3992 1585 4042 ut

219 4082 327 4162 'posita
350 4103 369 4144 a
391 4083 523 4164 Keplero
547 4087 698 4148 sententia
727 4089 911 4151 examinetur
938 4097 970 4149 et
996 4086 1104 4148 calculi
1131 4086 1209 4148 ratio
1237 4084 1354 4148 facilius
1382 4097 1584 4166 cognoscatur

228 4187 266 4249 ab
289 4188 341 4263 iis,
366 4188 472 4268 quibus
494 4188 651 4254 Euclidica
673 4193 750 4254 ratio
774 4195 884 4269 miuus,
909 4213 996 4275 qnam
1009 4192 1071 4278 illa
1093 4193 1122 4253 in
1146 4212 1201 4254 nsu
1223 4201 1281 4255 est.

315 4294 366 4356 Ad
389 4291 582 4358 inveniendos
606 4297 706 4359 radios
731 4300 773 4373 (r,
800 4299 844 4374 R)
868 4300 1022 4380 globorum
1044 4300 1123 4362 intra
1146 4307 1177 4362 et
1199 4300 1308 4362 clrcnm
1332 4317 1458 4379 corpora
1480 4301 1581 4381 scrip-

228 4409 324 4462 torum
347 4418 422 4480 opos
445 4409 494 4462 est
516 4403 644 4482 cognitis
668 4405 785 4484 augulis
808 4406 1032 4467 inclinationum
1055 4409 1219 4487 planorum.
1267 4406 1315 4467 Illi
1338 4414 1439 4467 autem
1462 4406 1507 4468 ita
1531 4407 1581 4469 iu-

228 4505 394 4570 veuinutur.
441 4505 476 4569 si
499 4527 537 4569 ex
558 4510 672 4571 vertice
696 4512 796 4591 anguli
820 4513 906 4574 solidi
935 4512 1115 4593 descriptum
1143 4512 1323 4593 cogitaveris
1351 4531 1469 4593 quoquo
1492 4515 1581 4576 radio

228 4612 359 4693 globum,
378 4613 425 4675 hic
440 4614 539 4693 planis
553 4616 655 4696 anguli
669 4617 755 4678 solidi
771 4631 900 4693 secatur,
920 4619 1025 4681 deinde
1046 4619 1232 4683 describatur
1245 4618 1431 4700 sphaericum
1445 4620 1578 4701 polygo-

227 4738 297 4782 num
311 4721 495 4800 respondeus
510 4722 619 4802 angulo
639 4723 744 4797 solido,
765 4726 847 4804 cujus
866 4725 964 4786 latera
983 4727 1039 4789 sibi
1054 4735 1125 4789 sunt
1144 4725 1290 4806 aequalia,
1310 4724 1478 4807 angoliqne,
1503 4725 1579 4790 item
