3278 5542
622 233 627 324 s
654 305 686 356 a„
703 307 776 358 ssu.
795 305 956 373 mersura.
1419 303 1484 372 359

123 461 396 538 considerandum,
432 463 578 526 distantia
602 465 813 545 significatoris
837 485 856 526 a
878 465 1041 527 meridiano
1066 465 1212 545 quomodo
1236 466 1323 527 detur
1351 467 1379 529 in
1404 473 1483 529 tem-

123 550 282 630 poralibus
307 551 392 613 horis
417 573 454 613 an
481 554 509 613 in
534 554 719 634 aequalibus,
745 555 774 615 h.
801 574 827 615 e.
852 553 881 615 in
906 574 968 616 asc.
994 554 1098 615 reeta?
1143 553 1233 615 Etsi
1258 555 1323 630 boc,
1348 555 1483 616 uthodie

123 656 250 719 semper
273 640 317 712 fit,
343 647 413 702 tunc
438 642 530 704 debes
555 661 592 702 ex
616 645 715 723 aliqua
731 644 837 705 tabula
860 662 1020 722 excerpere
1044 643 1164 704 horaria
1177 651 1315 722 tempora
1329 643 1482 722 siguifica-

123 728 219 801 toris;
250 747 367 809 peres
394 730 510 791 divides
535 732 734 794 differentiam
768 751 830 793 asc.
855 741 957 794 rectae
986 731 1075 794 medii
1099 733 1173 793 coeli
1199 739 1231 792 et
1258 733 1481 811 significatoris,

122 818 228 896 prodit
250 837 392 879 numerus
416 819 558 881 horarum
581 820 1035 898 temporalium.significatoris.
1082 821 1218 882 Habebis
1237 821 1293 881 hoc
1308 829 1398 900 pacto
1423 821 1483 883 duo

122 923 159 966 ex
182 914 275 985 parte
299 907 532 985 significatoris:
564 930 626 970 asc.
650 918 765 970 rectam
788 909 980 971 eulmiuantis
1004 910 1108 989 puncti
1131 917 1163 971 et
1186 907 1361 971 distantiam
1387 909 1483 990 signi-

122 993 257 1056 dcatoris
282 1015 300 1055 a
325 996 488 1057 meridiano
513 998 542 1058 in
567 998 648 1059 boris
672 998 885 1078 significatoris
908 1000 1047 1079 propriis.
1095 997 1224 1077 Oportet
1240 1018 1317 1059 nunc
1331 999 1407 1060 talia
1422 1000 1481 1060 duo

122 1083 218 1144 etiarn
241 1101 386 1162 quaerere
410 1104 448 1146 ex
471 1095 558 1163 parte
581 1086 787 1166 promissoris,
820 1086 851 1147 id
875 1096 936 1159 est,
966 1094 1086 1167 oportet
1109 1088 1191 1149 illum
1215 1087 1320 1148 eodem
1343 1087 1483 1150 horarum

121 1171 311 1250 propriarum
344 1192 466 1234 numero
500 1175 635 1237 adhiberi
668 1175 745 1237 coeli
776 1175 893 1248 medio,
932 1183 964 1237 et
1000 1184 1071 1238 tunc
1105 1194 1247 1254 quaerere
1285 1176 1360 1237 coeli
1392 1177 1483 1238 medii

121 1277 186 1320 sse.
221 1270 350 1323 rectam.
403 1261 455 1323 Sic
483 1262 576 1342 igitur
604 1283 692 1343 ages:
729 1282 856 1356 excerpe
889 1265 1010 1327 horaria
1041 1272 1179 1343 tempora
1209 1264 1415 1343 promissoris3
1447 1284 1484 1326 ea

121 1347 293 1426 multiplica
320 1349 351 1409 in
386 1370 537 1412 numerum
569 1352 723 1413 inventum
751 1353 889 1414 horarum
914 1353 1122 1433 temporalium
1151 1352 1377 1430 significatoria,
1410 1371 1483 1433 pro-

121 1435 244 1497 ductum
276 1438 361 1499 auser
390 1440 429 1500 ab
463 1458 525 1501 ase.
557 1450 641 1503 recta
663 1435 873 1520 promissoris,
910 1444 1011 1522 prodit
1044 1461 1105 1502 ase.
1138 1452 1224 1503 recta
1253 1441 1296 1501 M.
1331 1439 1383 1511 0.,
1416 1461 1483 1503 eum

121 1525 293 1604 promissor
325 1533 372 1587 tot
408 1528 467 1588 tuis
505 1530 720 1609 temporalibus
752 1530 833 1592 boris
862 1531 951 1591 abest
983 1551 1002 1591 a
1032 1531 1074 1593 M.
1105 1528 1156 1604 0.,
1192 1539 1266 1609 quot
1299 1529 1484 1609 significator

121 1612 228 1674 itidem
252 1614 316 1675 suis
340 1614 456 1677 aberat.
504 1617 669 1680 Subtracta
693 1619 785 1698 igitur
799 1639 862 1681 asc.
888 1628 973 1680 recta
991 1621 1035 1680 M.
1056 1618 1092 1681 G.
1112 1637 1166 1700 pro
1191 1617 1394 1698 significatore
1409 1619 1483 1679 data

120 1702 158 1762 sb
182 1721 246 1762 asc.
263 1711 348 1764 recta
362 1705 405 1766 M.
423 1703 459 1766 Ο.
485 1705 532 1767 hic
552 1707 675 1769 inventa
691 1726 745 1788 pro
763 1710 954 1788 promissore,
979 1708 1162 1789 relinquetur
1176 1725 1313 1769 nnmems
1328 1707 1483 1786 quaesitus

120 1793 267 1871 graduum
293 1793 475 1854 directionis.

210 1879 296 1941 Haec
328 1882 420 1961 igitur
447 1890 496 1942 est
519 1884 708 1945 Ptolemaica
730 1886 809 1947 ratio
834 1884 996 1964 dirigendi,
1031 1885 1068 1945 de
1092 1903 1152 1962 qua
1178 1891 1281 1944 tamen
1306 1881 1478 1956 notandum,

120 1968 199 2049 quod
223 1969 418 2031 Ptolemaeus
435 1992 509 2032 eam
533 1991 591 2033 non
615 1975 750 2052 proferat
773 1975 861 2035 modo
877 1973 1129 2053 Regiomontani;
1153 1992 1222 2033 nam
1247 1971 1342 2051 primo
1367 1971 1481 2031 latetur

120 2054 236 2138 aperte,
262 2077 330 2119 eam
355 2079 374 2120 a
396 2079 488 2139 scopo
512 2060 645 2122 nonnihil
670 2063 841 2124 deflectere.
889 2061 966 2125 Cum
989 2062 1068 2124 enim
1091 2060 1266 2141 principalis
1290 2068 1375 2120 esset
1403 2059 1476 2120 Pto-

119 2148 237 2208 lemaeo
263 2166 373 2227 scopus
397 2148 475 2211 idem
499 2149 548 2229 qni
572 2157 604 2211 et
627 2151 878 2229 Regiomontano‚
904 2160 937 2213 ut
951 2170 994 2214 sc.
1018 2150 1184 2230 promissor
1195 2149 1316 2210 'veniret
1339 2147 1367 2208 in
1383 2147 1478 2227 signi·

119 2235 252 2296 ficatoris
272 2236 414 2297 circulum
436 2237 613 2316 positionis,
638 2240 834 2301 Ptolemaeus
858 2259 915 2300 non
932 2239 1019 2309 dicit,
1042 2239 1099 2300 hoe
1120 2237 1248 2300 obtineri
1263 2235 1402 2316 praecise
1426 2254 1479 2314 per

119 2325 210 2385 boras
236 2327 432 2403 temporales,
467 2328 521 2388 sed
545 2328 638 2389 utitur
661 2346 734 2389 voce
761 2330 1028 2408 ,propemodum,“
1062 2328 1145 2389 etin
1170 2325 1317 2405 exemplis
1342 2323 1477 2385 ostendit

119 2412 363 2491 discrepantiam.
409 2414 525 2476 Deinde
550 2417 739 2478 certitudinis
764 2427 795 2477 et
816 2417 983 2496 compendii
1003 2437 1094 2478 causa
1119 2417 1244 2495 ablegat
1257 2432 1312 2476 nos
1327 2412 1366 2474 ad
1380 2411 1479 2492 ipsum

118 2502 239 2563 modum
263 2501 512 2580 Regiomontani,
534 2504 661 2583 jubens,
687 2506 716 2567 in
741 2505 924 2567 aseendente
949 2506 1078 2585 dirigere
1102 2524 1157 2585 per
1180 2519 1247 2566 aso:
1267 2502 1422 2583 obliquas,
1447 2498 1476 2561 in

118 2590 161 2652 bl.
188 2589 224 2653 O.
249 2609 302 2669 per
325 2599 435 2653 rectas.
483 2591 545 2653 Sed
577 2594 647 2672 quia
676 2613 730 2674 pro
759 2594 834 2656 loeis
865 2595 1053 2656 intermediis
1081 2613 1139 2655 non
1168 2592 1332 2654 exstabant
1355 2590 1477 2651 tabulae

118 2679 333 2752 directionum,
368 2679 435 2740 ideo
466 2683 658 2743 commendat
686 2682 772 2744 nobis
797 2684 853 2744 boc
877 2683 1099 2764 compendium,
1134 2690 1168 2742 ut
1198 2681 1362 2760 dirigamus
1385 2678 1478 2740 talem

118 2767 366 2846 significatorem,
401 2770 450 2847 qui
478 2769 657 2832 intermedio
684 2773 748 2833 loco
782 2772 887 2846 luerit,
921 2783 954 2834 et
981 2792 1034 2850 per
1062 2778 1162 2832 rectas
1195 2779 1228 2831 et
1255 2788 1310 2849 per
1338 2768 1476 2846 obliquas

118 2874 197 2928 asc,
222 2864 254 2916 et
277 2856 477 2918 differentiam
501 2859 657 2940 utriusque
681 2860 855 2922 directionis
878 2861 1145 2940 proportionaliter
1169 2857 1354 2939 applicemus
1383 2856 1476 2917 bora·

117 2943 180 3005 riae
209 2944 373 3006 distantiae
402 2946 616 3024 significatoris
649 2949 864 3011 aineridiano.
911 2949 1006 3029 Atqui
1038 2949 1076 3009 ad
1104 2948 1165 3009 ista
1196 2945 1309 3018 omnia,
1344 2951 1376 3006 et
1399 2961 1475 3023 quae

117 3033 273 3112 praecepit
290 3033 489 3096 Ptolemaeus
527 3045 559 3096 et
593 3042 732 3115 qnors'um
760 3037 872 3112 tendit,
906 3038 1017 3099 rectius
1047 3036 1238 3116 pervenimus
1265 3053 1319 3113 per
1353 3031 1475 3094 tabulas

117 3120 316 3183 directionum
336 3121 580 3201 Regiomoutani,
606 3127 653 3186 vel
677 3126 744 3205 ipso
764 3127 938 3188 Ptolemaeo
962 3134 1054 3188 teste.
1101 3126 1186 3186 Haec
1210 3123 1303 3204 igitur
1326 3123 1364 3184 de
1386 3121 1475 3182 modo

117 3209 268 3288 dirigendi
283 3206 516 3285 Ptolemaico.⁰)

207 3291 277 3361 Jam
310 3299 388 3377 quod
421 3301 572 3379 negotium
607 3302 717 3363 attinet
753 3302 920 3381 erigendi
958 3302 1081 3363 domos
1118 3300 1329 3372 coelestes,
1370 3297 1477 3358 Ptole-

116 3403 222 3448 nraeus
251 3387 332 3447 nullo
361 3388 450 3465 plane
478 3408 516 3449 ne
544 3389 666 3452 minimo
696 3391 816 3469 quidem
838 3391 962 3452 verbulo
994 3391 1075 3452 illam
1107 3390 1156 3451 hic
1185 3389 1264 3449 inter
1296 3385 1477 3448 directiones

116 3474 254 3554 attingit.
303 3473 437 3554 Cumque
454 3493 535 3537 'eam
560 3497 597 3538 ne
626 3480 744 3558 quidem
772 3480 843 3541 alibi
868 3479 1018 3553 docuerit,
1054 3480 1109 3539 hoe
1134 3475 1329 3538 fortissimum
1353 3481 1402 3534 est
1425 3493 1477 3534 ar-

116 3572 306 3643 gumentum,
341 3565 407 3643 ejus
439 3586 550 3634 renovo
582 3568 664 3628 nulla
692 3569 825 3645 indigere
858 3567 1063 3646 inquisitione,
1098 3585 1134 3627 ac
1161 3564 1285 3644 proinde
1304 3562 1377 3623 nibil
1409 3579 1477 3623 esse

116 3652 216 3727 aliud,
246 3652 303 3712 nisi
330 3653 573 3723 dodecatemoria
589 3656 710 3735 integra
732 3656 856 3717 zodiaci.
904 3654 956 3717 Sic
984 3655 1081 3716 sensit
1104 3652 1300 3715 Reinholdus.
1339 3645 1478 3719 Quodsi

116 3742 268 3803 rationem
300 3741 435 3820 erigendi
467 3743 571 3804 domos
600 3745 719 3805 omnino
748 3745 837 3805 aliam
862 3744 945 3822 sequi
975 3744 1115 3818 velimus,
1149 3740 1317 3802 derivatam
1340 3755 1377 3798 ex
1400 3736 1477 3798 doc·

116 3829 199 3892 trina
223 3830 409 3890 Ptolemaica
433 3831 644 3906 directionum,
685 3833 803 3894 ridiculi
828 3852 948 3906 sumus,
983 3832 1008 3892 si
1032 3850 1089 3892 non
1118 3829 1220 3909 potius
1243 3824 1478 3904 Regiomontani

115 3919 286 3999 perlectam
318 3919 464 3980 rationem
495 3920 659 4000 sequimur,
695 3940 783 4002 quam
807 3922 1000 3982 Ptolemaeus
1029 3919 1094 3998 ipse
1118 3915 1355 3984 commendavit,
1388 3932 1478 3994 quam

115 4006 286 4069 Ptolemaei
311 4006 453 4068 vicariam
479 4009 695 4086 imperfectam,
721 4029 780 4089 qua
803 4009 976 4071 necessario
1000 4014 1159 4070 contentus
1181 4005 1236 4067 luit
1259 4011 1382 4084 propter
1396 4001 1477 4064 indi·
1547 4079 1549 4082 Α

115 4098 254 4174 gentiam
287 4096 438 4168 melioris,
473 4105 504 4157 et
532 4116 619 4177 quam
649 4100 713 4176 ipse
743 4095 937 4160 Ptolemaeus
971 4098 1085 4158 fatetur
1114 4096 1331 4174 imperfectam.
1385 4091 1477 4153 Adde

116 4186 197 4265 qnod
223 4180 356 4248 Cardaui
380 4184 469 4260 ratio,
494 4205 584 4266 quam
607 4185 794 4248 Reinholdus
818 4186 946 4249 ascribit
968 4185 1144 4247 Alchabitio
1168 4192 1199 4245 et
1222 4180 1332 4244 Joanni
1357 4180 1394 4241 de
1414 4177 1502 4242 Sa·-

115 4275 223 4348 xouia,
257 4292 316 4334 non
344 4280 393 4335 est
415 4281 623 4336 consentanea
645 4277 851 4338 Ptolemaicae
875 4275 1051 4348 directioni,
1085 4272 1155 4354 quia
1179 4269 1337 4335 Cardenus
1370 4267 1477 4331 iisdem

117 4363 338 4443 temporalibus
364 4361 443 4422 boris
473 4361 552 4424 binis
577 4364 735 4442 distinguit
763 4365 923 4426 domicilia.
971 4364 1017 4425 At
1038 4360 1205 4423 Ptolemaei
1230 4358 1355 4422 directio
1383 4363 1476 4418 natu-

114 4469 183 4513 ram
207 4460 337 4530 spectat,
363 4450 433 4511 aliis
458 4451 531 4513 locis
554 4453 670 4514 zodiaci
695 4454 772 4514 alias
796 4453 979 4531 temporales
1002 4452 1104 4524 horas,
1128 4449 1234 4529 cuique
1249 4467 1331 4518 snas,
1355 4462 1477 4506 accom-

114 4540 261 4613 modans;
285 4541 363 4619 qnod
380 4538 515 4600 imitatur
529 4540 646 4619 quidem
663 4542 768 4602 tabula
782 4533 908 4621 Magini,
925 4542 979 4603 sed
994 4541 1133 4619 ingressu
1147 4535 1328 4601 inartificiali
1343 4541 1374 4596 et
1388 4533 1477 4595 iden·

114 4629 212 4691 tidem
232 4629 418 4707 corrigendo,
444 4628 502 4689 etsi
518 4629 608 4690 horae
623 4629 695 4691 illac
710 4649 767 4690 non
783 4639 854 4690 sunt
868 4632 958 4710 plane
974 4629 1078 4708 cuique
1097 4646 1170 4710 suae
1194 4626 1223 4687 in
1248 4642 1301 4686 suo
1316 4621 1477 4703 positionis

115 4716 239 4792 circulo,
257 4718 310 4779 sed
326 4725 442 4778 tantum
465 4717 495 4777 in
515 4719 663 4779 communi
678 4718 842 4780 horizonte.
880 4718 957 4779 Hinc
973 4718 1015 4791 fit,
1040 4723 1074 4777 nt
1088 4713 1229 4778 Cardano
1243 4713 1315 4775 ΧΠ.
1332 4713 1402 4775 etl.
1420 4710 1477 4773 do-

117 4826 187 4870 nrus
220 4806 336 4868 oriente
371 4806 472 4868 caneri
505 4807 653 4888 principio
677 4808 751 4869 fiant
773 4806 1052 4887 inaequalissimae,
1086 4805 1157 4884 qnia
1179 4820 1271 4882 snpra
1292 4801 1478 4865 horizontem
