3278 5542
690 314 778 361 ⁰⁰³³·
795 309 892 361 onum.
1407 304 1474 375 26?

118 455 318 542 1000101161,
342 466 408 529 sire
428 466 460 530 10
483 466 649 547 augustiori
673 469 731 531 KL
753 477 919 531 moveatur.
966 468 1008 532 Et
1030 468 1072 531 sit
1094 469 1123 530 H
1147 469 1238 531 stella
1266 469 1296 531 iu
1320 488 1466 549 apogeeo,

118 552 164 615 010
187 555 293 636 itaque
311 557 420 636 juncta
441 555 515 619 Soli.
563 557 777 620 Transferatur
800 577 966 637 apogaeum
991 559 1115 639 ejusque
1144 560 1223 620 linea
1243 559 1312 633 FH,
1339 566 1475 620 centrum

118 662 150 706 0.
175 644 338 707 0000000101
362 646 406 718 N,
440 664 536 707 exso
560 646 679 708 100010
703 646 746 720 Ε,
777 648 876 728 010000
906 649 988 709 loeus
1012 648 1140 728 apogaei
1164 647 1193 709 iu
1218 650 1247 709 A
1276 648 1383 709 iterum
1408 666 1475 709 cum

118 730 212 795 1001
236 730 359 797 LSole.
405 733 507 796 Stella
528 753 599 797 vero
623 744 781 798 moveatur
805 757 824 798 a
848 737 928 799 11000
951 737 1079 816 apogsei
1103 738 1131 797 in
1153 743 1271 817 partem
1292 737 1474 798 contrariam

118 828 191 883 notu
216 822 470 897 commutationis,
495 842 533 885 ex
556 823 585 886 A
610 845 652 887 sc.
679 825 707 887 iu
732 825 766 887 B.
816 827 926 899 Patet,
952 826 1029 906 qnod
1054 826 1216 905 quotannis
1240 826 1303 886 lere
1327 826 1421 887 semel
1444 826 1475 887 in

118 910 286 990 mrigaeum
308 911 431 986 incidat,
457 912 516 974 etsi
540 933 598 974 uon
623 915 661 975 ud
681 915 837 994 oppositas
853 923 958 994 partes
974 916 1088 975 zodiaci
1104 915 1225 977 evadat.
1273 912 1342 985 Qua
1355 914 1473 976 ratione

118 999 150 1074 lt,
175 1008 212 1062 ut
235 1002 275 1064 ad
299 1018 454 1063 accessum
478 1000 560 1064 Solis
585 1003 623 1064 ad
647 1022 680 1063 00
704 1004 831 1065 00110000
855 1005 884 1064 10
909 1005 1012 1077 altum,
1038 1024 1104 1065 cum
1128 1003 1293 1065 decedente
1308 1001 1381 1065 Sole
1404 1022 1473 1065 seso

118 1088 197 1151 timul
222 1090 375 1153 demittat
421 1091 539 1153 Eadem
562 1108 633 1154 vero
648 1092 797 1174 Tychouis
819 1111 936 1174 qnoque
957 1093 1139 1173 hypotheses
1164 1093 1286 1154 habent
1331 1090 1383 1154 Sic
1407 1111 1473 1154 oum

118 1177 294 1259 dpoilonius
317 1178 391 1242 dicit
412 1178 441 1242 D
465 1181 513 1242 vel
536 1181 579 1254 Κ,
602 1179 632 1241 G
654 1183 745 1243 velL
768 1180 879 1256 Solem,
905 1190 937 1242 00
960 1183 1003 1255 N,
1023 1182 1051 1243 Ε
1069 1190 1205 1244 centrum
1229 1181 1390 1244 ecoentriei
1406 1200 1475 1242 esse

118 1284 139 1327 n
164 1269 277 1331 eadem
305 1268 398 1341 linea,
432 1268 535 1350 Tyeho
560 1268 647 1343 dicit,
673 1270 717 1342 N,
736 1270 768 1331 'E
792 1279 926 1332 centrum
951 1271 1109 1332 ecoentrici
1139 1291 1207 1333 esse
1238 1271 1337 1350 ipsum
1361 1267 1474 1332 Solem.

118 1352 160 1418 Sic
183 1374 254 1419 enm
278 1359 354 1419 hacc
377 1356 533 1437 Apollonii
556 1359 710 1421 sententia
733 1360 830 1422 locum
854 1360 944 1421 aliter
966 1361 1079 1422 habere
1102 1379 1159 1421 nou
1183 1360 1292 1440 possit,
1316 1358 1374 1421 0101
1390 1359 1476 1438 justa

118 1443 149 1508 sit
171 1447 334 1530 proportio
359 1445 410 1508 FF
434 1447 673 1510 eecentricitatis
697 1448 734 1510 ad
758 1448 814 1510 ΕΑ
839 1448 955 1511 redium
981 1451 1111 1511 eceeutri
1136 1451 1241 1522 (aliter
1265 1449 1350 1528 justa
1373 1456 1474 1510 retro-

118 1536 325 1613 gmdationum
348 1536 505 1616 quantitas
528 1554 584 1599 ooo
610 1533 815 1610 0000010001,
844 1539 898 1600 1100
920 1539 1022 1618 001000
1046 1540 1075 1600 10
1101 1539 1192 1601 000110
1214 1539 1342 1611 Martis,
1368 1547 1401 1600 ut
1423 1536 1476 1598 ΕΡ

119 1625 302 1687 0000001000
332 1634 419 1688 secet
440 1623 496 1696 ΡΩ
525 1625 667 1687 circulum
696 1646 715 1688 a
746 1635 849 1688 centro
879 1629 1038 1690 eceentrici
1064 1629 1267 1707 descriptum:
1302 1627 1332 1687 id
1357 1626 1476 1708 quidem

119 1730 148 1776 or
169 1714 349 1794 anteposita
372 1715 578 1794 suppositione
594 1714 747 1795 Apollonii
771 1716 895 1778 tirmiter
918 1717 1082 1778 deducitur.
1130 1715 1206 1780 Cum
1225 1717 1305 1778 enim
1318 1716 1373 1777 ΒΤ
1392 1722 1482 1777 recta

120 1800 202 1867 00000
226 1804 269 1866 010
292 1812 380 1867 extra
404 1811 539 1866 centrum
562 1802 588 1864 Ε
622 1814 653 1865 et
676 1805 738 1866 alia
762 1805 816 1867 ΑΡ
844 1824 898 1883 per
926 1814 1061 1869 centrum
1085 1807 1126 1882 F,
1161 1824 1252 1885 quare
1276 1806 1335 1866 ΑΡ
1357 1801 1476 1884 longior

118 1893 167 1957 010
199 1910 294 1974 quam
317 1894 381 1955 ΒΤ.
428 1892 488 1954 Est
511 1902 612 1955 autem
636 1893 693 1955 ΑΡ
716 1894 815 1956 divisa
843 1895 981 1956 bifarium
1006 1897 1035 1957 in
1060 1896 1087 1956 Ε
1111 1905 1229 1967 centro,
1264 1904 1295 1956 et
1317 1894 1371 1955 BT
1395 1890 1476 1954 in

118 1998 147 2043 rx
173 1983 354 2064 hypothesi,
379 2000 471 2063 00000
494 2001 549 2062 per
572 2000 756 2046 communem
780 1984 1006 2064 conceptionem
1032 1984 1185 2046 dimidium
1207 1983 1262 2046 ΕΡ
1284 1983 1406 2045 dimidio
1422 1979 1477 2043 OT

118 2086 232 2152 tuoque
263 2072 362 2151 majus
393 2081 451 2133 est.
500 2073 656 2151 Amplius,
691 2091 757 2134 eum
791 2095 810 2133 0
838 2082 948 2152 puncto
972 2077 997 2135 F
1025 2083 1112 2136 extra
1140 2079 1273 2134 centrum
1297 2071 1400 2134 circuli
1424 2068 1477 2132 GP

118 2160 264 2223 ’00000000
284 2160 390 2233 binae,
424 2179 484 2223 000
507 2180 545 2222 ex
568 2168 672 2223 centro
694 2162 818 2224 veniens
842 2163 906 2237 FP,
931 2164 1027 2225 altera
1051 2183 1139 2225 00000
1162 2163 1227 2235 FT,
1251 2161 1422 2223 incidentes
1445 2159 1475 2221 10

118 2247 390 2312 ircumierentium
409 2249 478 2324 ΡΤ;
502 2250 562 2312 0010
584 2248 637 2312 FT
659 2251 756 2331 major
780 2271 869 2331 quam
889 2253 948 2314 FP.
995 2254 1065 2314 Jam
1089 2271 1181 2331 supra
1203 2250 1323 2312 dixerat
1345 2249 1475 2328 Apollo-

118 2334 178 2400 1000
202 2337 337 2401 οΤ“010
361 2356 429 2400 esse
461 2341 501 2401 00
524 2340 591 2414 TF,
624 2348 658 2401 ut
685 2340 833 2401 velocitas
862 2343 956 2403 centri
986 2341 1144 2403 eeceutrici
1179 2340 1320 2412 (Martis)
1347 2338 1406 2402 NE
1438 2337 1475 2398 ad

118 2428 306 2490 uelocitatem
338 2428 522 2490 0001100000
555 2437 669 2491 motum
687 2429 930 2492 commutationis
954 2432 1010 2493 AB
1041 2431 1069 2493 h.
1095 2449 1122 2491 e.
1147 2437 1182 2491 00
1204 2423 1247 2492 59
1272 2430 1310 2490 00
1334 2425 1378 2491 28
1402 2428 1475 2489 iere.

118 2512 188 2579 m
219 2517 312 2598 igitur
339 2516 476 2596 ejusdem
505 2518 663 2580 00010000
689 2519 832 2597 majorem
861 2538 900 2579 en
922 2518 942 2580 2
966 2520 1103 2599 partibus
1133 2519 1229 2579 minor
1253 2518 1295 2579 sit
1323 2516 1476 2596 proportio

118 2620 215 2668 00000
232 2607 272 2667 00
295 2606 453 2680 minorem,
487 2605 545 2669 erit
577 2608 672 2685 major
698 2608 852 2688 proportio
877 2607 933 2669 OT
956 2611 994 2671 ad
1018 2610 1070 2671 FP
1102 2612 1191 2690 quarn
1215 2605 1258 2672 59
1288 2608 1326 2669 00
1350 2602 1411 2679 28;
1445 2613 1477 2666 00

118 2710 241 2769 ursum,
267 2714 334 2757 curn
359 2714 397 2756 ex
422 2696 538 2759 duabus
567 2697 731 2777 majoribus
761 2716 837 2777 quae
862 2698 982 2776 longior
1010 2706 1058 2759 est
1086 2698 1232 2775 majorem
1254 2694 1476 2777 proportionem

118 2784 229 2847 abeat
253 2784 292 2846 ad
311 2784 465 2858 minorem,
490 2804 581 2864 quam
604 2804 680 2866 quae
705 2787 843 2859 brevior3
877 2788 974 2865 major
996 2787 1089 2865 igitur
1111 2787 1170 2847 0010
1188 2785 1342 2865 proportio
1360 2781 1414 2845 ΕΡ
1437 2783 1475 2844 00

118 2870 166 2935 'F
188 2894 280 2954 qnam
305 2871 362 2936 ΟΤ
384 2874 421 2934 00
446 2873 506 2936 PF.
553 2873 641 2937 Prius
665 2894 736 2937 vero
760 2883 791 2936 et
815 2874 1014 2950 0T:PF>
1033 2872 1076 2938 59
1093 2896 1100 2936 :
1117 2873 1170 2943 28,
1194 2875 1287 2936 multo
1302 2872 1393 2953 igitur
1407 2891 1474 2932 ma·

118 2976 159 3024 er
185 2971 237 3024 est
269 2962 424 3043 proportio
452 2963 505 3024 ΕΡ
521 2983 529 3024 t
545 2962 596 3024 PF
627 2982 717 3044 quarn
745 2959 881 3027 59:28.
929 2962 1064 3045 Cumque
1093 2960 1135 3027 59
1153 2984 1160 3024 :
1176 2959 1220 3025 28
1246 2961 1402 3043 proportio
1435 2960 1477 3020 sit

118 3053 211 3131 sajor
233 3052 336 3131 dupla,
359 3052 457 3115 tribus
480 3051 573 3130 igitur
595 3052 764 3115 nominibus
787 3053 840 3113 ΕΡ
856 3073 864 3114 :
880 3054 932 3115 PF
954 3055 1052 3132 major
1075 3053 1266 3133 proportione
1290 3050 1392 3129 dupla.
1441 3048 1475 3111 Si

118 3134 165 3203 :1’
188 3142 259 3221 plus
284 3149 333 3202 000
355 3160 445 3222 qnam
469 3142 589 3219 duplum
606 3143 664 3216 PF,
691 3161 761 3222 ergo
776 3141 828 3203 PF
851 3143 948 3206 miuor
962 3152 1011 3204 est
1033 3160 1123 3222 quam
1138 3141 1291 3203 dimidium
1304 3139 1359 3201 ΕΡ
1381 3140 1474 3201 semi-

118 3226 255 3292 iametri
287 3229 427 3293 eeceutri.
475 3230 591 3292 Ablata
619 3230 711 3310 igitur
733 3232 784 3293 PF
816 3232 912 3295 minor
942 3233 1066 3295 dimidia
1097 3230 1241 3311 relinquit
1263 3231 1315 3292 FF
1349 3229 1399 3291 rel
1421 3227 1478 3299 FQ

118 3320 273 3400 equalem
303 3320 448 3399 majorem
478 3320 602 3381 dimidia
632 3329 729 3400 parte.
777 3322 883 3402 100000
907 3322 958 3383 FP
990 3322 1137 3383 distantia
1168 3321 1311 3400 perigaea
1341 3340 1362 3381 a
1384 3317 1478 3381 Terra

118 3408 213 3471 01000
245 3417 295 3471 000
323 3407 380 3480 FQ
412 3406 636 3471 semidiametro
669 3410 788 3485 circuli,
822 3410 871 3489 qui
905 3420 1039 3473 centrum
1062 3409 1223 3472 eccentrici
1252 3409 1345 3469 vehit.
1393 3409 1477 3470 Idem

118 3504 217 3559 utem
251 3497 363 3560 asserit
389 3497 492 3579 Tycho
525 3498 562 3559 ds
590 3498 701 3560 0100010
726 3506 752 3569 <i
780 3507 904 3561 secante
929 3500 1072 3561 circulum
1098 3497 1148 3575 Θ.
1195 3498 1244 3560 Ex
1272 3498 1355 3559 hisce
1386 3496 1478 3576 igitur

118 3596 247 3666 pparet
270 3607 316 3661 ea,
342 3606 431 3667 quam
455 3586 528 3664 dixi,
551 3588 693 3668 coguatio
716 3587 925 3669 hypothesium
941 3589 1090 3670 Tyohonis
1113 3606 1178 3650 curu
1203 3585 1384 3667 geometrico
1402 3602 1477 3665 pro-

118 3672 248 3738 ¹lomate
271 3674 435 3757 Apollonii.

205 3765 251 3828 At
273 3785 311 3826 ex
333 3764 381 3827 his
403 3774 506 3827 tamen
525 3764 654 3826 noudum
679 3763 814 3845 sequitur
835 3765 880 3839 id,
910 3765 987 3843 quod
1012 3765 1041 3825 iu
1065 3784 1159 3826 causa
1181 3771 1340 3826 versatur:
1374 3760 1474 3840 Apol-

118 3853 228 3917 ouium
247 3854 433 3937 hypotheses
456 3853 588 3915 edidisse
605 3854 823 3916 astronomicas
848 3855 982 3933 legitime
1006 3863 1038 3915 et
1051 3854 1170 3933 proprie
1185 3853 1229 3915 010
1245 3853 1354 3924 010000,
1379 3849 1475 3912 multo

118 3940 215 4005 ninus
238 3963 310 4006 vero
333 3942 378 4018 id,
403 3942 481 4024 quod
500 3943 565 4005 sine
589 3944 667 4004 omui
692 3943 894 4005 haesitatione
919 3945 1123 4005 aflirmaverat
1145 3943 1255 4017 Ursus,
1280 3938 1475 4021 Apollonium

118 4034 253 4095 secunda
274 4034 485 4096 immutatione
501 4030 798 4094 Aristarchiaoarum
823 4033 914 4108 facta,
940 4034 1016 4094 hane
1043 4034 1168 4095 formam
1191 4030 1369 4114 systematis
1389 4048 1477 4091 mun·
1597 4028 1606 4040 ‘

118 4114 202 4194 iani,
225 4142 300 4203 quae
322 4118 412 4184 hodie
436 4120 570 4204 Tychoni
593 4122 704 4201 placet,
728 4123 925 4201 expressisse.
973 4123 1105 4184 Primum
1131 4122 1209 4183 euim
1225 4120 1313 4183 initio
1337 4137 1395 4181 nou
1419 4118 1478 4180 fuit

118 4200 299 4285 Apollonius
320 4219 511 4274 astronomus
533 4212 737 4290 professione,
763 4211 817 4272 sed
836 4219 1009 4291 geometra,
1035 4210 1171 4292 quodque
1195 4208 1417 4272 demonstravit
1440 4226 1477 4268 ex

118 4301 304 4363 1000000000
326 4308 545 4362 00000000ου00
567 4298 737 4379 problema,
768 4300 796 4360 id
818 4320 878 4362 uon
904 4301 982 4379 ipse,
1012 4309 1046 4361 ut
1070 4299 1235 4362 astronomi
1257 4298 1383 4379 requirit
1407 4297 1476 4360 oill-

126 4379 208 4460 0100,
232 4391 270 4451 00
294 4408 379 4451 usum
404 4387 556 4463 adhibuit,
591 4397 625 4450 ut
652 4390 709 4449 hac
733 4398 870 4451 assumta
903 4389 1063 4471 hypothesi
1092 4390 1234 4468 planetae
1258 4388 1349 4450 ullius
1377 4395 1477 4448 motus

131 4482 170 4528 01
192 4477 447 4541 observationibus
480 4478 642 4539 deduceret
670 4485 701 4537 et
724 4478 959 4553 demonstraret,
990 4480 1043 4539 sed
1076 4477 1362 4540 demonstrationem
1396 4488 1476 4534 mere

137 4568 332 4631 80⁰metricam
352 4567 390 4629 ad
414 4573 613 4640 astronomos,
639 4574 782 4645 tanquam
804 4569 931 4647 propola
953 4568 1057 4629 clavos
1082 4574 1136 4629 aut
1159 4566 1287 4629 securim
1311 4566 1350 4625 ad
1374 4562 1476 4625 archi-

140 4644 220 4717 lecto,
241 4656 354 4732 0000110,
381 4656 408 4720 01
431 4655 498 4737 0010
522 4666 617 4728 00000,
639 4656 722 4735 cujus
737 4655 840 4717 usibus
865 4658 925 4718 ista
939 4657 1098 4718 servirent.
1145 4656 1363 4729 Deinde-cum
1378 4652 1476 4734 hypo·

143 4726 224 4807 thtaes
245 4745 465 4809 00000οο001000
489 4763 581 4823 snpra
603 4765 670 4808 oum
695 4744 773 4807 Urso
798 4744 988 4807 definiremus
1017 4754 1131 4808 certam
1159 4745 1291 4825 aliquam
1314 4743 1352 4805 ds
1375 4741 1477 4804 mnndi

144 4816 218 4895 llurra
245 4852 460 4920 corporumque
492 4834 669 4901 coelestium
701 4833 900 4923 dispositione
933 4835 1180 4921 conceptionem:
1215 4832 1369 4916 Apollonii
1401 4832 1477 4894 haec
