3278 5542
607 340 610 349 ’
704 333 793 379 onum
810 327 907 378 Urrnna
1418 326 1483 394 250

118 483 183 547 rins
212 484 292 548 ratio
320 492 379 547 est.
420 485 500 547 Nam
526 485 694 548 rationibus
716 485 836 547 Eudoxi
861 493 1094 549 consentaneum
1118 495 1180 561 est,
1211 494 1243 547 ut
1264 486 1313 548 hic
1338 487 1483 567 jamnon

118 574 216 636 rebat
235 575 341 649 nodos,
366 574 421 636 sed
443 575 616 637 revolvatur
639 575 668 635 in
693 573 826 637 Satnmo
851 575 970 655 quidem
994 575 1080 638 annis
1105 572 1156 650 30,
1182 576 1211 637 in
1225 573 1303 636 Jove
1327 573 1481 653 annis12,

118 663 147 725 iu
170 663 276 725 Marte
299 663 453 726 mensibus
476 661 529 737 23,
554 663 583 725 in
609 664 730 725 Venere
755 673 787 726 et
809 665 958 726 Mercurio
983 665 1136 729 mensibus
1164 662 1212 728 12.

210 751 261 815 Sit
282 771 400 815 rursum
422 753 486 832 (dg.
512 750 548 826 2)
571 751 655 815 ABG
680 753 778 833 portio
807 755 933 815 lixarum
957 755 1105 833 sphaerae
1129 763 1161 817 et
1189 753 1219 816 in
1244 772 1281 815 ea
1303 752 1396 815 coluri
1418 754 1482 817 scl-

118 841 288 917 stitiornm,
313 841 360 903 cni
382 842 566 922 respondeat
590 840 679 902 DEG
702 842 815 921 primus
838 843 957 904 Eudoxi
980 842 1076 917 orbis,
1106 861 1193 924 quem
1216 843 1329 904 habent
1351 841 1372 906 5
1397 861 1482 905 erro-

118 948 184 1007 nea,
210 930 260 1011 qui
283 932 424 993 volvatur
446 949 536 1010 snper
560 931 617 992 ΒΗ
640 930 718 1009 polis
743 941 774 992 et
800 950 866 1006 axe,
892 931 941 993 axi
963 932 1050 1011 primi
1075 940 1172 994 motus
1196 931 1394 994 coincideute.
1434 931 1483 993 Sit

118 1019 193 1082 TIV
216 1021 366 1082 secundus
389 1018 480 1094 orbis,
504 1019 588 1099 cujus
611 1020 674 1099 poli
696 1021 731 1091 T,
756 1021 787 1081 V
810 1021 987 1100 figanturin
1011 1021 1129 1100 punctis
1154 1023 1188 1094 F,
1214 1020 1244 1082 G
1267 1019 1362 1105 primi.
1388 1029 1418 1083 et
1443 1022 1483 1082 sit

118 1106 174 1171 DF
199 1108 363 1190 obliquitas
388 1107 557 1188 eclipticas.
605 1107 704 1188 Super
728 1109 765 1170 iis
787 1109 867 1189 polis
895 1109 1020 1188 planeta
1043 1118 1181 1173 movetur
1204 1109 1233 1171 in
1258 1109 1481 1190 consequentia,

118 1215 146 1259 r.
162 1216 192 1259 c.
217 1195 239 1276 ij
262 1198 350 1259 aunis
374 1195 418 1261 30
441 1199 479 1259 ad
499 1197 578 1260 idern
601 1197 689 1277 primi
714 1198 761 1260 vel
785 1198 901 1261 zodiaci
915 1207 1058 1279 punctum
1074 1198 1206 1262 rediens.
1253 1198 1348 1263 KML·
1361 1199 1401 1260 sit
1416 1208 1480 1261 ter-

118 1288 179 1349 tina
202 1288 295 1361 orbis,
319 1287 407 1367 cujus
429 1286 490 1367 poli
512 1287 556 1373 K,
580 1288 607 1349 L
630 1296 701 1349 sunt
724 1288 752 1349 in
777 1286 933 1368 superficie
953 1288 1077 1350 secundi
1099 1307 1153 1369 per
1173 1287 1274 1350 media
1297 1288 1384 1368 signa
1400 1307 1480 1350 -eun-

118 1375 160 1436 tia
191 1376 281 1450 TlV3
323 1395 414 1456 super
449 1375 488 1436 iis
520 1383 659 1438 movetur
688 1376 837 1455 superiori
869 1385 956 1456 parte
1001 1377 1029 1438 in
1064 1378 1280 1457 consequentia
1318 1378 1482 1439 secundnm

118 1472 253 1535 tractum
282 1464 385 1527 cuculi
413 1463 534 1526 maximi
568 1465 659 1539 YIX,
692 1475 726 1526 et
752 1466 797 1526 sic
825 1474 961 1528 movetur
992 1474 1025 1528 nt
1054 1466 1208 1547 requirunt
1238 1466 1317 1528 nodi.
1366 1464 1482 1536 Quodsi

118 1553 222 1627 YXZ,
262 1574 334 1634 pars
365 1554 463 1616 lineae
491 1553 751 1633 repraesentantis
779 1554 964 1634 eclipticam,
1006 1556 1173 1635 explicetur
1205 1567 1238 1618 nt
1265 1556 1320 1617 fiat
1341 1556 1480 1630 circulus,

118 1643 240 1705 colurus
255 1643 327 1705 TIV
350 1644 403 1704 fiet
425 1643 456 1704 in
478 1643 598 1722 pictura
620 1643 709 1718 linea,
734 1643 873 1706 similiter
890 1653 922 1704 et
936 1644 1024 1707 KYL
1039 1655 1070 1706 et
1088 1646 1131 1719 K,
1156 1646 1183 1707 L
1205 1646 1268 1725 poli
1291 1663 1358 1706 oum
1377 1652 1480 1706 centro

118 1732 300 1795 coincident
347 1730 431 1794 PRO
460 1732 502 1793 sit
532 1741 673 1812 quartus,
706 1733 791 1813 cujus
821 1733 882 1812 poli
901 1733 940 1808 P,
966 1731 993 1796 Ο
1022 1735 1074 1795 lixi
1104 1734 1168 1796 sint
1194 1734 1223 1796 in
1251 1733 1335 1796 tertii
1361 1734 1480 1813 punctis

118 1821 166 1896 hl,
192 1820 240 1896 N,
271 1840 361 1901 snper
383 1821 490 1901 quibus
513 1830 651 1883 movetur
674 1821 777 1884 itidem
800 1821 830 1882 in
855 1823 1069 1903 consequentia
1100 1824 1263 1885 secundum
1286 1830 1417 1884 tractum
1436 1824 1482 1884 sui

118 1912 224 1973 circuli
252 1910 375 1972 maximi
398 1909 470 1984 Rs,
503 1911 667 1972 secundum
691 1930 779 1991 quam
804 1913 882 1973 viam
916 1912 1009 1974 stella
1037 1912 1245 1974 circumfertur
1274 1920 1478 1990 temporem,

118 2001 198 2081 qnod
221 2001 360 2080 postulat
382 1999 535 2061 anomalia
558 1999 810 2063 commutationis.
857 2000 942 2062 Haec
955 2000 1073 2064 Eudoxi
1086 2001 1257 2081 philosophi
1271 2000 1481 2080 philosophica

118 2090 220 2171 opinio
246 2090 282 2150 de
307 2086 328 2150 5
351 2088 537 2159 errantibus,
565 2089 615 2168 qui
640 2090 767 2151 alteram
787 2088 1035 2171 inaequalitatem
1057 2090 1224 2171 ignoravit,
1256 2108 1332 2170 quae
1356 2098 1406 2151 est
1427 2109 1478 2152 re-

118 2187 225 2260 spectu
250 2179 332 2240 orbis
354 2179 506 2257 planetae.
1149 2184 1153 2189 ’

210 2268 356 2344 „Tertiae
379 2285 451 2328 vero
475 2266 606 2329 omnium
630 2266 778 2344 sphaerae
803 2267 889 2346 polos
913 2286 981 2329 esse
1005 2267 1034 2327 iu
1059 2285 1094 2327 ec
1118 2266 1239 2342 circulo,
1264 2267 1314 2347 qui
1337 2284 1391 2346 per
1413 2286 1479 2329 rne-

118 2357 200 2420 dinm
234 2357 388 2437 signorum
420 2357 552 2418 transit:
587 2362 621 2416 at
653 2364 778 2435 quartae
807 2355 1032 2418 conversionem
1061 2375 1129 2417 esse
1158 2374 1211 2436 per
1238 2356 1395 2431 circulum,
1429 2357 1479 2437 qui

118 2447 259 2527 obliquus
283 2456 332 2506 est
360 2446 397 2507 ad
421 2444 549 2506 medium
573 2445 716 2506 circulum
739 2445 836 2524 huq'us.
882 2445 961 2506 Esse
984 2462 1073 2524 porro
1096 2446 1206 2507 tertiae
1222 2445 1370 2525 sphaerae
1391 2447 1478 2526 polos

118 2535 303 2615 reliquamm
326 2535 446 2615 quidem
466 2534 621 2596 stellarum
645 2534 797 2613 proprios,
827 2534 957 2596 Veneris
981 2542 1082 2596 autem
1106 2543 1138 2596 et
1159 2533 1300 2597 Mercurii
1324 2535 1479 2598 eosdem.“

118 2625 159 2689 Ut
182 2625 262 2687 hunc
285 2642 355 2685 vere
380 2621 526 2685 Gordium
550 2623 660 2683 nodum
684 2641 749 2684 oum
772 2623 889 2685 ratione
914 2631 946 2685 et
968 2623 1020 2684 via
1043 2631 1127 2684 certa
1150 2623 1337 2686 adoriamur:
1362 2623 1406 2685 nio
1430 2634 1479 2686 est

118 2714 205 2776 nobis
237 2714 397 2792 agendum.
452 2713 486 2774 In
511 2712 598 2773 Luna
625 2710 702 2773 vidit
727 2711 871 2774 Eudoxus
901 2709 920 2776 3
951 2720 1064 2774 motus:
1103 2712 1135 2785 1)
1159 2713 1296 2775 diurnum
1333 2710 1369 2785 2)
1392 2731 1477 2776 men-

118 2813 237 2866 struum
260 2803 291 2863 in
315 2802 486 2881 oppositum
519 2800 616 2880 primo
650 2809 681 2862 et
704 2801 855 2880 obliquum
879 2803 934 2864 sub
959 2801 1082 2863 zodiaco
1118 2798 1154 2875 3)
1179 2801 1228 2881 qui
1259 2802 1476 2881 digressionem

118 2894 186 2973 ejus
210 2892 250 2954 ab
274 2891 418 2971 ecliptica
445 2890 587 2951 variaret.
634 2890 686 2951 Ad
714 2907 865 2951 numerum
895 2891 972 2952 hunc
1000 2898 1134 2953 motuum
1157 2890 1285 2953 totidem
1308 2891 1401 2952 etiam
1419 2910 1476 2971 po-

118 2983 212 3044 nebat
237 2981 336 3042 nrbes.
383 2981 417 3042 In
446 2980 579 3058 planetis
603 2978 713 3040 ceteris
737 2976 758 3041 4
782 2978 966 3040 observabat
995 2988 1093 3041 motus
1122 2980 1282 3042 admodum
1305 2980 1476 3043 evidentes:

118 3071 151 3145 l)
176 3071 313 3132 diurnum
342 3069 396 3131 sub
420 3076 585 3149 aequatore
615 3068 644 3129 iu
669 3068 883 3130 antecedentia
917 3067 953 3142 2)
977 3069 1033 3131 snb
1055 3068 1179 3133 zodiaco
1207 3069 1236 3132 in
1261 3070 1478 3150 consequentia

118 3157 153 3236 3)
179 3159 350 3222 latitudinis
383 3158 421 3220 ab
446 3157 587 3236 ecliptica
615 3152 653 3230 4)
679 3176 735 3237 quo
763 3158 905 3236 planetae
929 3158 973 3221 illi
990 3177 1063 3238 prae
1087 3159 1281 3222 luminaribus
1303 3159 1361 3221 hoc
1383 3177 1477 3239 pecu-

118 3250 192 3312 liare
221 3249 406 3323 obtinerent,
438 3255 472 3307 ut
499 3248 606 3308 fierent
633 3247 812 3326 retrogradi.
858 3247 906 3308 De
932 3247 1028 3328 primo
1056 3257 1088 3310 et
1115 3249 1246 3311 secundo
1270 3256 1368 3322 motu,
1399 3250 1478 3330 quod

118 3338 138 3401 ii
161 3339 226 3400 sint
248 3337 383 3399 omnibns
407 3355 588 3409 commones,
613 3334 681 3414 ipsa
695 3336 788 3397 verba
801 3336 980 3399 Aristotelis
995 3337 1072 3399 satis
1093 3345 1255 3402 testantur.
1302 3336 1392 3408 Quod
1405 3357 1477 3401 vero

118 3437 148 3491 et
170 3428 280 3489 tertius
302 3425 472 3489 latitudinis
487 3426 592 3487 Lunae
616 3444 682 3486 curn
705 3425 753 3486 his
776 3423 796 3487 δ
821 3426 976 3488 erronibns
1000 3429 1164 3490 communis
1188 3427 1238 3503 sit,
1263 3427 1321 3490 etsi
1344 3445 1382 3489 ex
1404 3446 1476 3490 ver·

118 3517 164 3580 bis
187 3515 366 3578 Aristotelis
390 3534 447 3577 non
472 3515 625 3594 sequitur,
656 3532 715 3576 non
740 3514 865 3577 latuisse
888 3522 989 3577 tamen
1012 3516 1170 3578 Eudoxum
1197 3517 1275 3579 ratio
1302 3517 1475 3595 persuadet.

118 3606 195 3668 Nam
215 3606 241 3666 si
265 3625 322 3667 uon
345 3605 413 3683 plus
438 3602 612 3683 diligentiae
636 3603 664 3664 in
689 3604 876 3666 observando
900 3604 1051 3678 adhibuit,
1077 3623 1165 3685 quam
1189 3613 1333 3685 quantum
1356 3606 1396 3666 ad
1419 3607 1475 3668 de-

117 3695 347 3775 prehendendas
371 3692 650 3772 retrogradationes
675 3692 799 3768 sufficit,
828 3712 886 3754 non
910 3694 1009 3772 potuit
1036 3712 1094 3754 uon
1118 3693 1238 3773 saepius
1266 3693 1295 3754 in
1320 3711 1398 3756 anno
1422 3714 1474 3756 re-

118 3786 234 3864 spicere
263 3784 302 3844 ad
328 3783 519 3862 planetarum
548 3781 787 3862 conjunctiones,
826 3800 948 3861 quornm
978 3802 1053 3844 unns
1084 3782 1143 3844 alio
1171 3783 1220 3844 vel
1248 3781 1398 3845 borealior
1426 3785 1476 3846 vel

118 3873 293 3947 australior,
327 3882 358 3934 et
381 3870 425 3933 sic
453 3872 592 3933 diversae
620 3870 658 3932 ab
682 3871 778 3932 altero
803 3870 972 3933 latitudinis
996 3878 1094 3945 esset,
1124 3891 1180 3933 nec
1208 3872 1247 3934 ad
1272 3890 1399 3951 unguem
1422 3891 1476 3952 per

119 3964 247 4025 medium
278 3963 430 4043 signorum
460 3962 597 4022 ferretur.
644 3960 687 4021 Et
714 3959 744 4020 in
773 3959 974 4040 descriptione
1003 3960 1122 4042 quidem
1147 3961 1246 4042 quarti
1276 3980 1343 4024 cnm
1370 3962 1476 4024 eadem

118 4053 177 4114 sint
199 4051 303 4127 verba,
327 4070 403 4131 quae
427 4069 518 4130 supra
541 4050 571 4111 in
595 4049 796 4128 descriptione
820 4050 920 4111 tertii:
945 4050 1096 4126 „medium
1115 4051 1257 4113 circulum
1273 4051 1373 4131 quarti
1395 4051 1474 4114 obli-

118 4160 204 4221 quum
232 4160 300 4203 esse
331 4141 370 4201 ad
393 4139 523 4202 medium
547 4138 661 4214 tertii“,
687 4147 774 4200 tanto
798 4138 896 4201 minus
919 4148 968 4202 est
990 4159 1043 4201 cur
1067 4140 1250 4215 dubitemus,
1285 4141 1415 4204 alterurn
1438 4160 1476 4204 ex

118 4231 161 4293 his
185 4230 337 4293 latitudini
360 4231 513 4309 planetae,
538 4228 665 4289 alterum
693 4228 946 4308 retrogradationi
962 4229 1110 4308 deputari.
1157 4230 1263 4310 Itaque
1282 4248 1341 4292 non
1365 4238 1413 4293 est
1427 4229 1475 4292 hic

118 4321 281 4382 audiendus
309 4320 543 4390 Fraoastorens,
581 4317 630 4399 qui
659 4317 834 4379 latitudines
868 4319 1058 4398 planetarum
1086 4317 1125 4380 ab
1153 4318 1280 4381 Eudoxo
1308 4321 1473 4401 neglectas,

118 4410 261 4473 ambobus
293 4427 365 4471 vero
397 4408 444 4469 his
468 4404 588 4470 circulis
621 4425 710 4467 unam
738 4407 1030 4486 retrogradatiouem
1059 4415 1320 4488 repraesentatam
1352 4409 1473 4483 asserit,

118 4498 273 4561 Eudoxum
296 4498 335 4559 ad
359 4517 414 4558 sua
437 4496 672 4558 Homocentrica
696 4496 793 4575 adque
818 4496 943 4559 formam
966 4504 1100 4559 motuum
1131 4517 1151 4558 a
1173 4516 1206 4560 se
1231 4517 1304 4559 sane
1327 4517 1473 4578 perquam

118 4589 270 4669 ingeniose
303 4587 455 4649 inventam
484 4585 632 4648 violenter
660 4584 899 4649 accommodans.
954 4587 996 4648 Et
1024 4586 1142 4649 obtinet
1168 4587 1220 4649 ille
1252 4587 1372 4667 quidem
1399 4607 1473 4668 pro-

118 4679 255 4758 positum,
283 4678 319 4738 fit
340 4677 465 4756 planeta
487 4674 681 4754 retrogradus
709 4683 742 4736 et
765 4674 853 4735 velox
876 4681 908 4737 et
930 4676 1141 4750 stationarius,
1171 4675 1321 4756 positione
1349 4677 1474 4740 duorum

118 4768 229 4831 orbium
253 4768 379 4828 Terram
402 4765 431 4827 in
455 4773 559 4826 centro
583 4764 767 4837 habentium,
802 4783 925 4844 quornm
948 4765 1074 4828 alterius
1096 4764 1159 4846 poli
1181 4764 1211 4827 in
1236 4765 1377 4846 ecliptica
1399 4766 1472 4836 sint,

118 4866 215 4922 motus
237 4875 343 4920 versus
365 4856 452 4937 polos
475 4852 649 4934 eclipticas,
681 4853 808 4917 alterins
831 4872 904 4919 vcro
925 4854 989 4935 poli
1010 4854 1050 4918 ab
1072 4855 1130 4918 hoo
1152 4853 1401 4919 circumferantur
1423 4855 1473 4919 di-
