3278 5542
138 280 204 346 320
559 282 661 335 litem
677 282 780 349 Keplerl
804 283 955 383 thermeda
972 292 1076 339 ιιιιιιιιι

137 445 217 492 nones
235 441 340 500 faciant,
360 449 387 493 et
404 441 547 508 quomodo?
583 441 660 492 Ratio
673 441 810 494 Ptolemaei
829 443 888 492 mihi
908 457 958 493 non
976 444 1109 506 sadsfacit,
1127 396 1194 510 qnod
1207 442 1374 549 hersinflole
1389 458 1466 504 ιιιιιι,
1518 498 1522 505 ,

137 515 163 563 in
181 513 256 565 Luna
272 529 383 565 mensem
401 515 546 564 constituat
583 512 635 564 Res
653 529 714 566 saus
733 516 891 599 inquisitione
910 515 1062 600 dignissima.

227 586 431 666 Keplerus:
456 585 502 645 De
536 586 644 647 effectu
676 585 873 665 eclipsium
867 588 1002 649 invenies
1027 587 1056 648 in
1080 587 1155 649 meis
1178 587 1318 650 thesibus
1340 542 1468 651 iictemo·

140 674 253 754 logicis.
300 673 380 736 Sane
405 673 489 735 etin
512 674 688 738 Ptolemaeo
714 684 745 736 et
768 695 824 756 ego
849 695 971 737 causam
996 678 1166 739 naturalem
1190 676 1344 751 desidero,
1372 696 1422 739 cur
1438 679 1471 739 ef·

139 764 235 825 fectus
259 771 307 825 ιοι
330 764 483 826 mensibus
506 764 536 824 iu
560 762 633 825 Sole
658 772 689 825 et
711 765 799 827 Luna
823 765 987 839 differatur,
1013 775 1087 847 quot
1102 765 1182 829 horis
1197 766 1358 846 eclipsisa
1375 766 1471 828 cardin

138 853 235 927 abest,
260 861 292 913 et
316 862 418 915 tamen
436 852 502 932 jam
525 853 720 933 singularium
745 854 863 916 duratio
887 873 941 932 per
955 854 1045 916 horas
1069 855 1099 916 in
1116 854 1203 917 Luna
1223 873 1356 929 menses,
1380 855 1473 917 inSole

138 961 232 1002 annos
256 942 416 1021 significet.
464 939 566 1012 Quare
594 943 664 1003 olim
698 961 754 1021 ego
778 943 884 1005 eadem
907 962 974 1005 cum
999 944 1175 1005 Ptolemaeo
1209 943 1353 1014 licentia,
1379 944 1475 1006 scilicet

138 1049 195 1092 non
219 1049 323 1110 parva,
348 1031 441 1092 talem
467 1031 506 1091 fui
532 1040 654 1093 secutus
679 1033 814 1093 modum:
840 1040 913 1113 quot
936 1032 1017 1093 boris
1043 1032 1186 1095 luminare
1205 1052 1301 1115 supra
1314 1032 1476 1096 horizontem

137 1121 263 1193 mansit,
296 1129 344 1182 tot
367 1120 395 1180 in
421 1120 508 1181 Luna
531 1139 667 1194 menses,
704 1121 732 1183 in
758 1121 829 1183 Sole
854 1120 922 1182 anni
947 1122 1029 1183 fuere
1053 1122 1296 1202 praesuppositi,
1331 1121 1476 1202 exquibus

139 1208 184 1271 illi
209 1211 348 1272 effectum
373 1208 555 1284 sentiebant,
582 1208 631 1288 qui
655 1210 880 1289 respondebant
903 1210 984 1272 horis
1008 1211 1046 1272 ab
1066 1218 1132 1272 ortu
1156 1211 1295 1274 defectus
1312 1211 1476 1273 determina·

138 1291 206 1360 tiss
238 1299 367 1373 Verum,
397 1298 452 1359 hoc
476 1298 620 1359 modoad
645 1299 863 1361 Ptolemaicum
886 1298 1075 1375 confirmato,
1109 1299 1288 1380 principium
1313 1300 1478 1381 operationis

140 1387 261 1465 eclipsis
286 1386 402 1449 Solaris
435 1387 565 1448 cadebat
598 1396 668 1448 ante
702 1388 819 1450 initium
843 1387 1002 1468 eclipseos.
1049 1389 1145 1462 Puto,
1179 1390 1319 1452 defectus
1349 1408 1406 1451 non
1427 1390 1477 1469 pati

138 1486 202 1537 tam
226 1477 407 1556 exquisitum
431 1477 588 1551 calculum,
614 1496 668 1538 nec
693 1496 767 1557 opus
792 1496 869 1552 esse,
896 1496 962 1538 oum
981 1478 1087 1558 cuique
1111 1478 1172 1540 diei
1186 1479 1229 1540 sit
1243 1478 1479 1559 snasignibcatio

139 1565 170 1626 iu
194 1565 285 1626 astris
309 1585 346 1627 ex
370 1565 543 1646 aspectibus
568 1573 599 1627 et
621 1567 809 1628 transitibus.
858 1564 934 1629 Cum
950 1566 1046 1628 adhuc
1070 1567 1201 1630 nondum
1222 1574 1383 1630 exstarent
1405 1567 1482 1647 ephe·

139 1655 278 1730 merides,
303 1676 322 1715 a
337 1652 501 1716 Chaldaeis
525 1665 596 1717 sunt
619 1655 809 1718 introductae
833 1656 1036 1736 profectiones
1062 1657 1101 1718 ad
1122 1655 1344 1719 sublevandum
1368 1656 1483 1719 laborem

140 1742 308 1805 calculandi
332 1755 426 1806 astra.

209 1833 390 1883 Fabricius:
416 1833 456 1882 An
481 1832 586 1883 thema
612 1834 835 1897 conceptionis
854 1834 982 1897 praevalet
999 1834 1104 1899 genesi,
1134 1833 1173 1884 rel
1194 1831 1301 1884 ιοιιιιιι
1339 1833 1394 1900 ligo
1411 1835 1484 1899 ganesi

137 1905 217 1954 tribuo
237 1904 304 1968 plus,
324 1906 383 1969 quie
401 1911 461 1955 tunc
479 1918 535 1954 cum
553 1909 612 1955 aere
630 1905 726 1955 imbibit
744 1907 807 1955 vires
826 1905 900 1966 coeli,
920 1920 970 1955 non
987 1906 1013 1954 in
1032 1907 1204 1970 conceptione,
1223 1904 1267 1955 ubi
1285 1919 1338 1956 non
1357 1913 1397 1956 ιιι
1416 1905 1486 1961 homo,

138 1976 183 2026 sed
200 1976 267 2026 rudis
281 1979 427 2082 materia·

128 2136 309 2216 nragni-
334 2146 382 2199 est·
409 2143 511 2198 autem
535 2155 584 2198 res
607 2156 718 2215 magna
747 2136 818 2198 felix
842 2096 1066 2216 coriceptio-
1090 2138 1126 2199 fit
1153 2136 1219 2199 sine
1248 2155 1402 2199 consensu
1423 2137 1488 2198 coeli

139 2225 279 2301 natalitii,
304 2234 336 2288 et
359 2245 457 2307 „quae
481 2226 511 2287 in
535 2245 592 2287 uno
616 2227 707 2288 tertio
730 2225 809 2286 inter
832 2245 864 2287 se
890 2227 1114 2288 consentiunt“
1161 2225 1331 2305 conceptio
1359 2245 1488 2306 cumpa-

140 2315 275 2378 rentibus
295 2315 464 2385 consentit,
488 2314 634 2376 nativitas
658 2334 724 2377 cum
748 2315 869 2390 iisdem,
903 2334 974 2394 ergo
999 2322 1030 2375 et
1053 2316 1211 2396 conceptio
1236 2334 1303 2377 cunr
1328 2314 1487 2377 nativitate

141 2405 176 2466 ln
201 2404 305 2483 genesi
329 2423 399 2465 vero
424 2404 624 2465 discernenda
650 2404 738 2483 plane
762 2404 833 2465 mihi
864 2405 967 2466 thema
995 2404 1166 2475 natalitium
1190 2404 1313 2466 sufficit.
1364 2402 1424 2466 Sed
1444 2412 1490 2466 ιιι

141 2513 234 2555 causa
258 2500 306 2554 est
327 2492 416 2565 bona,
442 2512 496 2554 nec
521 2493 746 2573 philosophica:
772 2512 860 2567 „cum
876 2499 946 2555 aere
970 2496 1050 2555 vires
1074 2493 1149 2555 coeli
1168 2494 1305 2556 haurit.“
1355 2494 1404 2555 lta
1425 2492 1488 2554 benc

141 2582 254 2651 dixisti,
280 2590 312 2643 ut
335 2582 447 2656 rhetor,
473 2591 506 2643 at
529 2602 585 2643 non
610 2593 644 2643 ιιι
665 2582 900 2662 philosophicus.
949 2582 1039 2644 Vires
1063 2602 1169 2662 nempe
1192 2583 1270 2645 coeli
1293 2590 1421 2664 propter
1441 2601 1486 2642 re·

141 2671 271 2733 hiculurn
295 2671 375 2732 airis
400 2691 458 2733 non
482 2671 678 2741 imbibuntur,
713 2672 882 2734 consistunt
906 2672 983 2734 enirn
1008 2672 1038 2733 in
1063 2671 1280 2752 imaginatione
1303 2690 1405 2735 rerum
1426 2670 1487 2733 sub·

141 2760 297 2824 lunarium.

209 2848 389 2898 Fabricius:
409 2846 475 2908 Quia
493 2853 519 2898 te
537 2850 562 2898 in
581 2848 726 2912 physicis
745 2849 1029 2912 speculationibus
1048 2848 1170 2898 excellere
1188 2848 1277 2907 video,
1303 2848 1364 2901 ldeo
1382 2856 1409 2900 et
1424 2849 1487 2899 hue

137 2936 178 2988 qu
189 2918 285 2971 aisti
297 2935 310 2970 o
321 2936 338 2970 n
348 2934 382 2970 er
401 2919 529 2984 physic
541 2934 577 2969 as
597 2920 668 2969 simul
687 2921 730 2969 tibi
749 2935 885 2983 proponere
904 2921 969 2969 volui
988 2920 1166 2970 discutiendas.

213 2990 358 3053 Quaeritur,
379 3005 412 3041 an
431 2991 576 3041 fulmina
593 2994 643 3041 siut
660 2994 802 3052 materiata,
823 2992 861 3041 rel
879 2993 978 3055 spiritus
992 2990 1107 3041 tantum?
1144 2990 1171 3041 si
1190 2993 1336 3051 matenata,
1356 3007 1400 3042 cnr
1416 2992 1489 3047 hono,

138 3065 177 3114 rel
196 3064 246 3113 elia
264 3070 379 3113 ereatura
397 3063 523 3120 animata,
549 3078 599 3111 non
617 3063 731 3113 laedatur
749 3063 796 3112 illis
816 3062 902 3112 eodem
926 3064 998 3113 modo
1026 3078 1070 3127 per
1088 3062 1273 3125 disjectiouem,
1304 3064 1489 3115 vulnerationem

139 3143 184 3184 ant
203 3135 414 3194 deformationem,
433 3140 463 3183 ut
480 3135 542 3182 muri
562 3140 588 3183 et
606 3133 705 3182 turres?
741 3133 879 3185 Meteriata
896 3150 985 3197 nempe
1003 3134 1084 3184 locum
1103 3134 1240 3198 requirunt,
1260 3141 1287 3185 et
1299 3143 1432 3200 propterea
1448 3134 1489 3184 elis

138 3220 242 3270 corpora
257 3207 371 3271 ingresse
388 3206 490 3254 violenti
508 3210 585 3259 motu,
605 3218 636 3254 ea
654 3206 763 3254 sensibili
781 3205 891 3255 laesione
911 3206 1031 3257 afficiunt.
1070 3204 1119 3266 Qui
1136 3204 1177 3266 fit,
1204 3207 1270 3271 qnod
1294 3209 1494 3258 tonitruum

137 3277 248 3342 fragores
267 3278 333 3327 ultra
351 3274 435 3333 ³,1rel
454 3276 487 3326 ad
504 3291 626 3326 summum
644 3273 661 3324 4
679 3277 794 3328 milliaria
812 3292 861 3327 non
881 3278 1022 3338 audiantur,
1042 3284 1129 3329 conus
1147 3283 1327 3328 tormentorum
1346 3278 1493 3343 expleam

140 3349 173 3400 ad
190 3345 216 3409 8,
237 3346 280 3406 10,
300 3347 490 3397 seminarias

228 3421 433 3500 Keplerus:
469 3421 515 3481 De
550 3419 721 3482 fulminibus
755 3420 829 3482 haec
854 3429 902 3482 est
931 3441 1000 3483 mea
1023 3420 1178 3483 sententia
1201 3422 1272 3495 (uec
1296 3421 1379 3485 enim
1403 3420 1497 3484 minus

138 3531 202 3586 me,
227 3529 282 3591 par
306 3518 368 3584 est,
394 3518 572 3590 arroganter
595 3510 792 3589 respondere,
817 3529 905 3589 quam
929 3519 962 3572 tu
985 3509 1170 3573 confidenter
1193 3510 1346 3591 quaeris):
1376 3519 1408 3572 et
1431 3529 1495 3571 ma-

139 3600 259 3663 terialia
283 3619 361 3672 esse,
386 3607 417 3660 et
441 3599 573 3680 spiritus.
620 3600 700 3663 Nam
725 3608 756 3661 et
779 3599 903 3679 spiritus
927 3608 976 3662 est
998 3598 1137 3661 materia.
1184 3599 1319 3679 Lapides
1347 3618 1421 3662 vero
1443 3617 1501 3660 uc-

141 3690 251 3752 minem
275 3708 404 3770 uuquam
419 3689 575 3770 excepisse
590 3697 672 3769 puto,
699 3696 732 3749 ut
746 3689 961 3769 specularetur.
1008 3688 1103 3750 Fallit
1123 3688 1261 3751 homiues
1277 3688 1330 3751 via
1344 3707 1398 3752 seu
1413 3689 1503 3752 limes

141 3780 267 3842 adustus
290 3797 345 3858 per
368 3779 501 3842 arbores.
549 3778 594 3840 At
617 3797 674 3840 uon
700 3777 843 3858 sequitur,
869 3777 1002 3857 lapidem
1017 3777 1101 3840 rllam
1120 3785 1266 3841 metatum
1281 3778 1375 3842 uam.
1421 3778 1503 3840 Pro-

140 3877 255 3948 ponant
279 3868 350 3930 mihi
376 3868 514 3949 lapidem,
540 3867 754 3930 demonstrabo
773 3867 848 3942 illis,
874 3866 901 3928 si
925 3867 1025 3929 durior
1049 3886 1109 3929 nou
1133 3867 1237 3943 luerit,
1269 3867 1382 3930 millies
1406 3865 1507 3929 dissi-

141 3957 235 4019 luisse
260 3957 438 4037 oportuisse.
484 3960 530 4018 At
552 3974 591 4017 ex
605 3955 764 4018 arboribus
788 3954 993 4017 exscinditur?
1023 3955 1215 4019 Oimbecille
1236 3955 1369 4018 fulmen!
1402 3956 1508 4019 Διιιιι

141 4045 251 4119 credis,
270 4046 348 4107 hanc
371 4046 578 4108 violentiam
571 4066 599 4107 ιιι
624 4046 703 4108 uodo
727 4041 873 4108 haerere?
920 4043 1008 4115 Quod
1028 4055 1129 4108 autem
1145 4064 1285 4126 corpora.
1293 4063 1356 4108 nou
1379 4064 1445 4108 eum
1465 4042 1512 4105 in

141 4135 262 4196 modum
286 4134 492 4205 fulminentur,
517 4153 574 4213 quo
598 4135 694 4214 ligna,
720 4154 813 4195 causa
836 4142 885 4195 est
907 4134 1065 4209 mollities,
1091 4154 1168 4214 qnae
1191 4134 1307 4197 nullam
1331 4135 1426 4197 babet
1446 4152 1509 4197 ree

142 4223 328 4297 sistentiam,
353 4231 385 4285 et
408 4224 487 4305 quod
511 4223 615 4285 ustilia
638 4243 695 4285 non
720 4231 804 4298 sunt,
830 4231 864 4284 ut
887 4223 979 4303 ligna.
1025 4224 1143 4286 Eadem
1166 4243 1273 4301 causa,
1307 4243 1362 4286 cur
1385 4224 1520 4305 liquent

140 4312 276 4377 metalla.

230 4402 370 4464 Jucunda
393 4400 530 4504 quaestio
555 4401 592 4463 de
616 4400 741 4464 terribili
767 4401 897 4480 fragore
944 4401 1012 4476 „De
1037 4401 1107 4463 lorti
1131 4402 1267 4464 dulcedo.
1272 4400 1292 4429 “
1327 4400 1427 4465 Judic
1446 4393 1511 4462 14.

141 4492 223 4572 Ergo
246 4510 397 4577 nunquam
422 4491 486 4552 sine
509 4491 586 4552 nube
611 4498 708 4553 tonat.
760 4490 805 4551 Αι
828 4489 922 4551 imber
945 4510 983 4552 ex
1006 4498 1219 4554 concamerata
1242 4490 1371 4567 decidit,
1405 4503 1507 4569 eaque

144 4600 203 4642 non
227 4569 309 4654 alta,
342 4599 379 4641 ex
402 4598 513 4659 vapore
538 4578 655 4642 scilicet
677 4578 884 4660 copiosissime
915 4579 1002 4642 simul
1030 4599 1068 4640 ex
1099 4588 1182 4643 terra
1215 4580 1379 4643 exhalante
1411 4572 1503 4643 simul

143 4689 161 4730 a
185 4687 312 4749 superno
337 4668 417 4731 atris
441 4668 584 4748 frigore
576 4688 605 4729 m
630 4687 739 4750 aquarn
763 4676 904 4743 cooacto;
928 4669 1072 4731 clausus
1065 4678 1166 4750 rtaque
1187 4668 1291 4749 fragor
1304 4677 1364 4733 est
1410 4666 1496 4731 sodo

143 4766 175 4819 et
199 4758 277 4840 quod
301 4758 444 4821 celeritas
468 4768 543 4838 pene
567 4758 633 4818 sola
657 4757 786 4837 fragoris
811 4778 913 4820 causa.
960 4759 1055 4833 Puto,
1086 4759 1246 4821 materiam
1268 4758 1401 4821 fulminis
1422 4774 1490 4820 eau-

143 4847 211 4912 dem
235 4865 313 4922 esse,
337 4865 414 4929 quae
437 4857 486 4911 est
509 4846 539 4910 in
563 4866 635 4910 auro
659 4847 796 4924 feriente,
820 4847 905 4928 cujus
928 4846 1044 4913 incensi
1065 4847 1145 4911 idem
1167 4855 1218 4912 est
1239 4847 1355 4931 fragm.
