3278 5542
748 326 911 383 Prooarnium.
1464 329 1503 396 61

140 486 340 612 ὶίιιιιωὼςοὲἱιίι
355 489 457 552 sinilia,
476 495 552 556 atque
568 491 711 554 praesertim
739 491 815 543 etiam
838 490 925 545 calculi
948 489 1058 542 lahorem
1074 495 1102 542 et
1117 489 1230 543 taedium
1253 506 1302 541 non
1321 506 1378 543 esse
1395 493 1463 543 oneri
1481 498 1508 543 et

154 560 206 606 asti
228 561 251 608 'o

219 629 317 690 Quibus
333 635 474 696 praemissis
492 633 546 683 adit
562 632 645 683 Herrr.
664 635 833 698 quaestionem
860 635 891 685 de
914 634 1016 685 Lucano
1041 633 1165 698 pluribus,
1191 633 1240 685 alio
1264 633 1318 683 loco
1341 632 1506 691 inserendam,

144 709 171 750 et
189 703 229 751 sic
247 703 387 753 concludit:
405 704 522 754 Potitioni
540 712 599 753 tuae
618 707 713 769 utrique
732 706 884 755 satisfaciam
902 721 944 770 pro
962 704 1052 755 viribus
1079 715 1105 755 et
1130 704 1190 755 mihi
1215 720 1267 756 rem
1292 713 1390 770 gratam
1408 705 1505 763 leceris,

143 774 165 820 si
184 773 259 836 plura
277 777 385 838 petieris,
404 776 451 825 hac
470 777 535 826 enim
554 778 684 826 occasione
702 790 790 826 ausam
809 778 913 841 arripere
932 792 1038 841 possum,
1056 782 1085 827 ut
1104 782 1129 826 et
1148 777 1192 826 tibi
1209 776 1281 843 plura
1298 777 1411 828 scribam.

216 844 294 895 Diess
314 846 626 897 Schreibenriberschiclre
651 848 692 896 ich
713 849 807 897 melnes
834 863 875 912 gn.
894 849 999 899 iduma
1016 863 1041 897 u.
1060 846 1141 898 Herru
1165 855 1274 914 agentern
1298 862 1328 896 zu
1347 846 1429 913 Prag,
1447 847 1503 897 Joh.

143 913 318 974 Menharden.
347 918 367 967 1.
386 918 421 968 M.
440 917 616 969 Lateinischen
636 918 756 982 Cantzley
777 919 964 985 Registratoren
987 935 1018 969 au
1042 919 1124 985 Prag,
1151 920 1257 971 welches
1280 919 1313 968 Es
1342 919 1398 968 dem
1423 918 1504 968 Herm

147 985 229 1048 cnut,
250 988 271 1038 Ι.
292 989 393 1040 Dnrchl.
415 990 554 1055 Eraheraog
571 990 724 1041 Ferdinsuds
742 990 810 1040 Rath
828 1007 853 1040 u.
871 991 1069 1042 lloiseeretsrleu
1094 989 1243 1041 ruschicheu
1266 989 1362 1039 witrdet
1384 1005 1408 1039 u.
1428 989 1505 1038 durch

148 1057 193 1107 diss
213 1059 277 1110 oder
296 1061 453 1127 dergleicheu
471 1061 553 1112 Mittel
570 1061 639 1111 kann
658 1063 701 1112 der
718 1063 782 1112 Herr
800 1063 863 1126 ycde
881 1062 956 1122 Post,
977 1076 1049 1113 vanu
1072 1062 1106 1112 Er
1127 1062 1194 1120 vill,
1221 1063 1268 1112 mir
1295 1061 1422 1111 schreibeu
1446 1075 1503 1111 zue·

148 1130 277 1252 ἕξοῗὲιιί
294 1147 368 1182 vanu
386 1133 419 1183 Er
437 1133 511 1183 allein
530 1136 571 1184 ein
589 1133 679 1198 Cepert
696 1135 802 1184 dariiher
820 1149 853 1217 an
871 1134 988 1185 usmaitau
1005 1134 1030 1184 J.
1049 1133 1172 1185 Meuhard
1184 1132 1278 1191 matht,
1297 1133 1348 1184 und
1360 1133 1426 1184 nach
1437 1132 1505 1200 Prag

198 1216 213 1251 c
250 1218 285 1252 e.

215 1273 319 1324 Damitt
335 1290 387 1326 vus
405 1275 460 1327 dem
478 1275 559 1327 Herm
578 1276 626 1326 heb
644 1275 860 1344 und'angenemh.

252 1346 350 1397 Datum
367 1346 502 1406 Miinehen,
521 1348 570 1398 den
588 1345 666 1399 alten
685 1347 740 1399 Oct.
761 1344 809 1398 t.⁰
828 1345 869 1396 st.

924 1418 989 1470 Desa
1006 1417 1087 1468 Herm
1107 1418 1292 1483 dianstvilliger
1372 1438 1376 1452 ·

818 1491 896 1541 Hans
914 1489 1178 1555 detrectaremus.
1198 1489 1368 1556 Hortatore.
1386 1488 1466 1555 Mppr.

215 1577 362 1643 Inscriptio:
382 1580 447 1630 Dens
475 1580 630 1631 Ehmuesteu
656 1580 728 1631 Hoch
746 1579 797 1631 und
814 1579 996 1644 Wohlgelerten
1014 1578 1136 1645 Magister
1161 1579 1244 1630 Johau
1261 1578 1364 1643 Kepler,
1384 1579 1428 1631 der
1443 1579 1502 1631 ldhl.

150 1648 308 1700 bandstaend
325 1666 357 1700 su
375 1650 535 1716 Steyrmarhh
551 1651 739 1711 Mathematieo,
758 1653 864 1702 meinem
882 1652 981 1702 sonders
999 1651 1080 1701 lichen
1098 1651 1178 1701 llerru
1195 1650 1246 1701 und
1265 1651 1431 1773 &saudim

164 1882 169 1894 ⁸
201 1811 372 1894 ’Keplerus
390 1813 416 1863 in
434 1814 591 1878 responsione
610 1809 645 1873 (d.
665 1812 688 1862 d.
710 1807 751 1860 24.
772 1811 834 1862 Dee.
853 1808 899 1873 97)
928 1811 958 1862 de
987 1810 1089 1861 Lucano
1117 1811 1286 1877 quaestionem
1311 1813 1410 1876 propius
1438 1811 1501 1876 adit,

155 1894 182 1930 ac
200 1884 337 1948 incipiens:

235 1988 313 2054 Cum
336 1993 519 2076 accepissem
543 1991 648 2053 literas
672 1990 762 2064 Tuas,
788 1989 845 2050 Vir
867 1988 1036 2068 Magnifice,
1061 1989 1156 2052 Nonis
1170 1989 1347 2052 Decembris
1370 1989 1498 2067 circiter,

159 2084 183 2138 et
202 2080 491 2149 animadvertissem.
515 2088 548 2142 ut
570 2080 625 2142 tibi
649 2079 867 2152 satisfacerem,
892 2079 1023 2140 nonnihil
1046 2079 1118 2140 mihi
1141 2079 1253 2140 laboris
1277 2099 1345 2140 esse
1368 2079 1499 2140 subeun-

161 2167 229 2229 dum:
248 2171 313 2250 jam
340 2180 415 2246 tum,
441 2171 552 2232 omissa
575 2188 646 2231 cura
673 2168 810 2230 celeriter
833 2169 1045 2246 respondendi,
1078 2168 1162 2248 coepi
1186 2169 1256 2230 mihi
1281 2169 1374 2230 otium
1402 2168 1500 2247 dispi-

162 2274 225 2320 cere.
269 2257 385 2330 Quibus
410 2260 489 2322 enim
511 2258 757 2338 occupationibus
783 2256 932 2338 (quamvis
957 2265 987 2318 et
1010 2257 1145 2339 privatus
1165 2266 1196 2318 et
1213 2255 1348 2337 juvenis)
1373 2257 1499 2320 distrin-

165 2363 219 2422 gor,
252 2367 309 2411 uon
338 2358 386 2411 est
419 2368 527 2430 operae
557 2348 685 2428 pretium
715 2346 770 2408 tibi
798 2365 966 2420 recensere,
991 2347 1047 2409 nisi
1071 2355 1105 2408 ut
1134 2346 1164 2408 id
1192 2346 1366 2408 summatim
1389 2346 1498 2422 dicam,
1564 2413 1567 2418 ,

165 2452 198 2494 ne
217 2437 266 2498 rix
289 2440 448 2520 respirare.
496 2437 572 2501 Cum
601 2437 691 2517 igitur
722 2435 825 2497 dedita
848 2454 939 2514 opera
962 2455 1023 2497 rem
1050 2435 1080 2497 iu
1109 2435 1200 2498 serias
1223 2436 1395 2510 natalitias,
1425 2454 1499 2518 quas

164 2521 210 2598 jam
229 2525 285 2588 Dei
310 2528 497 2608 benignitate
521 2526 712 2606 attingimus,
736 2524 923 2607 rejecissem:
948 2532 982 2586 ut
1005 2534 1106 2587 tamen
1130 2533 1215 2587 tanto
1244 2546 1342 2588 essem
1365 2525 1500 2609 paratior
1551 2576 1554 2582 .

167 2617 345 2691 postmodum,
385 2618 501 2679 interea
537 2616 695 2678 nonnullas
728 2616 817 2676 heras
846 2614 913 2676 aliis
947 2612 1098 2677 laboribus
1138 2615 1305 2677 mehercule
1339 2614 1499 2677 contemtis

168 2709 188 2760 et
204 2705 385 2781 poenitendis
409 2708 488 2768 furto
517 2706 603 2787 quasi
626 2713 746 2784 ereptas
770 2704 799 2765 in
824 2703 980 2765 lectionem
1005 2703 1139 2773 Lucani.
1165 2702 1307 2767 Caesaris
1332 2713 1363 2766 et
1384 2705 1497 2767 utrius-

168 2805 212 2865 que,
238 2791 392 2857 Ciceronis
430 2796 625 2876 epistularum
654 2792 810 2855 voluminis
843 2792 976 2853 insumsi.
1022 2793 1137 2856 Videor
1165 2802 1265 2854 autem
1294 2792 1366 2854 mihi
1395 2812 1432 2855 ex
1462 2811 1500 2854 ea

168 2874 269 2944 lectione
303 2885 333 2946 id
366 2905 432 2946 esse
466 2893 658 2958 consecutus,
683 2892 717 2953 ut
739 2883 851 2962 reliquo
876 2882 992 2951 labore,
1021 2882 1079 2945 nisi
1102 2882 1228 2963 denique
1252 2881 1306 2944 abs
1332 2891 1363 2944 te
1383 2882 1497 2961 jussus,

168 2975 337 3046 supersedere
360 2974 492 3053 possim,
526 2982 560 3035 ut
586 2983 695 3054 postea
719 2971 879 3050 intelliges.

214 3076 268 3129 ism
286 3087 456 3147 transgressus
475 3081 508 3131 sd
525 3080 656 3131 Lucanum
674 3080 711 3129 sic
730 3078 869 3129 concludit:

227 3169 311 3232 Haeo
335 3171 518 3250 intempesta
549 3178 651 3245 nocte,
685 3189 749 3232 cum
773 3168 845 3229 mihi
869 3168 973 3229 oblata
995 3174 1078 3228 esset
1105 3187 1124 3228 a
1147 3164 1323 3245 dignissimo
1346 3167 1385 3230 D.
1412 3164 1496 3230 Oan-

167 3255 261 3321 cellerio
285 3262 434 3323 scribendi
459 3260 588 3330 occasio,
612 3279 688 3339 quae
713 3265 890 3333 causaest,
920 3257 998 3338 quod
1021 3255 1117 3317 literis
1142 3255 1346 3319 excellentiss.
1393 3257 1430 3318 D.
1454 3256 1494 3320 D.

166 3340 278 3424 stetten,
304 3351 409 3429 agnati
433 3351 502 3423 mei,
526 3351 556 3412 in
580 3348 752 3430 praesentia
775 3367 832 3408 uon
857 3347 1033 3428 respondeo.
1075 3345 1178 3423 Magn.
1195 3344 1383 3423 Dignitatem
1401 3345 1497 3409 Tuam

167 3434 269 3501 leliciter
293 3441 395 3501 valere
415 3440 517 3519 jubeo,
543 3448 574 3499 et
598 3439 676 3501 houa
699 3438 726 3499 ei
750 3436 819 3498 novi
842 3437 911 3498 anui
935 3436 1069 3515 auspicia
1092 3453 1207 3514 precor.

351 3530 455 3610 Magn.
476 3528 516 3592 D.
541 3527 576 3592 T.
993 3524 1136 3587 Studiose
1161 3521 1264 3585 Cliens

941 3614 989 3676 M.
1013 3615 1142 3678 Jotann
1161 3611 1299 3695 Kepler,

782 3704 829 3765 Ill.
854 3701 975 3785 Styriae
998 3702 1229 3766 Prouincialium
1250 3701 1495 3766 Mathematicus.

164 3872 167 3880 Ι
212 3810 294 3863 llerw
303 3818 392 3861 artus
409 3812 474 3861 haec
493 3811 619 3875 respondit
637 3809 661 3873 (i
669 3810 693 3860 2.
712 3809 788 3860 Mart.
807 3807 871 3871 98):
891 3844 897 3858 .
918 3846 925 3859 .
951 3809 1048 3860 Dessen
1068 3809 1203 3861 Schreibcn
1225 3824 1280 3859 rom
1304 3806 1345 3858 2t.
1366 3809 1428 3860 Dee.
1447 3809 1496 3859 hah

161 3875 188 3924 Ιώ
200 3880 240 3934 hac
258 3886 316 3948 ipsa
336 3885 375 3933 die
396 3892 421 3933 et
440 3884 501 3933 hora
519 3883 674 3947 empisngen.
704 3883 773 3932 Thue
791 3882 857 3931 mich
875 3882 918 3931 der
936 3883 1118 3947 angewandteu
1136 3875 1341 3947 Muhenwaitoig
1359 3879 1496 3932 neundhch

161 3942 266 4005 bbilinien
292 3956 344 4005 und
369 3955 458 4021 begere
484 3954 576 4005 dieselb
603 3955 735 4004 wiederum
761 3953 923 4003 danlrbsrlich
950 3970 981 4003 au
999 3953 1158 4004 hesehulden.
1195 3951 1296 4002 Interim
1315 3966 1393 4018 aequo
1413 3953 1494 4003 animo

158 4025 243 4088 accipiat
260 4027 432 4077 munusculum
451 4028 584 4084 minimum,
606 4026 709 4089 alicujus
726 4025 790 4074 forte
810 4025 864 4074 libri
882 4026 1054 4075 mathematici
1072 4027 1177 4089 pretium
1195 4025 1312 4074 futurum.

208 4096 249 4147 lch
268 4100 310 4148 bin
328 4100 354 4146 in
373 4099 468 4148 beedeu
487 4097 588 4149 calculis
605 4098 668 4147 wohl
688 4097 828 4153 contentirt,
849 4097 956 4155 befinde,
976 4098 1033 4147 dass
1047 4097 1163 4153 dissolbe,
1177 4098 1263 4161 paucis
1275 4098 1384 4146 minutiis
1397 4095 1495 4158 demt'u,

155 4173 195 4215 tou
217 4184 272 4219 meo
302 4170 397 4219 calculo
417 4170 604 4226 concordioreu,
630 4179 656 4218 et
672 4170 698 4218 id
717 4176 786 4224 erat,
811 4168 876 4232 quod
893 4171 1052 4233 quaerebam.
1088 4168 1164 4218 Danu
1183 4168 1223 4217 die
1241 4167 1369 4218 diversitas
1388 4183 1494 4233 occupa·

151 4236 228 4289 ionum
245 4242 332 4292 macht
350 4242 415 4290 mich
433 4245 459 4291 in
479 4241 574 4290 calculo
592 4241 710 4303 yeweilcn
729 4242 800 4289 irren.
837 4239 883 4289 Ich
900 4241 950 4292 hab
968 4243 1049 4292 dieser
1066 4240 1121 4306 Τις
1140 4240 1194 4289 eine
1213 4240 1326 4291 Autwort
1347 4256 1395 4289 von
1414 4241 1494 4290 eiuem
1543 4256 1545 4264 ’

148 4303 313 4362 llsthematico
333 4314 363 4362 de
383 4313 435 4362 Tuo
453 4313 619 4364 Prodromo
643 4313 806 4377 empiangen,
823 4312 868 4361 sad
885 4328 1029 4378 responsum
1047 4311 1107 4362 illud
1125 4311 1218 4378 nullum
1236 4316 1282 4369 est.
1319 4311 1372 4361 lme
1389 4310 1438 4361 will
1451 4310 1494 4362 der

146 4387 214 4431 notus
232 4383 324 4433 Terrae
343 4399 389 4449 gar
407 4388 444 4434 nit
463 4384 592 4448 eingehen.

204 4452 272 4504 Mich
291 4458 380 4505 nimmt
396 4457 520 4510 Wunder.
545 4455 603 4504 dass
628 4457 667 4504 nit
692 4457 760 4505 einer
785 4469 814 4504 ex
833 4455 942 4518 professo
959 4453 1026 4506 hanc
1044 4458 1175 4506 materiam
1201 4457 1283 4507 narirt
1300 4454 1352 4504 und
1370 4452 1492 4512 dederint,

142 4535 191 4574 tum
216 4535 380 4592 argumenta,
405 4529 550 4591 praesertim
576 4527 694 4590 physica,
719 4527 805 4591 quibus
831 4534 980 4592 coarguatur
1004 4539 1086 4577 motus
1104 4529 1197 4578 Tenue
1222 4529 1395 4593 potiusquam
1413 4522 1493 4574 stellis

137 4592 187 4645 fisis
204 4599 346 4649 tribuendos
365 4614 432 4662 esse,
459 4615 509 4649 non
528 4598 647 4648 deficiant
665 4599 843 4663 pulcherrima,
867 4601 1013 4663 praesertim
1036 4615 1067 4650 ex
1088 4602 1185 4652 ratione
1208 4607 1349 4658 ventorum,
1368 4597 1443 4649 maris
1463 4609 1493 4646 ex

136 4667 194 4718 {reto
214 4673 343 4727 currentis,
363 4673 399 4720 uti
418 4678 444 4721 et
460 4672 539 4720 fluxus
559 4677 585 4719 et
602 4665 708 4721 refluxus
726 4673 809 4720 maris.

202 4741 328 4806 Philippus
346 4743 476 4808 Lansberg
494 4742 627 4792 meditatur
645 4757 722 4792 noras
740 4742 887 4806 hypotheses
906 4741 1077 4805 planetarum,
1105 4744 1130 4793 in
1156 4743 1242 4810 quibus
1271 4746 1382 4792 caunum
1399 4738 1492 4790 Terrae

127 4809 206 4877 ,fixam
224 4816 310 4877 ponit,
333 4814 438 4879 reliquos
460 4822 544 4864 autem
566 4819 648 4863 motus
665 4815 736 4879 primi
752 4814 850 4863 mobilis
868 4814 1083 4866 circumferentiae
1106 4815 1217 4879 ejusdem
1234 4813 1328 4864 tribuit
1364 4811 1416 4863 Sed
1432 4808 1493 4861 nihil

129 4882 212 4935 adhuc
229 4886 328 4949 prodiit
367 4884 418 4937 Sed
434 4900 485 4937 non
502 4886 573 4937 rideo
591 4898 709 4947 tamam,
734 4899 779 4938 cur
802 4900 854 4937 nou
878 4891 905 4936 et
928 4894 1013 4939 cauno
1032 4887 1124 4940 Terrae
1141 4893 1223 4940 motus
1240 4885 1341 4938 attribui
1357 4883 1448 4950 possit,
1465 4885 1494 4933 st
