3278 5542
138 284 180 353 tt
734 284 897 337 enemim

208 451 309 502 literne
327 451 376 502 bas
393 463 480 514 pamm
498 448 581 499 solstit
610 449 752 499 exhibentes
772 448 925 499 advenerunt
943 406 1071 499 dsuetum
1088 448 1198 512 Ksplero
1215 447 1324 516 ngurn
1348 447 1384 500 sd
1399 447 1494 512 ibn»

138 537 194 574 nem
213 524 323 588 proiecto
342 522 424 584 (initio
442 522 500 573 an.
522 516 618 582 1600),
651 521 688 570 lbi
707 526 869 570 commoratus
892 535 969 584 usque
993 521 1027 572 sd
1049 536 1160 573 mensem
1178 521 1292 577 Juuium,
1317 535 1364 586 quo
1385 519 1496 573 Gratim

137 595 223 653 rediit,
247 601 337 658 pectus
356 600 395 644 est
412 609 468 644 curn
487 591 604 655 Tychons
624 592 654 642 de
672 593 778 641 trensitn
796 594 822 641 in
840 591 1000 649 Bobemiam,
1028 607 1105 657 eoque
1127 593 1247 643 inmilisrn
1265 590 1395 643 umentis
1412 606 1496 642 mense

138 665 258 717 Octobris.
273 689 307 700 -·
327 663 424 728 (comp.
444 671 529 715 annot
549 663 651 726 Keplcri
669 665 695 713 in
714 663 895 713 dedicationem
915 657 982 728 [s].)

140 791 144 802 ¹
208 737 249 787 De
264 737 302 787 his
314 752 378 803 quse
391 736 527 800 Keplernm
541 741 594 784 tum
611 736 727 799 temporis
745 735 880 784 turbabant
896 735 968 785 rebus
986 736 1087 799 privetis
1104 735 1254 801 publicisque
1271 735 1382 800 pluribus
1401 736 1455 801 egit
1471 737 1495 786 in

74 818 78 828 ’
137 810 295 876 sequentibus
314 811 405 865 tribus,
425 810 497 858 annis
518 804 584 856 1599
605 815 630 857 et
650 803 719 855 160⁰
738 807 772 857 sd
788 805 948 857 Moestlinum
967 807 1032 856 detis
1050 807 1135 858 literis

663 934 665 937 ’
741 948 774 1012 s,
799 950 832 1011 P.
856 949 895 1011 Ι).

226 1061 348 1124 Literss
372 1067 451 1132 tuas,
477 1057 649 1119 avidissime
673 1058 730 1119 hoc
754 1056 925 1119 turbulento
949 1064 1082 1136 tempore
1113 1064 1310 1138 expectatae,
1341 1058 1400 1121 hec
1430 1060 1493 1123 vics

137 1151 206 1215 mihi
231 1169 290 1212 non
314 1148 460 1220 redditae,
485 1146 677 1209 vehementer
699 1146 796 1208 doleo.
834 1146 1068 1208 Provinciarium
1086 1146 1202 1226 Agens,
1227 1147 1277 1227 qui
1295 1147 1416 1229 Progne
1440 1149 1495 1212 fuit

138 1239 407 1317 (Kandelberger),
433 1236 490 1298 huc
508 1236 626 1297 vinctus
642 1245 712 1297 ante
727 1244 872 1298 semestre
888 1236 1009 1310 allatus,
1035 1236 1179 1317 superiori
1198 1255 1300 1298 mense
1319 1245 1420 1300 tortus
1439 1245 1493 1312 est,

137 1328 327 1394 Secretarius
352 1325 508 1408 Styromm
537 1322 753 1398 (Gabelkofer)
783 1324 921 1405 captivus
949 1324 1108 1404 detinetur.
1155 1327 1269 1388 Ferunt
1298 1326 1494 1390 deliberatum

138 1419 174 1480 de
199 1418 259 1480 alio
282 1415 433 1497 principe,
456 1415 582 1494 ideoque
606 1415 729 1496 capitali
753 1415 898 1494 supplicio
922 1415 1110 1494 plectendum
1133 1415 1218 1478 iilum
1241 1416 1405 1495 rigentem.
1444 1417 1493 1479 ln-

138 1515 224 1569 terea
245 1506 360 1585 templa
383 1513 453 1566 ante
477 1522 589 1584 paucos
613 1522 707 1565 annos
736 1504 898 1564 aedificata
929 1511 1116 1578 evertuntur,
1151 1504 1200 1585 qni
1224 1511 1330 1567 contre
1351 1502 1493 1587 principis

136 1597 279 1659 mandate
302 1594 455 1656 ministros
479 1593 623 1666 detinent,
649 1593 730 1655 cives
755 1593 943 1672 oppidorum,
970 1593 1061 1654 armis
1085 1593 1123 1654 ad
1148 1593 1350 1656 obedientiam
1372 1602 1492 1675 protra-

136 1680 259 1762 huntirr,
288 1684 409 1746 vincula
430 1682 543 1763 injecta
566 1682 674 1761 viginti
698 1701 833 1756 numero,
865 1683 914 1763 qui
944 1682 1008 1744 heri
1032 1683 1118 1744 allati
1146 1691 1217 1745 sunt
1249 1683 1414 1764 desperata
1443 1704 1511 1761 sus,

136 1778 245 1841 salute.
287 1775 353 1837 Hoc
378 1774 531 1835 decretum
561 1779 593 1834 et
619 1772 811 1834 sanctissimo
840 1773 1011 1852 juramento
1045 1773 1250 1835 confirmatum
1283 1782 1331 1836 est
1357 1775 1493 1859 principi,

137 1865 249 1930 nullum
264 1863 383 1927 omnino
399 1861 567 1924 ministrum
581 1863 727 1925 ecclesiae
746 1861 811 1941 pati
832 1862 860 1924 in
885 1862 947 1924 suis
971 1861 1144 1942 provinciis,
1167 1883 1204 1925 ne
1220 1862 1339 1945 quidem
1361 1865 1392 1930 in
1417 1867 1495 1930 arci-

136 1957 201 2018 bus.
249 1952 366 2018 Contrs
387 1953 473 2026 haec,
488 1951 576 2014 rebus
601 1951 667 2031 jam
689 1951 840 2032 prolapsis
864 1971 951 2012 nemo
976 1952 1132 2032 quicquam
1156 1960 1272 2028 movet,
1303 1973 1359 2016 nec
1383 1964 1494 2035 potest

136 2043 229 2109 Cives
252 2043 341 2123 hujus
365 2041 458 2112 urbis,
483 2041 531 2122 qui
556 2060 664 2103 novum
684 2042 888 2121 juramentum
910 2048 1067 2120 praestare
1090 2060 1123 2102 se
1147 2061 1237 2122 posse
1260 2050 1383 2123 negent,
1410 2055 1495 2108 vetus

137 2154 194 2197 non
214 2135 374 2215 jurarunt:
407 2131 437 2193 hi
461 2131 581 2212 iuquam
604 2140 732 2210 agentur
754 2130 784 2192 iu
817 2130 957 2193 exilium:
989 2150 1044 2192 nec
1072 2130 1176 2194 iicebit
1202 2131 1278 2212 ipsis
1301 2132 1356 2194 sub
1380 2134 1496 2197 nobiles

137 2225 281 2304 migrare,
311 2220 456 2282 decimam
486 2227 602 2299 partem
631 2220 774 2282 bouomm
805 2220 957 2282 mobilium
982 2227 1015 2282 et
1035 2219 1229 2282 immobilium
1250 2231 1322 2302 post
1345 2241 1378 2284 se
1404 2224 1494 2286 relin-

136 2320 237 2392 quent.
283 2309 350 2391 Ego
375 2327 478 2371 omnes
502 2309 676 2369 occasiones
705 2309 808 2383 rimor,
841 2308 904 2370 sine
933 2328 998 2371 meo
1027 2316 1127 2370 sumtu
1150 2311 1280 2390 Prugam
1302 2311 1492 2391 perveniendi

137 2402 177 2462 ad
200 2400 386 2482 Tychonem‚
416 2397 485 2458 indo
509 2417 544 2458 eo
568 2398 633 2459 viso
658 2397 730 2460 mihi
754 2399 831 2459 forte
855 2406 997 2459 nascetur
1026 2399 1143 2460 occasio
1168 2399 1353 2462 deliberandi
1378 2402 1416 2463 de
1439 2401 1494 2464 eli·

136 2491 232 2571 gendo
257 2490 333 2550 loco.
380 2483 525 2557 Quamvis
549 2505 634 2548 nemo
658 2507 704 2549 me
729 2487 895 2566 expelleret
917 2494 949 2548 et
970 2487 1195 2568 prudentissimi
1220 2490 1327 2570 quique
1354 2509 1392 2550 ex
1416 2491 1496 2554 ordi-

136 2578 223 2642 nibus
247 2585 365 2648 ament,
389 2595 514 2656 meaque
539 2575 689 2655 colloquio
712 2577 749 2638 ad
774 2576 912 2638 convivis
934 2576 1038 2638 crebro
1063 2587 1216 2656 expetant

225 2667 291 2747 Ego
315 2665 434 2726 interea
458 2684 494 2725 ex
507 2664 680 2727 'rhombicis
704 2665 879 2746 corporibus
908 2662 945 2728 12
971 2673 1002 2726 et
1025 2662 1068 2729 30
1091 2667 1256 2747 planomm
1281 2668 1352 2729 item
1376 2689 1417 2732 ex
1433 2671 1498 2732 Ar-

137 2755 302 2820 chimedeis
324 2754 405 2816 nitor
428 2753 671 2816 eccentricitates
695 2755 814 2817 elicere.
862 2755 942 2817 Vale
966 2763 998 2817 et
1020 2763 1072 2816 tuo
1102 2756 1224 2820 arbitrio
1254 2756 1326 2819 mihi
1350 2758 1500 2822 saluteris

136 2865 277 2927 suggere.
310 2843 421 2906 Preces
445 2851 565 2905 vestras
590 2851 622 2905 et
643 2845 780 2924 publicas
804 2852 835 2906 et
853 2844 989 2924 privatas
1005 2863 1192 2925 summopere
1207 2846 1383 2925 expetimus.
1418 2848 1499 2911 Nem

138 2944 259 3017 praeter
284 2937 362 2997 Osos
385 2932 444 2996 dno
468 2955 595 3014 pqgurqe
620 2933 811 3013 desperatum
835 2940 892 2996 est.
939 2932 1048 2996 Saluto
1076 2944 1248 2997 reverenter
1278 2943 1373 2998 totum
1403 2937 1498 3000 colle-

140 3025 221 3106 gium
245 3033 278 3087 et
299 3023 338 3085 D.
362 3023 581 3085 Heferefferum
605 3042 766 3106 omnesque
789 3042 873 3086 meos
897 3023 1040 3087 lautores.

232 3112 281 3177 12.
306 3108 357 3175 22.
381 3113 459 3175 Nov.
485 3107 538 3174 99.
753 3113 792 3172 Η.
818 3111 852 3172 Τ.
878 3112 946 3174 ded.
971 3111 1135 3194 discipulus

1194 3201 1239 3264 Μ.
1253 3200 1391 3287 'Keplest

724 3327 916 3349 σ--ιί-ιη-.-.κ

746 3466 779 3530 S.
804 3468 837 3529 P.
861 3467 899 3528 D.

227 3571 372 3637 Calendis
400 3570 501 3647 Junii,
538 3574 721 3660 Praeceptor
754 3571 948 3648 clarissime,
983 3574 1143 3638 Renathka
1172 3574 1320 3648 discessi,
1354 3573 1494 3640 Grotium

137 3683 252 3728 versus.
298 3661 461 3743 Negotium
485 3663 591 3744 reliqui
612 3665 782 3744 pendulum.
830 3662 948 3726 Tardae
971 3672 1042 3726 sunt
1065 3663 1273 3742 expeditiones
1297 3664 1424 3730 aulicae.

225 3753 398 3815 Potuissem
420 3752 685 3815 intercessionibus
709 3752 831 3834 optimis
860 3753 982 3833 adjutus
1010 3753 1038 3815 in
1064 3751 1207 3816 Caesaris
1231 3753 1354 3816 servitio
1378 3755 1496 3836 stipen-

139 3842 219 3906 dium
244 3843 363 3905 facere:
389 3843 443 3903 sed
466 3863 513 3904 me
536 3844 668 3923 vestigia
687 3850 856 3905 termemnt
879 3843 1037 3923 splendida
1056 3842 1207 3921 stipendia
1229 3842 1422 3918 merentium,
1447 3844 1497 3906 vix

139 3931 292 3994 dimidium
314 3931 428 4011 ingenti
452 3951 518 3993 cum
543 3932 720 3994 difficultate
747 3933 996 4013 extorquentium.
1039 3932 1144 4012 Itaque
1168 3932 1340 4013 Tychonem
1364 3933 1445 3995 inter
1468 3941 1499 3996 et

54 4058 55 4063 .
138 4039 186 4085 me
210 4020 255 4082 sic
278 4020 426 4094 convenit,
453 4020 494 4081 uti
521 4018 639 4083 Graetii
664 4023 768 4084 literas
793 4018 936 4084 Caesaris
962 4029 1161 4100 expectarem,
1188 4020 1294 4102 quibus
1319 4021 1497 4097 efficeretur,

138 4118 172 4182 ut
194 4116 313 4177 retento
337 4108 448 4171 salario
472 4109 628 4192 Styriaco,
660 4129 826 4189 perunum
850 4117 881 4172 et
903 4110 1029 4172 alterurn
1053 4129 1162 4173 annum
1185 4111 1215 4173 in
1238 4110 1416 4174 Bohemiem
1440 4111 1498 4175 mi·

139 4217 272 4280 grarem,
297 4197 403 4279 quibus
426 4218 492 4260 cum
517 4199 614 4261 literis
637 4199 809 4262 mitteretur
830 4198 891 4260 und
913 4207 945 4261 et
966 4198 1118 4262 viaticum.

228 4286 291 4349 Sed
314 4287 448 4349 ordinem
473 4306 581 4369 sequor
600 4296 768 4361 eventuum,
792 4289 918 4368 ideoque
936 4288 1070 4367 jucundo
1089 4288 1206 4350 acerbis
1225 4289 1348 4351 misceo.
1382 4285 1498 4351 Celen-

139 4376 186 4441 dis
213 4376 344 4456 Augusti
373 4376 454 4437 mille
483 4376 610 4456 amplius
639 4377 754 4439 civibus
784 4385 816 4439 et
841 4377 1068 4457 provincialium
1098 4377 1242 4441 ministris
1269 4377 1298 4439 in
1329 4377 1402 4438 urbe
1430 4378 1498 4452 hec,

138 4465 296 4529 interhcs
319 4464 446 4528 etmihi
469 4474 645 4546 perpetuum
674 4477 722 4528 est
752 4467 895 4530 indictum
923 4465 1062 4544 exilium,
1093 4467 1173 4529 intra
1202 4467 1266 4529 dies
1296 4466 1500 4548 quadragintos

140 4555 279 4636 quinque.
334 4554 493 4618 Vilissime
521 4556 604 4617 facta
636 4562 684 4618 eet
713 4556 849 4638 supellex
879 4556 992 4631 omnis,
1024 4557 1151 4638 pecnnia
1182 4556 1266 4619 nulla
1295 4555 1354 4617 uisi
1381 4555 1501 4618 minute

138 4643 294 4726 Ungarics
316 4644 394 4707 inter
420 4644 555 4707 homines
586 4654 756 4723 exercetur,
789 4644 973 4708 decimantur
1000 4645 1079 4721 bona
1107 4644 1208 4706 omnia
1235 4644 1405 4726 diligenter.
1453 4644 1499 4707 'lb

140 4743 245 4799 cetera
266 4734 348 4798 mala
369 4733 495 4816 conjice.
542 4734 729 4797 Renuncievi
752 4736 809 4798 boc
831 4734 983 4814 Pragam:
1015 4733 1155 4798 rescribit
1176 4734 1295 4817 Tycho,
1319 4734 1384 4814 jem
1407 4753 1455 4797 me
1479 4753 1500 4796 a

141 4844 174 4891 se
198 4829 339 4889 oretenus
362 4831 395 4888 et
423 4824 609 4891 nominatum
633 4823 759 4891 Caesari
787 4832 820 4887 et
847 4824 1065 4907 approbatum
1098 4822 1181 4887 soles
1208 4823 1363 4908 expectari
1392 4823 1498 4889 literne
