3278 5542
137 305 205 373 232
738 304 901 356 amanium.

138 466 265 531 pertinent
284 465 316 515 ad
335 463 489 514 conditiones
508 462 539 513 de
557 464 616 513 sede
636 470 662 513 at
679 462 774 513 familia
793 478 806 513 e
825 462 909 526 Styria
926 463 1034 528 Pregam
1053 463 1232 514 transferenda
1271 463 1316 514 His
1336 462 1410 513 addit
1419 462 1497 527 Tycho

138 539 165 588 iu
185 534 381 603 ,pustscripto“:
400 535 473 585 Facie
492 536 518 584 in
535 534 627 584 rrltimis
645 535 722 584 literis
740 534 789 584 tuis
808 536 959 584 mentionem
972 535 1040 585 Secti
1057 536 1126 585 istius
1140 534 1385 600 Capnurauici,
1398 529 1422 595 ⁴)
1439 537 1497 600 quod

138 611 164 659 iu
191 611 270 673 ipsum
294 607 478 671 antapoicgieru
504 607 612 670 perlecto
635 608 780 669 praesertim
802 606 863 655 libro
881 614 964 655 nostm
988 608 1098 657 secundo
1116 606 1147 656 de
1167 605 1273 657 Cometa
1289 607 1430 657 mediteris:
1455 623 1497 671 quc

139 682 192 745 ipsc
210 694 262 730 reru
280 685 379 744 gratam
392 685 423 742 ¹et
441 684 500 728 tuae
519 679 672 742 promissioni
691 692 810 742 meaeque
830 680 1008 741 exspectationi
1027 679 1161 744 analogam
1178 680 1342 743 praestiteris.
1381 677 1497 727 addixisti

60 797 62 801 ,
139 754 224 806 etiam,
249 757 275 802 te
293 764 357 814 quae
375 751 402 799 in
427 750 545 799 iamcso
568 752 637 799 istc
665 751 790 812 scripto
815 749 930 799 Ursino
948 749 1128 800 mathematica
1145 751 1305 800 inveniuntur
1329 750 1497 806 mmmmm

138 829 260 888 quaterem
277 823 324 871 rite
342 837 392 871 ncn
411 827 540 880 constant,
568 821 633 886 quod
652 823 728 870 etiam
745 828 770 870 te
791 819 935 871 effecturum
954 821 1058 871 confido.
1094 822 1208 885 Inprimis
1231 831 1317 872 autem
1338 835 1449 877 arerem,
1473 828 1499 869 ut

138 909 177 955 aa,
197 908 262 958 quae
279 894 414 943 inventioni
438 901 537 942 nestrae
557 894 625 942 circa
641 891 788 956 hypothesin
807 906 896 941 novam
920 893 1004 942 fucate
1024 900 1050 942 et
1069 893 1238 943 fraudulenter
1256 894 1358 957 objicit,
1384 907 1440 942 eam
1463 894 1496 941 ω’-

137 968 224 1016 mirum
248 979 279 1015 ex
298 964 433 1029 Cepernico
455 965 494 1013 rel
512 964 641 1028 Apollonio
664 963 776 1027 Pergaeo
801 964 953 1021 desumtam,
982 964 1063 1013 adhuc
1086 964 1215 1014 dilucidius
1241 971 1267 1014 et
1289 965 1404 1028 plenius,
1430 978 1497 1028 quarn

137 1044 216 1088 autea
227 1034 250 1099 ι)
270 1050 287 1087 a
304 1042 329 1087 te
348 1035 434 1093 reielli,
454 1043 528 1101 atque
547 1043 576 1084 ut
594 1050 650 1086 eam
668 1036 742 1095 mihi,
762 1037 797 1085 uti
816 1049 861 1099 par
879 1042 925 1091 est,
946 1050 1073 1094 asserere,
1091 1042 1164 1100 prout
1182 1037 1350 1099 probabilibus
1369 1036 1497 1086 rationibus

135 1111 188 1172 iarn
207 1113 285 1159 autea
302 1107 396 1164 iecisti,
416 1122 465 1156 non
483 1108 612 1157 molestum
631 1107 741 1157 duceres.

205 1180 305 1229 Institui
325 1187 412 1230 contra
429 1179 498 1229 illum
516 1180 639 1229 actionem
655 1178 802 1241 juridicam,
827 1184 958 1242 postqumn
975 1178 1025 1228 huc
1048 1178 1156 1243 Pragam
1174 1179 1245 1234 reni,
1270 1178 1428 1245 intelligens,
1446 1178 1498 1228 nihi

137 1251 290 1317 aliquamdiu
307 1251 348 1299 hic
367 1250 566 1300 commorandum
586 1257 612 1300 et
629 1249 763 1314 periculum
782 1264 836 1300 esse
854 1251 880 1298 in
899 1265 976 1308 mura,
1002 1251 1122 1315 siqnidem
1141 1252 1248 1315 graviter
1266 1250 1436 1300 decumberet.
1472 1250 1499 1299 Et

137 1323 267 1387 impetrari
284 1336 302 1371 a
320 1321 446 1371 Caesarea
464 1321 599 1385 Maiestate
621 1319 688 1381 (utut
706 1322 860 1384 quibusdam,
880 1335 953 1386 quam
971 1322 1011 1371 diu
1030 1327 1154 1385 poterant,
1174 1335 1296 1371 remoram
1314 1318 1498 1384 injicientibus),

138 1399 167 1444 ut
185 1394 347 1443 commissarii
365 1400 470 1457 quatuor
489 1393 667 1457 deputarentur
687 1389 748 1453 (duo
767 1393 871 1442 barones
891 1399 917 1442 et
935 1393 983 1442 duc
997 1393 1110 1443 doctores
1126 1389 1214 1455 juris),
1234 1394 1276 1458 qui
1291 1393 1499 1443 sententiamhas

139 1466 170 1516 de
188 1480 216 1516 re
235 1466 445 1530 pronunciarent,
465 1465 583 1529 siquidem
601 1466 623 1514 is
641 1479 685 1527 per
703 1464 844 1514 emissarios
857 1479 925 1514 meos
938 1467 1064 1529 quaesitus
1086 1478 1117 1514 ea
1135 1478 1199 1528 quae
1215 1466 1352 1528 scripserat
1369 1471 1499 1515 redactam

137 1536 227 1596 noluit,
247 1537 292 1586 sed
310 1538 392 1600 petius
411 1536 444 1586 ad
460 1539 500 1600 jus
518 1537 666 1599 provocavit.
704 1534 796 1584 Verum
822 1535 929 1593 accidit,
954 1544 982 1585 ut
1001 1537 1088 1586 eadem
1114 1535 1189 1591 hora,
1217 1549 1268 1600 qna
1285 1538 1374 1586 citatio
1392 1536 1428 1586 illi
1445 1537 1498 1585 iusi·

138 1608 243 1658 uuanda
261 1608 316 1669 init,
335 1609 547 1673 exstingueretur;
569 1614 597 1659 at
615 1607 770 1656 nihilominus
786 1611 827 1670 jue
846 1623 927 1656 meum
945 1607 1088 1657 inchoatum
1107 1614 1279 1671 prosecuturus
1297 1622 1363 1666 euru,
1386 1609 1498 1672 siquiden

137 1679 168 1730 lie
192 1682 246 1742 jam
264 1680 335 1743 quasi
354 1686 497 1729 contestata
516 1686 584 1739 erat,
612 1684 637 1728 et
661 1680 726 1727 actio
754 1694 802 1727 non
821 1678 895 1742 plane
920 1680 1071 1741 personalis,
1100 1679 1239 1729 sedetiam
1263 1679 1340 1728 realis
1367 1681 1399 1729 ob
1418 1681 1497 1730 librun

137 1751 270 1806 famosum,
288 1752 330 1815 qni
348 1757 466 1814 perpetuo
486 1751 539 1801 loco
559 1753 597 1801 sui
616 1752 723 1800 auctoris
742 1750 856 1814 loquitur,
875 1758 904 1799 ut
923 1758 948 1800 et
966 1766 1006 1801 me
1025 1758 1050 1799 et
1069 1766 1137 1800 meus
1157 1764 1173 1800 a
1192 1751 1323 1800 calumniis
1342 1752 1432 1816 quibus
1449 1765 1519 1818 sca!

138 1828 176 1872 tet
202 1822 311 1888 legitime
332 1822 469 1880 vindicem,
498 1826 592 1886 etjam
621 1836 638 1871 a
657 1821 765 1871 Caesare
785 1821 821 1871 lli.
843 1821 875 1870 D.
895 1823 1087 1887 archiepiscopo
1115 1823 1270 1872 commissum
1290 1829 1345 1879 est,
1375 1830 1405 1872 ut
1423 1823 1498 1872 omnis

138 1895 301 1958 exemplaria,
321 1908 385 1959 qnae
403 1894 443 1943 hic
463 1895 630 1958 reperiuntur,
649 1895 778 1957 conquirat
804 1900 829 1943 et
846 1895 898 1958 igni
916 1894 981 1943 tradi
1003 1895 1083 1944 iaciat
1106 1900 1180 1958 atque
1205 1895 1390 1959 typographum
1409 1897 1497 1959 puniat

140 1966 276 2017 Decretum
296 1967 371 2017 edam
391 1965 423 2014 D.
444 1965 607 2016 Corraducius
626 1980 642 2014 a
661 1964 770 2014 Caesare
788 1965 993 2031 promulgandum
1012 1967 1150 2030 pollicitus,
1170 1971 1199 2015 ut
1215 1980 1260 2028 per
1278 1974 1360 2015 totum
1377 1968 1498 2030 imperium

116 2059 119 2063 ¹
140 2037 202 2088 liber
219 2039 267 2087 iste
286 2037 428 2087 annulletur
447 2043 472 2087 et
490 2045 610 2101 tauquam
629 2037 737 2087 iamcsus
757 2044 783 2085 et
801 2038 908 2086 scurrilis
921 2039 1003 2086 irritus
1016 2038 1140 2087 reddatur.
1178 2037 1232 2102 Ego
1245 2053 1302 2087 rero
1319 2044 1412 2101 postea
1428 2046 1498 2087 totuu

140 2108 206 2158 huuc
225 2123 366 2173 processum
384 2111 435 2158 und
455 2124 510 2158 cum
530 2109 751 2159 commissariorum
771 2111 897 2158 sententia
916 2114 942 2158 et
961 2109 1033 2159 Caes.
1054 2109 1196 2172 Maiestatis
1216 2109 1315 2158 decretu
1339 2111 1365 2159 in
1384 2110 1498 2173 publicuu

117 2224 119 2226 ,
141 2179 214 2231 edere
234 2181 350 2231 constitui
368 2178 451 2230 libabo
471 2181 578 2244 quodam
596 2180 730 2244 peculiari,
757 2182 798 2243 qui
818 2180 849 2229 ad
869 2181 1018 2230 mediocrem
1037 2187 1164 2230 excrescet
1187 2180 1397 2243 magnitudinem.
1436 2180 1499 2240 Quod

140 2257 166 2302 et
192 2267 222 2303 ex
246 2267 369 2302 consensu
394 2251 586 2302 clementissimo
606 2251 722 2301 Caesaris
746 2258 772 2300 et
796 2253 973 2314 approbatione
992 2253 1025 2302 D.
1046 2252 1187 2302 Corraducii
1216 2252 1275 2300 mihi
1297 2254 1353 2314 jam
1377 2258 1498 2316 perspecta

139 2323 193 2373 Dec
211 2323 309 2374 volente
328 2324 439 2373 (acturus
457 2338 512 2372 sum
539 2330 612 2387 atque
632 2325 658 2371 in
677 2322 757 2372 altera
775 2325 829 2385 ejus
847 2331 918 2385 parte
938 2324 970 2373 ad
989 2339 1037 2380 ea,
1067 2338 1131 2388 quae
1153 2323 1335 2373 mathematica
1353 2332 1414 2373 snut
1433 2330 1497 2388 atque

139 2393 289 2458 hypotheses
308 2400 475 2452 concernunt,
495 2408 667 2458 responsurus,
694 2407 770 2458 qnare
788 2401 845 2443 tuas
864 2410 959 2459 quoque
979 2397 1010 2446 de
1028 2397 1065 2445 bis
1085 2397 1259 2458 conceptiones
1276 2401 1377 2444 mature
1397 2396 1497 2444 obtinere

139 2479 252 2523 averem
272 2472 331 2522 aut,
358 2467 378 2515 si
396 2480 471 2530 quarn
491 2466 608 2516 citissime
628 2462 676 2527 (uti
695 2462 777 2530 spero)
797 2468 944 2524 accesseris,
968 2468 1059 2531 poterit
1077 2467 1102 2517 id
1120 2467 1211 2516 differri
1229 2467 1254 2515 in
1272 2473 1344 2516 tuum
1364 2467 1497 2516 adrautnu.

210 2588 282 2641 Haec
300 2589 386 2653 Tychu
404 2590 513 2654 Keplerc
540 2591 681 2654 perscripsit
704 2591 774 2655 quasi
799 2591 847 2639 fido
876 2591 955 2640 amico
984 2597 1009 2641 et
1028 2597 1175 2655 exspectaus
1197 2603 1253 2639 eum
1281 2592 1306 2640 in
1335 2592 1498 2641 astronomicis

138 2661 284 2725 adiutorem.
322 2662 415 2712 Eodem
434 2668 518 2712 auteur
538 2662 578 2712 die
595 2662 755 2712 Monachium
775 2662 807 2710 ad
825 2662 1016 2713 Hervartum
1033 2662 1079 2712 has
1098 2662 1167 2712 dedit
1183 2661 1277 2712 literas.

174 2761 177 2767 ·
211 2787 218 2801 .
239 2786 245 2799 .
266 2786 273 2800 .
292 2751 350 2800 Fuit
367 2751 434 2814 apud
451 2767 492 2801 me
511 2751 650 2801 Benaticae
669 2766 725 2801 rere
744 2752 878 2814 praeterito
897 2750 931 2800 M.
952 2750 976 2800 J.
997 2750 1136 2814 Keplerus,
1164 2751 1268 2816 insignis
1291 2751 1359 2814 apud
1380 2750 1496 2816 Styriaccs

121 2815 346 2879 “mathemau'cum
375 2837 430 2872 cum
449 2838 496 2887 quc
521 2823 565 2872 tibi
590 2824 667 2872 etiem
691 2838 734 2886 per
756 2823 841 2889 litepas
864 2822 1059 2872 familiaritatem
1084 2822 1236 2872 intercedere
1265 2822 1371 2886 abipso
1395 2825 1496 2888 cognori.

136 2893 234 2946 Retulit
251 2909 308 2943 vero
327 2895 392 2943 inter
411 2894 469 2951 alia,
489 2910 516 2944 se
535 2895 667 2959 aliquando
687 2893 807 2944 nonnulla
824 2895 868 2943 tibi
886 2895 1012 2956 scripsisse
1026 2893 1062 2943 *de
1080 2893 1255 2957 hypothesibus
1280 2896 1344 2944 meis
1361 2896 1388 2943 in
1409 2901 1495 2944 contru-

136 2967 240 3017 rarsiam
260 2967 369 3023 vocatis,
396 2972 471 3030 etque
490 2967 554 3030 quod
573 2979 620 3016 eae
639 2966 729 3015 necin
750 2964 885 3029 Copernicc
904 2979 951 3014 nec
971 2965 1103 3028 Apollonio
1121 2964 1248 3029 Pergaec,
1275 2971 1304 3013 ut
1322 2965 1425 3029 quidam
1444 2964 1497 3028 (jan

138 3044 198 3088 aute
217 3034 251 3085 14
270 3038 323 3086 dies
340 3034 463 3097 mortuus)
481 3036 632 3101 praetendit,
652 3038 827 3097 invenirentur,
846 3036 992 3091 ostendisse,
1023 3043 1097 3100 atque
1117 3038 1191 3086 certis
1208 3036 1306 3086 iudiciis
1325 3053 1378 3086 non
1396 3037 1496 3092 aiterim

137 3109 182 3159 sed
200 3121 270 3158 meas
288 3122 343 3158 esse
362 3108 500 3172 collegisse.
538 3107 610 3172 Rogo
628 3110 713 3172 itaque
731 3115 897 3172 peramanter,
916 3108 976 3158 veiis
996 3121 1039 3156 eas
1052 3108 1155 3171 Kepleri
1172 3107 1257 3157 literas
1275 3123 1374 3158 mecum
1394 3109 1495 3173 alunn-

138 3181 215 3244 tisper
234 3180 432 3236 communicare,
457 3186 502 3228 aut
519 3181 609 3229 saltem
628 3193 660 3228 ea
677 3180 766 3236 verba,
792 3192 856 3243 quae
875 3179 922 3228 hoc
939 3181 1067 3244 negotium
1086 3185 1251 3235 concernunt,
1276 3180 1335 3229 inde
1354 3187 1496 3230 mansurnis

140 3258 166 3302 et
184 3257 243 3300 tuae
267 3264 356 3299 manus
375 3251 553 3314 subscriptione
580 3252 605 3299 in
629 3252 742 3300 veritatis
766 3252 932 3300 testimouium
960 3251 1086 3300 ratificata
1110 3252 1287 3300 transmittere.
1326 3252 1427 3302 Feceris
1448 3251 1495 3300 mihi

139 3324 175 3372 sic
193 3337 246 3372 rem
265 3322 376 3386 apprime
394 3328 506 3386 gratam
534 3323 653 3373 incumbit
671 3324 737 3372 enim
756 3336 823 3372 nunc
842 3322 956 3387 aliqualis
974 3323 1125 3378 necessitas,
1151 3338 1195 3373 cur
1212 3324 1248 3372 sic
1266 3323 1321 3372 iieri
1341 3337 1456 3379 arerem,
1472 3322 1496 3371 de

138 3407 189 3459 qua
206 3393 269 3443 aliis
287 3393 407 3443 rescisces
427 3392 472 3443 ac.

213 3518 252 3567 Ad
270 3517 316 3567 has
335 3516 459 3580 Tychouis
478 3520 636 3583 quaestiones
654 3533 717 3583 quae
736 3517 889 3582 responderit
907 3518 1050 3568 Herwartus
1069 3519 1206 3573 nescimus,
1225 3516 1310 3579 Tycho
1329 3533 1387 3568 raro
1406 3533 1494 3583 respon·

141 3590 211 3640 sicne
229 3589 293 3639 iurte
311 3589 445 3645 Herwarti,
461 3604 510 3639 uec
528 3606 578 3639 ncn
597 3590 653 3640 aliis
672 3591 702 3640 de
720 3590 822 3653 Kepleri
842 3591 917 3639 animi
936 3591 1079 3639 sinceritate
1098 3589 1244 3638 testimoniis
1263 3589 1377 3649 edoctus,
1396 3590 1495 3640 illunis

140 3662 276 3712 amicitiam
293 3663 404 3726 recepit;
431 3676 480 3725 qna
501 3663 598 3711 ratione
622 3662 820 3711 observationum
845 3675 945 3711 suarum
970 3663 1062 3711 socium
1088 3661 1192 3726 elegerit
1208 3660 1360 3723 Kepleruru,
1388 3677 1436 3712 nec
1456 3675 1496 3711 ucn
1522 3714 1526 3721 ¹

142 3740 281 3797 compotem
301 3733 388 3783 iecerit
407 3748 480 3797 opum
499 3735 719 3784 astronomicarum
738 3733 796 3783 inde
815 3747 831 3782 a
849 3733 932 3782 multis
951 3734 1024 3782 annis
1043 3732 1217 3792 collectarum,
1243 3731 1307 3782 haec
1326 3733 1377 3783 alio
1396 3734 1450 3784 ioco
1466 3746 1495 3782 re·

140 3805 267 3856 mouenda
284 3812 349 3854 sunt.

210 3876 314 3926 Interim
332 3876 469 3940 Keplerns,
494 3883 524 3924 ut
547 3883 709 3926 consueverat
734 3877 759 3924 in
783 3876 854 3924 rebus
878 3876 969 3932 dubiis,
997 3881 1183 3939 praeceptorem
1209 3875 1271 3925 adiit
1289 3873 1496 3928 Maesulinnu.

141 3947 271 3997 consilium
289 3947 354 3996 illiue
373 3948 418 3996 sibi
437 3954 569 4012 expetens,
594 3948 653 4013 quid
671 3947 813 3997 iaciendum
832 3948 909 3997 sitin
928 3948 1029 4003 iiiare,
1054 3961 1118 4011 quae
1138 3946 1280 4010 Tychonem
1298 3954 1434 4011 tantopere
1451 3947 1495 4013 agi·

143 4018 223 4067 tabat.
261 4017 421 4078 Maestiinus,
447 4024 505 4068 ante
525 4027 655 4083 acceptam
674 4019 803 4082 epistolam
828 4019 895 4068 iilam
915 4020 1096 4069 excusatoriam
1115 4015 1182 4079 (ride
1199 4033 1274 4081 supra
1291 4034 1315 4082 p.
1337 4016 1418 4081 220),
1443 4019 1496 4069 ass

142 4088 269 4152 respondit
287 4089 320 4139 ad
337 4090 429 4153 priores
449 4089 551 4153 Kepleri
569 4091 662 4146 literas,
680 4092 815 4154 respiciens
834 4091 956 4154 Tychonis
976 4091 1008 4139 ad
1026 4091 1106 4153 ipsum
1125 4091 1215 4139 datas:

214 4178 313 4226 Auob.
333 4177 364 4227 D.
385 4177 503 4241 Tychone
522 4177 605 4228 Bralre
627 4178 712 4229 literas
736 4182 835 4244 accepi,
861 4180 947 4245 quibus
971 4193 1041 4229 suam
1066 4180 1217 4229 sententiam
1240 4179 1365 4230 mordicus
1386 4179 1496 4231 defendit

130 4248 328 4299 -Humauissime
347 4249 380 4299 ad
397 4265 437 4299 me
456 4251 562 4314 scripsit,
581 4263 685 4315 quarum
705 4253 788 4314 copias
806 4254 935 4309 misissem,
955 4252 999 4301 sed
1018 4251 1170 4301 describendi
1188 4256 1286 4313 tempus
1304 4265 1356 4300 non
1368 4253 1424 4301 iuit.
1456 4247 1496 4300 Sed

143 4321 223 4385 prims
234 4334 330 4385 quaque
342 4322 472 4371 occasione
485 4322 595 4384 proxima
606 4323 712 4372 mittam.
743 4323 773 4372 In
785 4325 814 4372 iis
826 4330 884 4373 suut
893 4340 942 4372 non
954 4337 1037 4387 pauca
1049 4329 1137 4371 notatu
1149 4336 1199 4371 uon
1212 4322 1322 4387 indigna.
1356 4320 1498 4373 Verumetsi

142 4406 175 4443 ea
191 4407 241 4441 nou
258 4406 346 4456 parum
364 4407 404 4442 me
422 4399 546 4450 moveant,
565 4395 686 4456 proportio
705 4401 790 4444 tamen
803 4402 848 4444 tua
860 4411 987 4459 corporum
1000 4394 1142 4444 coelestium
1161 4408 1216 4443 cnm
1228 4395 1337 4458 quinqua
1353 4395 1499 4460 regularibus

142 4465 333 4528 corporibusme
345 4464 514 4528 multomagis
527 4471 616 4515 moret.
653 4465 754 4516 Addidit
776 4469 852 4516 etiam
866 4469 949 4530 copias
965 4473 1063 4515 tuarum
1073 4466 1105 4515 ad
1117 4467 1196 4528 ipsum
1208 4467 1357 4528 scriptarum
1378 4466 1499 4517 literarun

143 4541 169 4585 et
180 4536 218 4585 sui
231 4535 264 4586 ad
276 4541 302 4585 te
314 4536 433 4600 responsi,
450 4550 497 4600 quo
511 4537 586 4586 etism
599 4552 648 4586 non
660 4551 743 4600 pauca
760 4544 848 4587 notatu
867 4539 1011 4604 dignissima
1023 4542 1090 4586 snut.
1126 4535 1209 4597 Porro,
1231 4537 1296 4601 quod
1307 4539 1445 4600 praeterire
1457 4551 1499 4588 nor

143 4619 249 4671 possum,
263 4607 294 4657 de
307 4606 370 4657 Urso
382 4605 424 4656 illc
437 4621 503 4671 quae
514 4608 605 4657 scribit
643 4608 758 4675 intelligo
771 4608 861 4660 Ursum
874 4611 948 4660 istum
965 4609 1054 4659 librum
1066 4607 1198 4673 quendam,
1219 4622 1266 4672 quo
1279 4611 1414 4658 teterrimis
1427 4623 1500 4660 scum·

143 4678 217 4726 matis
230 4677 372 4740 Tychonem
385 4679 529 4732 insectatur,
550 4679 664 4736 edidisse,
688 4681 726 4728 cui
740 4681 870 4744 epistolam
883 4681 991 4745 aliquam
1008 4687 1078 4729 tuam
1090 4679 1210 4744 praedixit.
1235 4681 1260 4728 in
1274 4694 1324 4743 qua
1336 4681 1501 4744 praeclarini·

143 4749 190 4798 mis
212 4747 298 4814 elogiis
319 4750 399 4814 ipsum
420 4764 500 4800 ornes.
538 4751 631 4801 Verum
652 4766 699 4818 ego
714 4752 806 4803 librum
827 4753 896 4802 iilum
909 4752 1027 4808 nonridi,
1049 4765 1096 4801 nec
1109 4753 1185 4801 etiam
1197 4751 1273 4800 talem
1297 4759 1359 4802 ate
1375 4752 1520 4817 epistolam·

142 4820 557 4888 scriptameasacredereposeum.
594 4822 666 4875 Nosti
679 4824 754 4885 enim,
771 4825 998 4891 quoduamdeisto
1011 4823 1109 4874 homine
1122 4824 1248 4877 sirmeum
1261 4822 1393 4887 iudicium
1433 4822 1503 4887 Qua
