3278 5542
587 342 670 410 capus
687 344 779 396 xxm.
1296 340 1358 409 185

154 502 256 586 Caput
278 512 378 568 autem
402 504 433 567 in
458 504 573 580 libram,
600 513 632 566 et
654 506 780 567 caudam
804 506 833 567 in
857 505 981 568 arietem
1005 506 1112 581 refero,
1137 516 1171 568 ut
1193 505 1235 569 sit
1257 506 1287 568 iu
1310 526 1363 567 ra-

108 595 195 658 sitn
218 613 285 657 curu
306 595 412 666 Luna,
439 594 558 674 'absque
591 594 696 674 eclipsi
724 603 846 668 tamen,
879 603 912 656 et
938 604 972 657 ut
995 595 1083 658 Luna
1110 595 1152 657 sit
1180 595 1210 656 in
1234 595 1364 657 maximo

121 684 226 748 boreo.
271 683 340 745 Erit
366 683 458 764 igitur
481 683 576 750 Terra
604 683 716 745 oculari
748 683 838 745 etiam
871 685 971 765 positu
1005 685 1105 745 media
1137 682 1216 746 iuter
1248 684 1364 758 stellas,

108 773 188 838 orbis
213 773 278 852 ejus
301 772 379 835 inter
403 773 491 835 orbes
513 772 643 837 medium
667 772 763 835 locum
787 783 870 835 certo
892 773 950 836 Dei
974 773 1099 836 consilio
1123 772 1266 846 obtinuit,
1297 772 1366 854 quia

125 871 251 943 propter
272 861 430 925 hominem.
478 859 565 933 Quod
589 861 615 923 si
639 859 744 924 Solem
768 862 859 924 etiarn
888 861 935 924 hic
961 862 990 924 in
1014 861 1051 940 Υ
1073 863 1171 935 loces,
1206 861 1265 924 erit
1290 858 1312 940 ii
1335 861 1365 924 iu

108 951 218 1024 llio
234 965 277 1025 m,
302 959 334 1024 et
356 951 472 1031 reliqua
494 951 642 1012 similiter.
677 949 820 1013 Sumeudi
844 960 943 1015 autem
967 960 1067 1014 motus
1090 950 1192 1025 medii,
1217 970 1286 1033 uam
1310 951 1366 1014 hos

108 1039 204 1119 ncipio
228 1058 333 1102 cursus
356 1059 444 1101 veros
468 1058 535 1102 esse
562 1040 711 1109 convenit,
735 1058 840 1120 nempe
860 1041 898 1104 ab
914 1040 1078 1104 absidibus.
1095 1039 1123 1114 d)
1155 1040 1241 1102 Haec
1264 1040 1367 1121 palma

108 1129 157 1191 dio
180 1129 291 1209 posita,
316 1149 404 1209 quam
428 1135 483 1191 aut
504 1129 631 1191 similem
654 1128 680 1191 si
704 1129 770 1208 quis
794 1138 848 1191 aut
871 1150 909 1193 ex
933 1130 1047 1192 calculo
1072 1137 1125 1192 aut
1148 1149 1186 1191 ex
1208 1136 1367 1192 restaura·

112 1218 317 1281 astronomiae
338 1219 466 1300 adeptus
482 1218 582 1292 luerit,
606 1219 632 1280 is
651 1217 792 1300 Phyllida
816 1219 898 1281 solus
923 1218 1057 1282 habebit.
1103 1219 1189 1281 Haec
1213 1219 1250 1280 de
1274 1218 1369 1280 initio.

108 1307 199 1370 linem
228 1308 322 1371 motui
350 1307 461 1369 nullum
490 1326 557 1370 curu
585 1306 703 1369 ratione
736 1308 851 1381 statui,
885 1309 1055 1388 nullumque
1089 1307 1153 1370 fors
1181 1308 1369 1370 Platonicum

108 1414 118 1457 r
141 1415 179 1458 ex
196 1397 351 1475 postulato
365 1415 423 1458 uno
437 1396 582 1476 probabo.
598 1399 626 1469 ⁹)
659 1396 758 1460 Detur
776 1416 903 1478 namque
928 1395 1185 1460 ecceutricitatem
1209 1415 1278 1458 esse
1303 1416 1369 1458 cum

108 1486 133 1547 in
156 1487 348 1570 proportione
371 1484 526 1559 rationali,
551 1493 640 1546 erunt
662 1484 754 1565 igitur
777 1486 890 1549 orbium
914 1487 991 1548 radii
1013 1485 1142 1548 invicem
1166 1485 1368 1558 irrationales,
1443 1481 1445 1485 '

108 1573 212 1637 nabent
235 1594 268 1635 se
291 1582 325 1636 ut
346 1573 483 1653 inscripti
507 1582 538 1635 et
559 1574 776 1655 circumscripti
795 1575 978 1655 corporibus,
1003 1575 1052 1655 qni
1076 1574 1268 1638 irrationales
1288 1580 1368 1648 sunt,

108 1671 265 1743 sequuntur
288 1683 325 1723 ex
347 1662 466 1724 ratione
490 1661 652 1725 subtensae
675 1662 705 1724 iu
730 1665 888 1745 quadrato,
913 1671 945 1727 et
968 1664 1111 1727 sectionis
1127 1664 1290 1726 secuudum
1313 1682 1370 1725 ex-

107 1772 136 1814 ru
160 1761 192 1814 et
215 1752 346 1815 mediam
369 1751 532 1827 rationem,
560 1770 635 1833 quae
660 1751 716 1814 duo
741 1760 812 1815 sunt
834 1754 974 1834 exempla
996 1753 1217 1816 irrationalium
1240 1752 1270 1814 in
1294 1770 1369 1832 geo-

108 1862 129 1904 ι.
162 1842 234 1903 Jam
257 1849 358 1903 autem
380 1848 480 1903 motus
503 1860 570 1903 cum
594 1840 687 1903 radiis
707 1842 737 1903 in
751 1842 942 1923 proportione
958 1850 1049 1917 sunt;
1072 1860 1143 1921 ergo
1167 1849 1267 1903 motus
1290 1840 1371 1905 iuter

108 1930 267 2001 ationales,
292 1938 324 1993 et
346 1930 390 1992 sic
412 1929 563 2011 nunquam
587 1930 627 1991 ad
648 1929 727 1992 idem
751 1931 891 1994 redibunt
912 1930 1044 2006 initium,
1070 1932 1128 1993 etsi
1154 1932 1298 1993 durarent
1320 1931 1369 1993 in·

126 2019 259 2083 seculis:
291 2019 362 2100 quia
384 2038 548 2099 nunqnam,
576 2038 612 2081 ue
636 2018 666 2081 in
689 2020 806 2082 infinita
829 2019 947 2101 quidem
969 2018 1103 2083 sectione
1127 2018 1287 2100 temporis,
1316 2038 1370 2082 oc-

108 2115 145 2172 'et
166 2108 332 2171 communis
347 2127 495 2183 mensura,
520 2127 579 2188 qua
598 2108 718 2188 saepius
740 2110 871 2190 repetita
893 2118 1026 2172 motuum
1049 2108 1178 2171 omnium
1202 2128 1278 2170 unus
1303 2116 1369 2171 ter·

108 2219 121 2273 t
144 2205 177 2262 et
199 2207 281 2260 meta
304 2197 375 2260 anni
390 2197 539 2260 Platonici
565 2198 778 2262 constituatur.
812 2199 854 2260 Et
873 2197 938 2278 jam
962 2199 1009 2260 vel
1035 2198 1156 2260 tandem
1179 2217 1247 2260 cum
1270 2196 1372 2259 divino

108 2287 179 2351 mico
212 2287 288 2350 libet
320 2287 509 2349 exclamare:
550 2286 669 2361 ,Tanta
701 2288 839 2350 nimirum
872 2288 975 2350 diviua
1007 2287 1082 2349 haec
1112 2295 1162 2349 est
1189 2285 1262 2366 Opt.
1286 2287 1371 2348 Max.

108 2378 168 2451 a;“
194 2385 226 2438 et
241 2396 308 2438 cum
320 2375 437 2437 Plinio:
465 2373 580 2450 „Sacer
599 2383 647 2437 est
671 2375 830 2449 (mundus)
855 2376 1025 2443 immensus.
1050 2382 1133 2438 totns
1157 2375 1187 2437 iu
1212 2383 1288 2451 toto,
1312 2375 1372 2437 imo

109 2464 173 2547 ipse
198 2474 310 2536 toturn,
333 2465 434 2527 finitus
459 2472 489 2525 et
512 2464 626 2526 infinito
650 2465 787 2528 similis.“

108 2554 147 2617 Tu
170 2574 261 2628 nnnc,
291 2554 385 2615 amice
409 2553 535 2627 Lector,
565 2554 653 2615 finem
677 2553 807 2616 omnium
830 2555 934 2617 horum
957 2573 995 2614 ne
1024 2553 1221 2629 obliviscare,
1250 2549 1300 2632 qui
1329 2557 1377 2611 est

108 2643 161 2719 tio,
192 2642 352 2705 admiratio
381 2650 413 2704 et
440 2641 595 2704 veneratio
620 2642 844 2722 Sapientissimi
869 2641 1002 2722 Opificis.
1050 2642 1134 2705 Nihil
1163 2641 1241 2702 enim
1265 2648 1314 2702 est
1337 2639 1376 2700 ab

108 2732 172 2794 tad
196 2741 341 2807 mentem,
366 2753 385 2792 a
407 2730 474 2792 visu
499 2731 538 2793 ad
561 2732 858 2811 contemplationem,
885 2753 903 2793 a
926 2751 1013 2794 cursu
1039 2730 1218 2813 aspectabili
1242 2728 1281 2791 ad
1303 2747 1375 2810 pro-

108 2820 224 2885 ssimum
249 2819 404 2884 Creatoris
428 2819 585 2882 consilium
608 2821 813 2899 processisse:
843 2822 869 2884 si
892 2819 940 2882 hic
965 2820 1118 2900 quiescere
1141 2820 1234 2894 velis,
1263 2824 1296 2879 et
1318 2835 1376 2879 non

110 2919 211 2991 mpetu
239 2918 363 2990 totaque
391 2909 482 2974 animi
507 2909 667 2970 devotione
693 2929 809 2973 sursum
832 2910 860 2971 iu
887 2908 1042 2973 Creatoris
1066 2908 1221 2982 notitiam,
1247 2924 1378 2969 amorem

108 3016 185 3080 nque
210 3000 344 3063 efferare.
383 2996 485 3070 Quare
508 3006 595 3060 casta
614 3006 714 3059 mente
739 3007 770 3060 et
793 3007 881 3078 grato
907 3000 1005 3060 animo
1029 3017 1141 3060 mecum
1165 2994 1379 3077 perfectissimi

108 3088 317 3152 sArchitecto
342 3095 515 3169 sequentem
539 3087 680 3169 hymnum
704 3088 817 3150 accius.

274 3265 354 3325 Jove
376 3261 470 3326 Sator
493 3263 613 3337 Mundi,
638 3271 830 3344 nostrumque
856 3274 980 3328 aeterna
1002 3272 1157 3342 potestas,

232 3352 356 3424 Quanta
379 3360 431 3414 tua
455 3360 503 3414 est
527 3372 643 3415 omnem
668 3353 828 3415 Terrarum
854 3356 935 3416 fama
957 3373 1012 3434 per
1035 3353 1161 3415 orbern?

234 3440 341 3505 Gloria
365 3448 478 3523 quanta
501 3449 554 3503 tna
578 3443 650 3503 est?
688 3441 774 3505 Coeli
797 3461 873 3521 quae
898 3442 995 3505 didita
1018 3461 1109 3522 supra

234 3530 356 3593 Moenia
379 3531 533 3592 concussis
556 3530 640 3591 volat
664 3531 850 3594 admirabilis
874 3531 941 3593 alis.

234 3619 387 3700 Agnoscit
409 3637 482 3698 puer
505 3627 536 3680 et
560 3627 663 3700 spreto
687 3629 773 3682 satur
794 3620 885 3682 ubere
909 3620 1007 3681 balbis

233 3711 275 3770 Te
300 3709 434 3770 dictante
459 3708 549 3770 struit
572 3708 674 3770 valida
697 3716 875 3788 argumenta
898 3709 1038 3770 labellis:

232 3799 435 3879 Argumenta,
461 3796 567 3876 quibus
590 3797 722 3860 tumidus
746 3796 937 3859 confunditur
952 3796 1057 3866 ¹hostis

234 3885 469 3965 Contemtorque
492 3885 550 3960 tui,
576 3893 607 3947 et
630 3894 796 3948 contemtor
815 3886 891 3966 juris
917 3893 948 3947 et
972 3882 1079 3964 aequi:

232 3977 294 4037 Ast
317 3992 387 4053 ego,
413 3992 470 4053 quo
494 3975 614 4035 credam
634 3975 773 4054 spatioso
796 3975 913 4037 Numen
938 3974 966 4035 iu
991 3973 1081 4045 orbe,

234 4062 405 4142 Suspiciam
429 4063 578 4124 attonitus
602 4064 682 4125 vasti
707 4063 860 4127 molimina
884 4063 975 4135 coeli,

232 4151 338 4232 Magni
362 4170 437 4230 opus
460 4150 611 4225 Artificis,
635 4151 755 4214 validae
780 4152 925 4214 miracula
949 4152 1095 4223 dextrae;

235 4239 373 4322 Quinque
397 4240 440 4300 uti
465 4239 600 4301 sidereos
623 4241 735 4302 normis
759 4239 934 4302 distinxeris
959 4241 1063 4311 orbes,

235 4328 320 4400 Quos
343 4329 424 4390 intra
446 4328 564 4390 medius
589 4329 720 4409 lucisque
745 4329 920 4408 animaeque
945 4328 1082 4390 minister

236 4417 305 4488 Qua
328 4418 394 4496 lege
418 4416 533 4477 aeterni
557 4436 661 4479 cursus
685 4418 855 4479 moderetur
878 4416 1028 4488 habenas,

234 4505 320 4577 Quas
345 4506 448 4584 capiat
471 4505 591 4567 variata
614 4505 711 4579 vices,
738 4524 812 4585 quos
836 4505 922 4567 Luna
945 4504 1082 4578 labores,
1109 4559 1112 4565 .

235 4594 394 4676 Sparseris
417 4594 561 4654 immenso
585 4613 674 4674 quam
698 4594 826 4674 plurima
849 4594 949 4655 sidera
972 4611 1089 4673 campo.

280 4726 413 4834 Maxime
437 4768 543 4832 Mundi
568 4769 694 4852 Opifex.
719 4789 778 4850 qua
802 4778 832 4832 te
855 4770 971 4833 ratione
996 4768 1097 4848 coegit

235 4859 369 4937 Parvus,
392 4859 493 4943 inops,
517 4858 653 4940 humilis,
677 4869 799 4946 tamque
823 4858 950 4942 exiguae
973 4857 1073 4923 incola
1094 4854 1203 4936 glebas
