3278 5542
143 360 208 426 324
408 429 412 438 ⁴
565 363 666 413 Literae
684 361 785 427 asprsrr
805 362 955 427 aliorumque
973 372 1075 411 mutuae

139 525 232 587 quisivi.
269 524 306 571 Tu
334 525 394 573 mels
421 523 553 586 quaesitis.
578 524 667 587 pergit.
696 523 802 571 maxima
829 538 859 571 er
888 528 957 585 parte
987 521 1145 575 satisfecistir
1177 520 1202 568 lu
1229 519 1356 571 nonnullis
1377 517 1480 584 qusedtrr

140 595 260 644 desidero.

213 665 289 728 Cupio
308 666 380 721 scire.
400 680 465 714 aune
485 664 590 714 molieris
610 665 789 712 restitutionem
811 663 913 713 Veneris
933 670 958 712 et
976 662 1107 722 Mercurii,
1126 667 1166 728 qui
1185 665 1288 714 maximi
1305 670 1366 713 sunt
1382 664 1482 710 mourut

140 740 163 785 in
184 735 335 800 astrologia?
355 751 397 784 cur
416 737 441 784 in
461 736 520 783 locis
541 735 728 784 australioribus
743 739 823 796 majus
843 736 918 799 frigus
938 734 1017 784 bieme
1037 742 1064 784 ut
1082 735 1211 799 plurimum
1230 737 1270 794 sit,
1290 748 1368 799 qum
1385 733 1410 783 iu
1427 731 1480 782 bitte

138 808 312 864 tractionibus,
342 822 385 855 cur
403 806 456 870 plus
476 807 524 854 illic
543 808 639 869 ningat.
666 820 740 869 quam
759 805 812 860 hic.
842 821 885 854 cur
903 803 1010 854 Nordost
1028 809 1126 870 gravius
1154 808 1231 873 frigus
1255 807 1284 856 iu
1302 805 1342 854 iris
1360 803 1481 869 regiouibu

141 879 259 934 adducat,
278 891 352 942 quam
372 878 465 927 Boreas
484 886 510 926 et
524 876 619 925 Eurus?
656 877 764 925 Genesin
782 878 886 938 junioris
899 876 1075 926 Dietriclrstein
1095 875 1154 938 (vid.
1173 893 1197 942 p.
1213 873 1277 934 313)
1297 877 1396 926 acriter
1411 874 1482 923 mortui

137 949 195 997 mihi
215 951 370 998 transmittas
389 964 489 1012 quaeso
528 948 593 1007 Quid
614 948 644 997 de
664 949 746 997 cauda
765 955 917 997 cometarum
941 949 1034 998 sentias
1053 952 1116 998 scire
1135 951 1216 1001 velim.
1236 962 1269 998 ιιι
1283 944 1481 998 insusurras

138 1022 274 1070 exuberans
293 1021 330 1069 rel
351 1021 417 1069 aliud
436 1018 510 1084 quid?

211 1091 250 1140 sd
269 1092 332 1140 haec
351 1099 377 1140 et
389 1093 511 1154 permulta
524 1090 582 1147 aha
602 1103 665 1154 quae
679 1090 805 1139 Fabrrcras
819 1099 907 1144 moret.
932 1091 1229 1154 respouditKeplerur
1247 1086 1325 1140 dial
1326 1087 1409 1138 Julri
1422 1082 1481 1142 1⁶⁰3·

138 1178 253 1212 necnon
272 1162 304 1210 ad
323 1163 386 1212 alias
400 1163 504 1211 Fabricii
522 1161 616 1216 literas,
636 1176 700 1225 quas
719 1161 826 1247 Pragam
845 1169 966 1211 venerant
983 1161 1040 1210 inde
1061 1158 1313 1212 ablutionibus
1332 1156 1481 1219 adlatur

141 1230 206 1281 1603
227 1231 340 1294 (nurnero
359 1249 402 1282 sex
422 1231 514 1293 eraut).

208 1305 379 1353 Fabricius
399 1304 517 1353 literisd.
539 1303 561 1351 d.
587 1301 624 1350 l8.
644 1301 705 1351 Nor.
728 1298 810 1358 160²,
839 1317 901 1366 quas
920 1299 1048 1366 supra(p.
1070 1299 1134 1363 312)
1153 1303 1272 1363 diunius,
1301 1299 1480 1351 addiditobrer·

137 1376 248 1424 vationes
267 1362 384 1424 Mercurii
404 1374 496 1439 (comp.
517 1373 657 1437 Optlcam),
689 1381 714 1422 ct
731 1375 756 1421 in
776 1375 923 1436 postscripto
943 1375 989 1422 rim
1015 1373 1087 1436 hujus
1106 1375 1223 1438 planetes
1249 1373 1425 1439 uholoffictrn
1439 1370 1481 1419 Ιιιι·

138 1448 208 1495 dibus
236 1447 400 1509 praedicarit,
428 1447 516 1496 deinde
544 1448 568 1494 in
596 1445 689 1494 ultimis
715 1442 751 1504 (d.
771 1444 794 1492 d.
822 1442 862 1492 17.
883 1443 944 1507 Mali
966 1441 1047 1503 1803)
1074 1446 1187 1511 querelas
1216 1444 1323 1496 amado
1347 1445 1380 1494 ob
1397 1441 1481 1506 Ksplerl

138 1518 270 1567 silentium.
308 1518 347 1566 ad
366 1518 428 1567 haec
449 1519 581 1580 respiciens
602 1518 638 1566 sic
660 1516 782 1566 exorditur
800 1515 937 1579 Keplerus:

740 1586 772 1647 S.
797 1587 832 1648 P.
856 1588 894 1647 D.

229 1678 299 1740 dam
321 1678 394 1738 haec
419 1687 507 1736 sexta
531 1676 601 1737 milri
618 1677 672 1737 aba
689 1687 729 1744 te,
750 1675 968 1755 jucundissime
984 1676 1113 1752 Fabrici,
1140 1677 1223 1737 venit
1240 1677 1385 1756 epistola,
1409 1691 1482 1754 quau

135 1769 224 1846 jussu
254 1765 426 1828 cancellarii
450 1766 643 1826 Abrahamus
669 1776 770 1826 vester
802 1766 839 1825 ad
865 1783 911 1824 me
935 1766 963 1825 in
989 1765 1079 1826 aedes
1106 1784 1188 1828 meas
1212 1765 1324 1827 detulit
1351 1783 1406 1845 per
1425 1763 1481 1844 pla·

139 1868 258 1917 tearum
284 1855 525 1933 longissimarum
549 1854 727 1933 profundum
753 1854 855 1915 lutum.

229 1946 329 2005 iustas
355 1944 382 2004 iu
407 1944 464 2003 fine
489 1944 524 2003 de
550 1943 623 2003 meis
640 1941 767 2021 Opticis.
814 1940 881 2012 Quo
906 1943 1002 2003 serius
1028 1943 1082 2005 tihi
1107 1942 1306 2015 satisfaciam,
1332 1951 1388 2004 tua
1405 1939 1484 2003 eflicit

140 2035 351 2113 importunitas
385 2043 416 2094 et
445 2032 602 2093 machinae
635 2032 663 2090 in
697 2032 896 2110 el'llagitaudo
930 2051 1084 2113 responso.
1132 2032 1229 2112 Igitur
1261 2032 1300 2092 ad
1336 2050 1389 2107 es,
1422 2048 1484 2110 quae

139 2122 288 2202 scripsisti
313 2120 343 2185 8.
369 2120 453 2194 (18.)
479 2123 555 2182 h'ov.
581 2121 686 2200 primo.

228 2212 349 2290 Aguum
374 2211 420 2271 lric
445 2211 521 2288 agis,
548 2211 590 2270 ita
614 2230 647 2269 es
671 2209 823 2269 innocens.
872 2208 979 2270 Placet
993 2208 1048 2270 tibi
1063 2208 1284 2270 demonstratio
1309 2215 1483 2288 aspectuum,

141 2301 343 2361 reductionem
369 2301 406 2360 ad
434 2297 602 2378 eclipticam
628 2299 787 2377 approbas,
814 2297 991 2359 divisionem
1016 2297 1254 2360 eccentricitatis
1278 2295 1363 2359 Solis
1385 2295 1484 2356 admit·

140 2391 193 2463 tis,
220 2390 384 2450 sanitatem
411 2407 570 2466 recuperas
595 2389 632 2447 ab
658 2387 842 2465 astrologica
862 2386 952 2460 febri,
979 2406 1032 2447 rreo
1048 2387 1206 2467 quicquam
1220 2385 1260 2448 ibi
1277 2386 1398 2461 scribis,
1421 2382 1485 2466 quod

140 2479 167 2539 in
194 2479 251 2538 hac
274 2497 306 2537 re
331 2497 387 2538 non
413 2477 520 2537 eximie
536 2477 667 2554 probem
716 2476 749 2536 Iu
770 2476 835 2536 sola
851 2475 1009 2536 latitudine
1028 2477 1137 2537 Martis
1153 2476 1271 2538 haeres
1320 2477 1367 2538 Ar
1386 2475 1487 2536 interes

141 2577 172 2627 et
195 2567 302 2646 scripsi
327 2567 364 2626 de
388 2584 426 2625 ea
449 2565 632 2626 sufficienter
655 2584 692 2625 ex
716 2564 772 2624 lide
797 2565 1040 2627 observationum
1066 2565 1225 2647 Tychonis.

228 2655 327 2716 Mittis
352 2654 593 2715 obserratiouern
618 2654 768 2715 Mercurii.
818 2652 944 2715 Gratias
969 2673 1037 2733 ago.
1079 2655 1169 2717 Petis
1198 2653 1409 2734 elongationes
1433 2651 1485 2711 Ve-

141 2745 238 2818 neris,
274 2744 425 2805 Mercurii
472 2744 540 2804 Non
575 2753 622 2802 est
655 2742 725 2802 mihi
759 2743 930 2820 expeditum
964 2743 1018 2804 hoc
1047 2743 1218 2821 negotium;
1252 2743 1341 2805 dabis
1371 2740 1485 2802 veniam

143 2834 244 2894 Multa
258 2834 408 2894 Mercurio
433 2831 560 2904 tr·ibuis;
586 2851 658 2892 sane
679 2840 711 2891 et
726 2850 792 2911 ego.
840 2832 1006 2912 Utrumque
1022 2832 1124 2894 docuit
1138 2831 1337 2913 experientia,
1362 2840 1394 2893 trr
1408 2829 1486 2890 etiae

144 2923 340 3000 atheologia
363 2921 442 3001 petis
467 2921 629 2994 rationem;
657 2920 720 2999 pie!
768 2923 811 2981 At
835 2920 925 2981 nolim
956 2922 1011 2982 hoc
1035 2921 1155 2983 axioma
1186 2921 1294 2983 leviter
1317 2919 1485 3000 prostituere

142 3012 170 3071 iu
196 3022 313 3083 natura,
339 3012 422 3089 cujus
446 3020 517 3070 suut
541 3010 673 3070 rationes
698 3009 790 3084 aliae,
825 3011 920 3071 solere
945 3010 1041 3071 Deum
1065 3030 1119 3090 per
1142 3009 1266 3072 minima
1289 3010 1410 3072 efficere
1430 3025 1484 3069 ms·

142 3100 232 3159 xima.
280 3098 409 3169 Quando
439 3098 516 3158 enim
549 3099 578 3159 in
603 3109 710 3158 natura
743 3099 805 3159 tale
829 3099 898 3179 quid
933 3100 1076 3176 occurrit,
1111 3099 1190 3178 ratio
1214 3098 1323 3160 subest
1357 3096 1390 3160 et
1411 3103 1484 3175 captu

143 3208 200 3247 uon
234 3187 366 3248 difficilis
395 3188 564 3248 admodum.
613 3187 659 3247 De
683 3187 875 3265 generalibus
899 3188 1000 3249 causis
1032 3189 1231 3250 mutationum
1255 3188 1337 3249 aeris
1361 3187 1421 3249 dixi
1441 3202 1482 3246 co·

142 3276 225 3354 pioso
250 3276 279 3336 iu
305 3277 378 3337 meis
403 3275 539 3337 thesibus
564 3276 695 3346 (Astrol.
723 3277 898 3349 Fundam),
935 3297 991 3338 non
1017 3297 1139 3358 possum
1173 3277 1301 3353 clarius,
1336 3295 1392 3339 uec
1414 3274 1482 3354 quic·

143 3385 233 3446 (pram
258 3365 377 3426 invenio
402 3366 527 3437 melius;
554 3365 602 3426 ubi
627 3374 658 3426 et
682 3366 717 3425 dc
735 3366 897 3445 eclipsibus
923 3375 954 3426 et
978 3367 1214 3431 revolutionibus
1230 3359 1482 3428 seutentiamdixi

231 3455 441 3534 sigismundus
463 3454 593 3515 Polonrrs
618 3463 708 3516 natus
733 3463 781 3515 est
804 3455 880 3515 Jove
905 3455 1086 3518 culmioante
1110 3455 1139 3518 in
1170 3453 1287 3530 1⁰2,
1312 3454 1402 3519 Luna
1421 3452 1483 3514 iuter

140 3540 160 3608 h
186 3553 217 3605 et
241 3552 265 3614 ό
289 3543 318 3604 irr
343 3544 457 3618 Leone,
484 3550 586 3604 stante
609 3542 638 3604 iu
656 3544 741 3606 Vlll.
767 3552 819 3604 aut
837 3543 909 3618 IX.;
938 3543 1010 3606 Sole
1034 3547 1063 3608 iu
1080 3559 1126 3611 ee.

231 3634 281 3694 Ad
307 3654 369 3704 eas,
395 3652 469 3712 ques
493 3630 641 3712 scripsisti
670 3629 718 3694 18.
744 3633 930 3695 Decembris.

210 3741 256 3789 His
276 3740 329 3789 adit
346 3741 469 3804 Keplerus
490 3739 627 3789 Commeat.
647 3738 737 3788 Martis
757 3736 848 3802 (comp
868 3740 915 3789 rol.
935 3737 1009 3801 111.).
1036 3742 1142 3805 indeque
1160 3740 1251 3790 hausit
1276 3739 1310 3789 ad
1328 3739 1375 3790 lits
1393 3734 1481 3788 Fabri·

142 3814 180 3860 cil
200 3813 417 3931 qll'liiteosmtibisnou
436 3883 546 3945 ignotum
566 3896 621 3930 esse
650 3881 780 3929 artificium
800 3880 1008 3946 Byrgianum,
1037 3883 1158 3934 condendl
1184 3881 1296 3932 tabulam
1314 3883 1411 3932 sinum
1425 3880 1481 3941 luxi*

140 3954 261 4001 rationem
274 3954 299 4000 iu
313 3954 490 4002 Fundameutis
503 3954 675 4002 Astronomiae
687 3952 799 4001 Raimari
813 3950 893 4014 (Ursi)
906 3955 1008 4004 obscure
1021 3955 1172 4012 indicatam·
1192 3967 1286 4019 quaeso
1304 3955 1379 4004 nureo
1390 3945 1481 4012 menidi

140 4031 248 4073 mentem
267 4024 425 4086 problematis
445 4023 504 4071 mihi
522 4024 669 4086 patefacias

230 4116 437 4193 Keplerus:
462 4115 567 4196 Byrgii
592 4115 749 4176 artificium
773 4125 846 4194 puto
870 4136 916 4177 me
940 4117 1075 4195 proxime
1091 4115 1242 4195 attigisse.
1291 4111 1399 4176 Scribe
1416 4111 1479 4172 rina

141 4205 324 4281 integrorum
348 4206 503 4282 graduum,
529 4205 576 4263 vel
601 4203 736 4264 hinorum
760 4206 807 4264 vel
833 4206 987 4278 trinorum,
1012 4206 1170 4284 interpone
1194 4204 1232 4265 ad
1254 4205 1335 4266 latus
1358 4201 1478 4264 differet·

141 4293 210 4365 tias,
236 4293 282 4352 his
307 4312 421 4354 rursum
446 4294 483 4352 ad
510 4294 589 4352 latus
613 4293 761 4354 secundas
787 4294 981 4368 differentias,
1009 4294 1051 4355 sic
1077 4294 1195 4369 tertias,
1220 4295 1362 4372 quartas,
1386 4302 1477 4370 quell-

141 4401 205 4461 que,
232 4390 266 4443 ut
287 4382 352 4442 fit
342 4402 373 4450 ru
398 4381 599 4459 Laushergio,
627 4389 765 4442 occurrat
788 4381 999 4461 inaequalitas
1047 4383 1121 4445 Inde
1144 4382 1321 4456 considera,
1356 4374 1477 4470 quidfisi

141 4490 207 4531 cum
231 4470 336 4549 primis
361 4478 392 4531 et
417 4471 556 4530 secundis
581 4469 778 4544 differentiis3
813 4471 891 4532 idem
917 4473 993 4532 euim
1028 4492 1094 4534 cum
1120 4471 1219 4533 tertiis
1242 4479 1275 4532 et
1298 4469 1412 4551 quartis
1431 4455 1476 4525 itii

141 4559 239 4621 dehet
288 4560 353 4620 Hoc
388 4559 580 4620 considerato
614 4560 745 4619 fortasse
770 4560 899 4641 Byrgius
931 4563 1050 4622 modum
1074 4562 1204 4642 aliquem
1227 4557 1425 4640 excogitavit,
1452 4563 1477 4610 0¹

138 4647 361 4727 quibuscunque
386 4647 517 4710 numeris
541 4647 711 4725 incipiendi.

209 4753 395 4802 Fabricius
424 4753 451 4802 Si
477 4753 535 4817 quid
560 4751 637 4801 habes
663 4761 750 4803 contra
782 4754 932 4820 astrologiae
958 4756 1135 4815 fundamenta,
1164 4756 1240 4805 libere
1258 4767 1353 4819 quaeso
1371 4755 1476 4818 propolil

137 4823 249 4887 inprimis
269 4839 302 4874 an
321 4825 595 4875 inclinationes'
588 4825 682 4889 rngenii
700 4825 750 4874 sint
778 4827 834 4875 ab
827 4840 883 4889 rpsa
901 4827 1029 4878 humorum
1047 4834 1139 4878 natura
1166 4832 1193 4877 st
1209 4825 1326 4893 ingenita
1342 4821 1476 4891 propat&

137 4895 174 4947 rel
194 4909 210 4944 a
227 4895 305 4947 stellis
324 4896 429 4964 desuper
446 4897 497 4946 ln
490 4911 556 4963 rpsos
573 4894 687 4948 humores
707 4894 799 4947 effusis.
837 4895 890 4963 Ego
903 4899 1008 4965 primum
1022 4897 1103 4949 credo.
1136 4897 1203 4962 qur
1220 4895 1254 4949 de
1271 4887 1477 4962 interrogatis
