<?xml version="1.0" encoding="UTF-8"?>
<!DOCTYPE html PUBLIC "-//W3C//DTD XHTML 1.0 Transitional//EN"
    "http://www.w3.org/TR/xhtml1/DTD/xhtml1-transitional.dtd">
<html xmlns="http://www.w3.org/1999/xhtml" xml:lang="en" lang="en">
 <head>
  <title>
</title>
<meta http-equiv="Content-Type" content="text/html;charset=utf-8" />
  <meta name='ocr-system' content='tesseract 3.04.00' />
  <meta name='ocr-capabilities' content='ocr_page ocr_carea ocr_par ocr_line ocrx_word'/>
</head>
<body>
  <div class='ocr_page' id='page_1' title='image "./joanniskepleria17frisgoog_0437.png"; bbox 0 0 3278 5542; ppageno 0'>
   <div class='ocr_carea' id='block_1_1' title="bbox 135 324 926 393">
    <p class='ocr_par' dir='ltr' id='par_1_1' title="bbox 135 324 926 393">
     <span class='ocr_line' id='line_1_1' title="bbox 135 324 926 393; baseline -0.003 -1"><span class='ocrx_word' id='word_1_1' title='bbox 135 325 201 393; x_wconf 72' lang='lat' dir='ltr'>stt</span> <span class='ocrx_word' id='word_1_2' title='bbox 704 324 805 377; x_wconf 61' lang='lat' dir='ltr'>Uim·</span> <span class='ocrx_word' id='word_1_3' title='bbox 823 324 926 390; x_wconf 72' lang='lat' dir='ltr'>Kopion</span> 
     </span>
    </p>
   </div>
   <div class='ocr_carea' id='block_1_2' title="bbox 27 483 1523 4829">
    <p class='ocr_par' dir='ltr' id='par_1_2' title="bbox 28 483 1523 649">
     <span class='ocr_line' id='line_1_2' title="bbox 36 483 1523 562; baseline -0.003 -15"><span class='ocrx_word' id='word_1_4' title='bbox 36 509 42 519; x_wconf 55' lang='lat'>⁴</span> <span class='ocrx_word' id='word_1_5' title='bbox 137 489 165 547; x_wconf 91' lang='lat' dir='ltr'>iu</span> <span class='ocrx_word' id='word_1_6' title='bbox 191 501 238 559; x_wconf 75' lang='lat' dir='ltr'>ee,</span> <span class='ocrx_word' id='word_1_7' title='bbox 268 494 337 546; x_wconf 91' lang='lat' dir='ltr'>eta</span> <span class='ocrx_word' id='word_1_8' title='bbox 360 495 407 549; x_wconf 48' lang='grc' dir='ltr'>Δ</span> <span class='ocrx_word' id='word_1_9' title='bbox 432 484 460 544; x_wconf 89' lang='grc'>10</span> <span class='ocrx_word' id='word_1_10' title='bbox 480 488 514 560; x_wconf 99' lang='lat'><strong><em>5</em></strong></span> <span class='ocrx_word' id='word_1_11' title='bbox 538 483 684 562; x_wconf 90' lang='lat' dir='ltr'>oppositis</span> <span class='ocrx_word' id='word_1_12' title='bbox 714 484 880 545; x_wconf 86' lang='lat' dir='ltr'>rationibus</span> <span class='ocrx_word' id='word_1_13' title='bbox 909 485 1045 545; x_wconf 89' lang='lat' dir='ltr'>defectus</span> <span class='ocrx_word' id='word_1_14' title='bbox 1071 485 1120 545; x_wconf 90' lang='lat' dir='ltr'>vel</span> <span class='ocrx_word' id='word_1_15' title='bbox 1143 502 1290 546; x_wconf 83' lang='lat' dir='ltr'>excessus</span> <span class='ocrx_word' id='word_1_16' title='bbox 1312 500 1477 561; x_wconf 86' lang='lat' dir='ltr'>compensa-</span> <span class='ocrx_word' id='word_1_17' title='bbox 1519 508 1523 559; x_wconf 64' lang='lat'>1</span> 
     </span>
     <span class='ocr_line' id='line_1_3' title="bbox 28 572 1304 649; baseline -0.004 -12"><span class='ocrx_word' id='word_1_18' title='bbox 28 633 32 639; x_wconf 84' lang='lat'>.</span> <span class='ocrx_word' id='word_1_19' title='bbox 136 584 193 649; x_wconf 90' lang='lat' dir='ltr'>tur,</span> <span class='ocrx_word' id='word_1_20' title='bbox 219 583 252 635; x_wconf 93' lang='lat' dir='ltr'>ut</span> <span class='ocrx_word' id='word_1_21' title='bbox 275 575 319 635; x_wconf 92' lang='lat' dir='ltr'>ita</span> <span class='ocrx_word' id='word_1_22' title='bbox 341 583 506 634; x_wconf 75' lang='lat' dir='ltr'><strong>evanescat</strong></span> <span class='ocrx_word' id='word_1_23' title='bbox 528 572 680 634; x_wconf 91' lang='lat' dir='ltr'>anomalia</span> <span class='ocrx_word' id='word_1_24' title='bbox 703 572 731 633; x_wconf 93' lang='lat' dir='ltr'>iu</span> <span class='ocrx_word' id='word_1_25' title='bbox 756 577 804 647; x_wconf 88' lang='lat'>5,</span> <span class='ocrx_word' id='word_1_26' title='bbox 831 587 878 646; x_wconf 70' lang='lat' dir='ltr'>ea,</span> <span class='ocrx_word' id='word_1_27' title='bbox 903 574 932 634; x_wconf 92' lang='lat' dir='ltr'>iu</span> <span class='ocrx_word' id='word_1_28' title='bbox 956 572 1001 649; x_wconf 67' lang='grc' dir='ltr'>Υ,</span> <span class='ocrx_word' id='word_1_29' title='bbox 1027 583 1074 637; x_wconf 53' lang='lat'><strong>2</strong></span> <span class='ocrx_word' id='word_1_30' title='bbox 1097 573 1140 634; x_wconf 91' lang='lat' dir='ltr'>sit</span> <span class='ocrx_word' id='word_1_31' title='bbox 1162 573 1304 634; x_wconf 88' lang='lat' dir='ltr'>maxima.</span> 
     </span>
    </p>

    <p class='ocr_par' dir='ltr' id='par_1_3' title="bbox 81 660 1480 3587">
     <span class='ocr_line' id='line_1_4' title="bbox 227 660 1478 742; baseline -0.002 -19"><span class='ocrx_word' id='word_1_32' title='bbox 227 661 383 733; x_wconf 84' lang='lat' dir='ltr'>Quomodo</span> <span class='ocrx_word' id='word_1_33' title='bbox 412 680 484 721; x_wconf 93' lang='lat' dir='ltr'>vero</span> <span class='ocrx_word' id='word_1_34' title='bbox 512 661 587 722; x_wconf 89' lang='lat' dir='ltr'>haec</span> <span class='ocrx_word' id='word_1_35' title='bbox 611 661 787 742; x_wconf 73' lang='lat' dir='ltr'>hypothesis</span> <span class='ocrx_word' id='word_1_36' title='bbox 811 680 878 722; x_wconf 86' lang='lat' dir='ltr'>cunr</span> <span class='ocrx_word' id='word_1_37' title='bbox 901 660 1068 741; x_wconf 86' lang='lat' dir='ltr'>Coperuico</span> <span class='ocrx_word' id='word_1_38' title='bbox 1093 660 1280 734; x_wconf 78' lang='lat' dir='ltr'>concilietur,</span> <span class='ocrx_word' id='word_1_39' title='bbox 1310 676 1371 720; x_wconf 93' lang='lat' dir='ltr'>non</span> <span class='ocrx_word' id='word_1_40' title='bbox 1397 660 1478 720; x_wconf 88' lang='lat' dir='ltr'>solum</span> 
     </span>
     <span class='ocr_line' id='line_1_5' title="bbox 137 747 1478 830; baseline -0.004 -17"><span class='ocrx_word' id='word_1_41' title='bbox 137 752 278 813; x_wconf 84' lang='lat' dir='ltr'>breuibus</span> <span class='ocrx_word' id='word_1_42' title='bbox 301 750 401 812; x_wconf 89' lang='lat' dir='ltr'>verbis</span> <span class='ocrx_word' id='word_1_43' title='bbox 425 749 569 830; x_wconf 79' lang='lat' dir='ltr'>explicari</span> <span class='ocrx_word' id='word_1_44' title='bbox 593 750 696 828; x_wconf 86' lang='lat' dir='ltr'>nequit</span> <span class='ocrx_word' id='word_1_45' title='bbox 711 749 805 830; x_wconf 90' lang='lat' dir='ltr'>(quod</span> <span class='ocrx_word' id='word_1_46' title='bbox 829 750 858 810; x_wconf 94' lang='lat' dir='ltr'>iu</span> <span class='ocrx_word' id='word_1_47' title='bbox 883 769 948 811; x_wconf 91' lang='lat' dir='ltr'>meo</span> <span class='ocrx_word' id='word_1_48' title='bbox 976 749 1169 829; x_wconf 90' lang='lat' dir='ltr'>prognostico</span> <span class='ocrx_word' id='word_1_49' title='bbox 1193 749 1289 823; x_wconf 83' lang='lat' dir='ltr'>dixi),</span> <span class='ocrx_word' id='word_1_50' title='bbox 1320 747 1376 810; x_wconf 88' lang='lat' dir='ltr'>sed</span> <span class='ocrx_word' id='word_1_51' title='bbox 1397 766 1478 828; x_wconf 88' lang='lat' dir='ltr'>neque</span> 
     </span>
     <span class='ocr_line' id='line_1_6' title="bbox 136 836 1478 919; baseline -0.004 -17"><span class='ocrx_word' id='word_1_52' title='bbox 136 841 219 902; x_wconf 90' lang='lat' dir='ltr'>brevi</span> <span class='ocrx_word' id='word_1_53' title='bbox 243 849 389 919; x_wconf 90' lang='lat' dir='ltr'>tempore.</span> <span class='ocrx_word' id='word_1_54' title='bbox 436 838 567 918; x_wconf 78' lang='lat' dir='ltr'>Oportet</span> <span class='ocrx_word' id='word_1_55' title='bbox 590 839 668 900; x_wconf 89' lang='lat' dir='ltr'>euim</span> <span class='ocrx_word' id='word_1_56' title='bbox 691 839 792 900; x_wconf 91' lang='lat' dir='ltr'>omnia</span> <span class='ocrx_word' id='word_1_57' title='bbox 814 840 907 919; x_wconf 91' lang='lat' dir='ltr'>probe</span> <span class='ocrx_word' id='word_1_58' title='bbox 930 847 1080 901; x_wconf 83' lang='lat' dir='ltr'>excutere.</span> <span class='ocrx_word' id='word_1_59' title='bbox 1126 838 1207 902; x_wconf 81' lang='lat' dir='ltr'>Nam</span> <span class='ocrx_word' id='word_1_60' title='bbox 1223 856 1322 918; x_wconf 86' lang='lat' dir='ltr'>neque</span> <span class='ocrx_word' id='word_1_61' title='bbox 1336 836 1400 916; x_wconf 89' lang='lat' dir='ltr'>ipse</span> <span class='ocrx_word' id='word_1_62' title='bbox 1420 837 1478 898; x_wconf 89' lang='lat' dir='ltr'>dum</span> 
     </span>
     <span class='ocr_line' id='line_1_7' title="bbox 136 927 1478 1007; baseline -0.004 -16"><span class='ocrx_word' id='word_1_63' title='bbox 136 930 209 991; x_wconf 91' lang='lat' dir='ltr'>mihi</span> <span class='ocrx_word' id='word_1_64' title='bbox 232 927 399 990; x_wconf 81' lang='lat' dir='ltr'>satisfacio.</span> <span class='ocrx_word' id='word_1_65' title='bbox 446 928 552 989; x_wconf 82' lang='lat' dir='ltr'>Dicam</span> <span class='ocrx_word' id='word_1_66' title='bbox 577 936 676 989; x_wconf 89' lang='lat' dir='ltr'>autem</span> <span class='ocrx_word' id='word_1_67' title='bbox 701 928 916 1007; x_wconf 87' lang='lat' dir='ltr'>speculationis</span> <span class='ocrx_word' id='word_1_68' title='bbox 930 947 1015 989; x_wconf 90' lang='lat' dir='ltr'>meae</span> <span class='ocrx_word' id='word_1_69' title='bbox 1040 928 1278 990; x_wconf 82' lang='lat' dir='ltr'>fundamentum.</span> <span class='ocrx_word' id='word_1_70' title='bbox 1326 927 1362 988; x_wconf 91' lang='lat' dir='ltr'>Iu</span> <span class='ocrx_word' id='word_1_71' title='bbox 1375 930 1408 1001; x_wconf 91' lang='lat'><strong><em>5</em></strong></span> <span class='ocrx_word' id='word_1_72' title='bbox 1420 944 1478 986; x_wconf 85' lang='lat' dir='ltr'>rer-</span> 
     </span>
     <span class='ocr_line' id='line_1_8' title="bbox 137 1014 1478 1096; baseline -0.003 -17"><span class='ocrx_word' id='word_1_73' title='bbox 137 1027 223 1079; x_wconf 83' lang='lat' dir='ltr'>sante</span> <span class='ocrx_word' id='word_1_74' title='bbox 248 1019 342 1078; x_wconf 91' lang='lat' dir='ltr'>Terra</span> <span class='ocrx_word' id='word_1_75' title='bbox 366 1016 484 1077; x_wconf 89' lang='lat' dir='ltr'>videtur</span> <span class='ocrx_word' id='word_1_76' title='bbox 508 1014 547 1092; x_wconf 80' lang='grc' dir='ltr'>Θ</span> <span class='ocrx_word' id='word_1_77' title='bbox 573 1016 602 1077; x_wconf 89' lang='grc'>10</span> <span class='ocrx_word' id='word_1_78' title='bbox 628 1031 676 1090; x_wconf 68' lang='lat' dir='ltr'>ea,</span> <span class='ocrx_word' id='word_1_79' title='bbox 706 1021 811 1096; x_wconf 81' lang='lat' dir='ltr'>e&#39;stque</span> <span class='ocrx_word' id='word_1_80' title='bbox 830 1017 871 1078; x_wconf 91' lang='lat' dir='ltr'>ibi</span> <span class='ocrx_word' id='word_1_81' title='bbox 896 1017 959 1096; x_wconf 88' lang='lat' dir='ltr'>ejus</span> <span class='ocrx_word' id='word_1_82' title='bbox 984 1035 1167 1096; x_wconf 82' lang='lat' dir='ltr'>apogaeum,</span> <span class='ocrx_word' id='word_1_83' title='bbox 1190 1017 1220 1078; x_wconf 89' lang='lat' dir='ltr'>iu</span> <span class='ocrx_word' id='word_1_84' title='bbox 1246 1014 1386 1096; x_wconf 88' lang='lat' dir='ltr'>opposito</span> <span class='ocrx_word' id='word_1_85' title='bbox 1407 1014 1478 1094; x_wconf 91' lang='lat' dir='ltr'>peri·</span> 
     </span>
     <span class='ocr_line' id='line_1_9' title="bbox 137 1103 1477 1187; baseline -0.004 -19"><span class='ocrx_word' id='word_1_86' title='bbox 137 1126 255 1187; x_wconf 87' lang='lat' dir='ltr'>gaeum.</span> <span class='ocrx_word' id='word_1_87' title='bbox 302 1103 377 1168; x_wconf 85' lang='lat' dir='ltr'>Cum</span> <span class='ocrx_word' id='word_1_88' title='bbox 402 1121 473 1181; x_wconf 85' lang='lat' dir='ltr'>ergo</span> <span class='ocrx_word' id='word_1_89' title='bbox 498 1106 660 1167; x_wconf 90' lang='lat' dir='ltr'>secundum</span> <span class='ocrx_word' id='word_1_90' title='bbox 684 1104 883 1184; x_wconf 81' lang='lat' dir='ltr'>Oopemicum</span> <span class='ocrx_word' id='word_1_91' title='bbox 906 1113 1004 1167; x_wconf 88' lang='lat' dir='ltr'>motus</span> <span class='ocrx_word' id='word_1_92' title='bbox 1028 1106 1124 1167; x_wconf 90' lang='lat' dir='ltr'>omnis</span> <span class='ocrx_word' id='word_1_93' title='bbox 1148 1115 1181 1167; x_wconf 88' lang='grc'>01</span> <span class='ocrx_word' id='word_1_94' title='bbox 1198 1105 1298 1167; x_wconf 91' lang='lat' dir='ltr'>virtus</span> <span class='ocrx_word' id='word_1_95' title='bbox 1313 1103 1477 1164; x_wconf 88' lang='lat' dir='ltr'>omnismo-</span> 
     </span>
     <span class='ocr_line' id='line_1_10' title="bbox 137 1191 1477 1275; baseline -0.004 -18"><span class='ocrx_word' id='word_1_96' title='bbox 137 1196 277 1257; x_wconf 78' lang='grc'>1001000</span> <span class='ocrx_word' id='word_1_97' title='bbox 301 1193 373 1256; x_wconf 90' lang='grc'>8010</span> <span class='ocrx_word' id='word_1_98' title='bbox 397 1213 452 1255; x_wconf 88' lang='grc'>000</span> <span class='ocrx_word' id='word_1_99' title='bbox 476 1202 580 1256; x_wconf 88' lang='grc'>000100</span> <span class='ocrx_word' id='word_1_100' title='bbox 604 1194 669 1256; x_wconf 90' lang='lat' dir='ltr'>sive</span> <span class='ocrx_word' id='word_1_101' title='bbox 692 1194 782 1256; x_wconf 91' lang='lat' dir='ltr'>corde</span> <span class='ocrx_word' id='word_1_102' title='bbox 818 1195 847 1256; x_wconf 95' lang='lat' dir='ltr'>in</span> <span class='ocrx_word' id='word_1_103' title='bbox 871 1195 1100 1275; x_wconf 90' lang='lat' dir='ltr'>circumpositos</span> <span class='ocrx_word' id='word_1_104' title='bbox 1124 1195 1212 1256; x_wconf 86' lang='lat' dir='ltr'>orbes</span> <span class='ocrx_word' id='word_1_105' title='bbox 1236 1194 1410 1272; x_wconf 79' lang='lat' dir='ltr'>ingeratur,</span> <span class='ocrx_word' id='word_1_106' title='bbox 1438 1191 1477 1252; x_wconf 93' lang='lat' dir='ltr'>di-</span> 
     </span>
     <span class='ocr_line' id='line_1_11' title="bbox 138 1281 1477 1362; baseline -0.004 -16"><span class='ocrx_word' id='word_1_107' title='bbox 138 1285 252 1355; x_wconf 81' lang='lat' dir='ltr'>mensis</span> <span class='ocrx_word' id='word_1_108' title='bbox 286 1284 325 1344; x_wconf 90' lang='lat' dir='ltr'>ad</span> <span class='ocrx_word' id='word_1_109' title='bbox 357 1283 611 1362; x_wconf 88' lang='lat' dir='ltr'>propinquitatem</span> <span class='ocrx_word' id='word_1_110' title='bbox 652 1283 797 1358; x_wconf 91' lang='lat' dir='ltr'>modulis,</span> <span class='ocrx_word' id='word_1_111' title='bbox 841 1284 955 1345; x_wconf 91' lang='lat' dir='ltr'>ambiat</span> <span class='ocrx_word' id='word_1_112' title='bbox 993 1302 1064 1344; x_wconf 89' lang='lat' dir='ltr'>vero</span> <span class='ocrx_word' id='word_1_113' title='bbox 1097 1283 1224 1345; x_wconf 88' lang='lat' dir='ltr'>Terram</span> <span class='ocrx_word' id='word_1_114' title='bbox 1261 1281 1346 1344; x_wconf 91' lang='lat' dir='ltr'>orbis</span> <span class='ocrx_word' id='word_1_115' title='bbox 1377 1282 1477 1342; x_wconf 88' lang='lat' dir='ltr'>Lunam</span> 
     </span>
     <span class='ocr_line' id='line_1_12' title="bbox 137 1370 1477 1454; baseline -0.004 -20"><span class='ocrx_word' id='word_1_116' title='bbox 137 1374 265 1435; x_wconf 86' lang='lat' dir='ltr'>vehens:</span> <span class='ocrx_word' id='word_1_117' title='bbox 290 1390 362 1451; x_wconf 90' lang='lat' dir='ltr'>ergo</span> <span class='ocrx_word' id='word_1_118' title='bbox 387 1372 411 1432; x_wconf 87' lang='lat' dir='ltr'>is</span> <span class='ocrx_word' id='word_1_119' title='bbox 436 1392 495 1432; x_wconf 89' lang='lat' dir='ltr'>uua</span> <span class='ocrx_word' id='word_1_120' title='bbox 517 1392 583 1433; x_wconf 89' lang='lat' dir='ltr'>curu</span> <span class='ocrx_word' id='word_1_121' title='bbox 608 1372 703 1433; x_wconf 87' lang='lat' dir='ltr'>Terra</span> <span class='ocrx_word' id='word_1_122' title='bbox 725 1373 821 1434; x_wconf 91' lang='lat' dir='ltr'>hieme</span> <span class='ocrx_word' id='word_1_123' title='bbox 844 1392 937 1454; x_wconf 89' lang='lat' dir='ltr'>prope</span> <span class='ocrx_word' id='word_1_124' title='bbox 952 1372 1054 1434; x_wconf 88' lang='lat' dir='ltr'>Solem</span> <span class='ocrx_word' id='word_1_125' title='bbox 1078 1373 1206 1447; x_wconf 89' lang='lat' dir='ltr'>accedit,</span> <span class='ocrx_word' id='word_1_126' title='bbox 1232 1370 1477 1432; x_wconf 83' lang='grc' dir='ltr'>0110100110οειο</span> 
     </span>
     <span class='ocr_line' id='line_1_13' title="bbox 81 1457 1476 1548; baseline -0.001 -27"><span class='ocrx_word' id='word_1_127' title='bbox 81 1541 85 1548; x_wconf 27' lang='grc' dir='ltr'><strong><em>Ι</em></strong></span> <span class='ocrx_word' id='word_1_128' title='bbox 137 1463 279 1523; x_wconf 89' lang='lat' dir='ltr'>virtutem</span> <span class='ocrx_word' id='word_1_129' title='bbox 308 1461 465 1522; x_wconf 89' lang='lat' dir='ltr'>motoriam</span> <span class='ocrx_word' id='word_1_130' title='bbox 497 1461 676 1539; x_wconf 89' lang='lat' dir='ltr'>ingreditur,</span> <span class='ocrx_word' id='word_1_131' title='bbox 711 1471 830 1522; x_wconf 81' lang='lat' dir='ltr'>aestate</span> <span class='ocrx_word' id='word_1_132' title='bbox 861 1463 890 1523; x_wconf 94' lang='lat' dir='ltr'>in</span> <span class='ocrx_word' id='word_1_133' title='bbox 915 1461 1151 1535; x_wconf 85' lang='lat' dir='ltr'>imbecilliorem,</span> <span class='ocrx_word' id='word_1_134' title='bbox 1185 1480 1253 1522; x_wconf 93' lang='lat' dir='ltr'>curn</span> <span class='ocrx_word' id='word_1_135' title='bbox 1286 1480 1306 1520; x_wconf 91' lang='lat' dir='ltr'>a</span> <span class='ocrx_word' id='word_1_136' title='bbox 1330 1457 1476 1521; x_wconf 87' lang='grc'>8010100-</span> 
     </span>
     <span class='ocr_line' id='line_1_14' title="bbox 138 1549 1477 1631; baseline -0.003 -19"><span class='ocrx_word' id='word_1_137' title='bbox 138 1551 261 1631; x_wconf 88' lang='lat' dir='ltr'>gissirue</span> <span class='ocrx_word' id='word_1_138' title='bbox 285 1550 425 1612; x_wconf 87' lang='lat' dir='ltr'>discedit.</span> <span class='ocrx_word' id='word_1_139' title='bbox 471 1549 529 1609; x_wconf 91' lang='lat' dir='ltr'>Hic</span> <span class='ocrx_word' id='word_1_140' title='bbox 548 1550 612 1629; x_wconf 89' lang='lat' dir='ltr'>jam</span> <span class='ocrx_word' id='word_1_141' title='bbox 635 1550 776 1630; x_wconf 90' lang='lat' dir='ltr'>fingenda</span> <span class='ocrx_word' id='word_1_142' title='bbox 798 1560 847 1612; x_wconf 90' lang='lat' dir='ltr'>est</span> <span class='ocrx_word' id='word_1_143' title='bbox 871 1551 1016 1630; x_wconf 91' lang='lat' dir='ltr'>quaedam</span> <span class='ocrx_word' id='word_1_144' title='bbox 1037 1551 1180 1612; x_wconf 87' lang='lat' dir='ltr'>virtutum</span> <span class='ocrx_word' id='word_1_145' title='bbox 1199 1549 1396 1610; x_wconf 90' lang='lat' dir='ltr'>motoriarum</span> <span class='ocrx_word' id='word_1_146' title='bbox 1417 1567 1477 1608; x_wconf 91' lang='lat' dir='ltr'>cou-</span> 
     </span>
     <span class='ocr_line' id='line_1_15' title="bbox 137 1636 1477 1718; baseline -0.004 -17"><span class='ocrx_word' id='word_1_147' title='bbox 137 1640 293 1715; x_wconf 88' lang='lat' dir='ltr'>trarietas,</span> <span class='ocrx_word' id='word_1_148' title='bbox 326 1639 445 1718; x_wconf 90' lang='lat' dir='ltr'>qualem</span> <span class='ocrx_word' id='word_1_149' title='bbox 468 1637 652 1699; x_wconf 83' lang='lat' dir='ltr'>Aristoteles</span> <span class='ocrx_word' id='word_1_150' title='bbox 691 1639 817 1718; x_wconf 89' lang='lat' dir='ltr'>primum</span> <span class='ocrx_word' id='word_1_151' title='bbox 847 1640 955 1701; x_wconf 88' lang='lat' dir='ltr'>mobile</span> <span class='ocrx_word' id='word_1_152' title='bbox 994 1640 1072 1701; x_wconf 90' lang='lat' dir='ltr'>iuter</span> <span class='ocrx_word' id='word_1_153' title='bbox 1104 1647 1136 1700; x_wconf 87' lang='lat' dir='ltr'>et</span> <span class='ocrx_word' id='word_1_154' title='bbox 1173 1637 1307 1700; x_wconf 90' lang='lat' dir='ltr'>secunda</span> <span class='ocrx_word' id='word_1_155' title='bbox 1340 1636 1477 1697; x_wconf 77' lang='lat' dir='ltr'>confinxit.</span> 
     </span>
     <span class='ocr_line' id='line_1_16' title="bbox 138 1724 1478 1807; baseline -0.004 -17"><span class='ocrx_word' id='word_1_156' title='bbox 138 1731 217 1791; x_wconf 79' lang='lat' dir='ltr'>h&#39;aru</span> <span class='ocrx_word' id='word_1_157' title='bbox 242 1728 328 1790; x_wconf 93' lang='lat' dir='ltr'>Luna</span> <span class='ocrx_word' id='word_1_158' title='bbox 351 1727 472 1807; x_wconf 91' lang='lat' dir='ltr'>propria</span> <span class='ocrx_word' id='word_1_159' title='bbox 495 1727 606 1788; x_wconf 85' lang='lat' dir='ltr'>virtute</span> <span class='ocrx_word' id='word_1_160' title='bbox 630 1728 762 1804; x_wconf 90' lang='lat' dir='ltr'>vehitur,</span> <span class='ocrx_word' id='word_1_161' title='bbox 797 1748 855 1791; x_wconf 91' lang='lat' dir='ltr'>nou</span> <span class='ocrx_word' id='word_1_162' title='bbox 888 1737 922 1789; x_wconf 96' lang='lat' dir='ltr'>nt</span> <span class='ocrx_word' id='word_1_163' title='bbox 945 1748 1000 1789; x_wconf 89' lang='lat' dir='ltr'>sex</span> <span class='ocrx_word' id='word_1_164' title='bbox 1022 1727 1129 1801; x_wconf 91' lang='lat' dir='ltr'>ceteri,</span> <span class='ocrx_word' id='word_1_165' title='bbox 1161 1728 1274 1788; x_wconf 88' lang='lat' dir='ltr'>virtute</span> <span class='ocrx_word' id='word_1_166' title='bbox 1299 1724 1382 1787; x_wconf 89' lang='lat' dir='ltr'>Solis</span> <span class='ocrx_word' id='word_1_167' title='bbox 1409 1743 1478 1786; x_wconf 86' lang='grc'>000-</span> 
     </span>
     <span class='ocr_line' id='line_1_17' title="bbox 138 1813 1477 1893; baseline -0.004 -14"><span class='ocrx_word' id='word_1_168' title='bbox 138 1817 227 1879; x_wconf 91' lang='lat' dir='ltr'>muni.</span> <span class='ocrx_word' id='word_1_169' title='bbox 275 1817 355 1879; x_wconf 86' lang='lat' dir='ltr'>Nam</span> <span class='ocrx_word' id='word_1_170' title='bbox 379 1816 409 1876; x_wconf 90' lang='lat' dir='ltr'>hi</span> <span class='ocrx_word' id='word_1_171' title='bbox 424 1814 526 1877; x_wconf 89' lang='lat' dir='ltr'>Solem</span> <span class='ocrx_word' id='word_1_172' title='bbox 550 1817 827 1893; x_wconf 88' lang='lat' dir='ltr'>circumambulant,</span> <span class='ocrx_word' id='word_1_173' title='bbox 852 1818 939 1880; x_wconf 92' lang='lat' dir='ltr'>Luna</span> <span class='ocrx_word' id='word_1_174' title='bbox 954 1818 1088 1890; x_wconf 88' lang='lat' dir='ltr'>Terram,</span> <span class='ocrx_word' id='word_1_175' title='bbox 1112 1835 1180 1878; x_wconf 91' lang='lat' dir='ltr'>cnm</span> <span class='ocrx_word' id='word_1_176' title='bbox 1203 1816 1243 1876; x_wconf 92' lang='lat' dir='ltr'>ad</span> <span class='ocrx_word' id='word_1_177' title='bbox 1264 1813 1371 1876; x_wconf 88' lang='lat' dir='ltr'>Solem</span> <span class='ocrx_word' id='word_1_178' title='bbox 1387 1813 1477 1884; x_wconf 85' lang='lat' dir='ltr'>tendit,</span> 
     </span>
     <span class='ocr_line' id='line_1_18' title="bbox 138 1903 1478 1985; baseline -0.001 -21"><span class='ocrx_word' id='word_1_179' title='bbox 138 1908 216 1967; x_wconf 82' lang='lat' dir='ltr'>uiam</span> <span class='ocrx_word' id='word_1_180' title='bbox 241 1905 350 1967; x_wconf 90' lang='lat' dir='ltr'>ceteris</span> <span class='ocrx_word' id='word_1_181' title='bbox 373 1906 462 1984; x_wconf 90' lang='lat' dir='ltr'>plane</span> <span class='ocrx_word' id='word_1_182' title='bbox 487 1906 667 1966; x_wconf 88' lang='lat' dir='ltr'>contrariam</span> <span class='ocrx_word' id='word_1_183' title='bbox 692 1907 821 1968; x_wconf 87' lang='lat' dir='ltr'>coniicit.</span> <span class='ocrx_word' id='word_1_184' title='bbox 869 1905 970 1977; x_wconf 90' lang='lat' dir='ltr'>Quare</span> <span class='ocrx_word' id='word_1_185' title='bbox 993 1906 1148 1985; x_wconf 89' lang='lat' dir='ltr'>probabile</span> <span class='ocrx_word' id='word_1_186' title='bbox 1164 1912 1221 1975; x_wconf 90' lang='lat' dir='ltr'>est,</span> <span class='ocrx_word' id='word_1_187' title='bbox 1247 1903 1384 1982; x_wconf 88' lang='lat' dir='ltr'>impediri</span> <span class='ocrx_word' id='word_1_188' title='bbox 1408 1903 1478 1963; x_wconf 85' lang='lat' dir='ltr'>illau</span> 
     </span>
     <span class='ocr_line' id='line_1_19' title="bbox 138 1991 1478 2073; baseline -0.004 -16"><span class='ocrx_word' id='word_1_189' title='bbox 138 2017 158 2057; x_wconf 92' lang='lat' dir='ltr'>a</span> <span class='ocrx_word' id='word_1_190' title='bbox 180 1995 290 2056; x_wconf 87' lang='lat' dir='ltr'>virtute</span> <span class='ocrx_word' id='word_1_191' title='bbox 307 1993 417 2062; x_wconf 86' lang='grc'>801001,</span> <span class='ocrx_word' id='word_1_192' title='bbox 443 1994 541 2073; x_wconf 88' lang='lat' dir='ltr'>magis</span> <span class='ocrx_word' id='word_1_193' title='bbox 565 1994 726 2067; x_wconf 85' lang='grc' dir='ltr'>0100110οἰ,</span> <span class='ocrx_word' id='word_1_194' title='bbox 751 1996 847 2056; x_wconf 90' lang='lat' dir='ltr'>minus</span> <span class='ocrx_word' id='word_1_195' title='bbox 871 1997 909 2057; x_wconf 86' lang='lat' dir='ltr'>ab</span> <span class='ocrx_word' id='word_1_196' title='bbox 925 1994 1121 2056; x_wconf 89' lang='lat' dir='ltr'>imbecilliori.</span> <span class='ocrx_word' id='word_1_197' title='bbox 1168 1993 1274 2054; x_wconf 84' lang='lat' dir='ltr'>Hieme</span> <span class='ocrx_word' id='word_1_198' title='bbox 1300 1991 1402 2072; x_wconf 89' lang='lat' dir='ltr'>igitur,</span> <span class='ocrx_word' id='word_1_199' title='bbox 1425 2009 1478 2051; x_wconf 90' lang='lat' dir='ltr'>cum</span> 
     </span>
     <span class='ocr_line' id='line_1_20' title="bbox 137 2078 1479 2164; baseline -0.004 -19"><span class='ocrx_word' id='word_1_200' title='bbox 137 2084 305 2164; x_wconf 90' lang='lat' dir='ltr'>propinqua</span> <span class='ocrx_word' id='word_1_201' title='bbox 329 2081 393 2144; x_wconf 90' lang='grc'>8011</span> <span class='ocrx_word' id='word_1_202' title='bbox 418 2092 476 2157; x_wconf 88' lang='grc'>001,</span> <span class='ocrx_word' id='word_1_203' title='bbox 501 2084 625 2144; x_wconf 89' lang='lat' dir='ltr'>multum</span> <span class='ocrx_word' id='word_1_204' title='bbox 649 2084 817 2163; x_wconf 87' lang='lat' dir='ltr'>impeditur,</span> <span class='ocrx_word' id='word_1_205' title='bbox 842 2094 874 2146; x_wconf 94' lang='lat' dir='ltr'>et</span> <span class='ocrx_word' id='word_1_206' title='bbox 896 2085 931 2145; x_wconf 84' lang='lat' dir='ltr'>iit</span> <span class='ocrx_word' id='word_1_207' title='bbox 945 2084 1044 2157; x_wconf 90' lang='lat' dir='ltr'>tarda,</span> <span class='ocrx_word' id='word_1_208' title='bbox 1069 2091 1187 2144; x_wconf 88' lang='lat' dir='ltr'>aestate</span> <span class='ocrx_word' id='word_1_209' title='bbox 1203 2080 1326 2144; x_wconf 87' lang='lat' dir='ltr'>liberior</span> <span class='ocrx_word' id='word_1_210' title='bbox 1341 2081 1371 2142; x_wconf 92' lang='lat' dir='ltr'>in</span> <span class='ocrx_word' id='word_1_211' title='bbox 1385 2078 1479 2158; x_wconf 86' lang='lat' dir='ltr'>majori</span> 
     </span>
     <span class='ocr_line' id='line_1_21' title="bbox 139 2169 1479 2255; baseline -0.003 -22"><span class='ocrx_word' id='word_1_212' title='bbox 139 2172 238 2255; x_wconf 90' lang='lat' dir='ltr'>spatio</span> <span class='ocrx_word' id='word_1_213' title='bbox 266 2171 394 2233; x_wconf 90' lang='lat' dir='ltr'>celerior</span> <span class='ocrx_word' id='word_1_214' title='bbox 423 2172 535 2232; x_wconf 91' lang='lat' dir='ltr'>evadit.</span> <span class='ocrx_word' id='word_1_215' title='bbox 583 2170 730 2251; x_wconf 83' lang='lat' dir='ltr'>Quodque</span> <span class='ocrx_word' id='word_1_216' title='bbox 763 2175 800 2234; x_wconf 91' lang='lat' dir='ltr'>de</span> <span class='ocrx_word' id='word_1_217' title='bbox 829 2174 885 2234; x_wconf 91' lang='lat' dir='ltr'>hac</span> <span class='ocrx_word' id='word_1_218' title='bbox 914 2172 1067 2234; x_wconf 91' lang='lat' dir='ltr'>anomalia</span> <span class='ocrx_word' id='word_1_219' title='bbox 1094 2172 1177 2242; x_wconf 89' lang='lat' dir='ltr'>dico,</span> <span class='ocrx_word' id='word_1_220' title='bbox 1210 2189 1288 2250; x_wconf 88' lang='lat' dir='ltr'>quae</span> <span class='ocrx_word' id='word_1_221' title='bbox 1312 2170 1379 2250; x_wconf 88' lang='lat' dir='ltr'>jam</span> <span class='ocrx_word' id='word_1_222' title='bbox 1406 2169 1479 2231; x_wconf 90' lang='lat' dir='ltr'>modo</span> 
     </span>
     <span class='ocr_line' id='line_1_22' title="bbox 138 2260 1478 2340; baseline -0.004 -17"><span class='ocrx_word' id='word_1_223' title='bbox 138 2281 206 2323; x_wconf 89' lang='lat' dir='ltr'>sese</span> <span class='ocrx_word' id='word_1_224' title='bbox 230 2261 344 2340; x_wconf 89' lang='lat' dir='ltr'>prodit,</span> <span class='ocrx_word' id='word_1_225' title='bbox 375 2261 405 2321; x_wconf 91' lang='lat' dir='ltr'>id</span> <span class='ocrx_word' id='word_1_226' title='bbox 428 2263 521 2322; x_wconf 90' lang='lat' dir='ltr'>multo</span> <span class='ocrx_word' id='word_1_227' title='bbox 545 2261 643 2340; x_wconf 91' lang='lat' dir='ltr'>magis</span> <span class='ocrx_word' id='word_1_228' title='bbox 666 2262 758 2324; x_wconf 87' lang='lat' dir='ltr'>etiam</span> <span class='ocrx_word' id='word_1_229' title='bbox 782 2263 944 2324; x_wconf 89' lang='lat' dir='ltr'>verisimile</span> <span class='ocrx_word' id='word_1_230' title='bbox 974 2261 1109 2324; x_wconf 91' lang='lat' dir='ltr'>redditur</span> <span class='ocrx_word' id='word_1_231' title='bbox 1136 2279 1190 2340; x_wconf 91' lang='lat' dir='ltr'>per</span> <span class='ocrx_word' id='word_1_232' title='bbox 1213 2260 1344 2320; x_wconf 89' lang='lat' dir='ltr'>alteram</span> <span class='ocrx_word' id='word_1_233' title='bbox 1368 2276 1478 2319; x_wconf 85' lang='lat' dir='ltr'>anoma-</span> 
     </span>
     <span class='ocr_line' id='line_1_23' title="bbox 140 2347 1479 2430; baseline -0.004 -18"><span class='ocrx_word' id='word_1_234' title='bbox 140 2350 224 2425; x_wconf 88' lang='lat' dir='ltr'>liam,</span> <span class='ocrx_word' id='word_1_235' title='bbox 255 2369 343 2430; x_wconf 91' lang='lat' dir='ltr'>quam</span> <span class='ocrx_word' id='word_1_236' title='bbox 373 2349 887 2426; x_wconf 81' lang='grc' dir='ltr'>011011Ρ1010000000000010000,</span> <span class='ocrx_word' id='word_1_237' title='bbox 917 2349 1084 2429; x_wconf 82' lang='lat' dir='ltr'>Ceperuico</span> <span class='ocrx_word' id='word_1_238' title='bbox 1114 2349 1277 2410; x_wconf 89' lang='lat' dir='ltr'>secuudum</span> <span class='ocrx_word' id='word_1_239' title='bbox 1305 2347 1479 2427; x_wconf 86' lang='lat' dir='ltr'>epicyclium.</span> 
     </span>
     <span class='ocr_line' id='line_1_24' title="bbox 141 2433 1480 2518; baseline -0.004 -17"><span class='ocrx_word' id='word_1_240' title='bbox 141 2438 305 2501; x_wconf 80' lang='grc'>(10000100</span> <span class='ocrx_word' id='word_1_241' title='bbox 329 2438 405 2499; x_wconf 90' lang='lat' dir='ltr'>adeo</span> <span class='ocrx_word' id='word_1_242' title='bbox 430 2438 535 2499; x_wconf 89' lang='lat' dir='ltr'>stricte</span> <span class='ocrx_word' id='word_1_243' title='bbox 560 2438 663 2500; x_wconf 87' lang='lat' dir='ltr'>Solem</span> <span class='ocrx_word' id='word_1_244' title='bbox 688 2439 742 2502; x_wconf 92' lang='lat' dir='ltr'>illa</span> <span class='ocrx_word' id='word_1_245' title='bbox 765 2441 951 2514; x_wconf 84' lang='lat' dir='ltr'>observaret,</span> <span class='ocrx_word' id='word_1_246' title='bbox 976 2438 1033 2501; x_wconf 90' lang='lat' dir='ltr'>uisi</span> <span class='ocrx_word' id='word_1_247' title='bbox 1057 2437 1111 2500; x_wconf 92' lang='grc'>801</span> <span class='ocrx_word' id='word_1_248' title='bbox 1135 2438 1200 2518; x_wconf 91' lang='lat' dir='ltr'>ipse</span> <span class='ocrx_word' id='word_1_249' title='bbox 1223 2437 1311 2499; x_wconf 91' lang='lat' dir='ltr'>illam</span> <span class='ocrx_word' id='word_1_250' title='bbox 1335 2433 1480 2497; x_wconf 84' lang='grc'>0111000011</span> 
     </span>
     <span class='ocr_line' id='line_1_25' title="bbox 141 2523 1480 2608; baseline -0.004 -19"><span class='ocrx_word' id='word_1_251' title='bbox 141 2529 182 2589; x_wconf 84' lang='lat' dir='ltr'>Et</span> <span class='ocrx_word' id='word_1_252' title='bbox 205 2527 341 2607; x_wconf 89' lang='lat' dir='ltr'>quamvis</span> <span class='ocrx_word' id='word_1_253' title='bbox 365 2527 500 2606; x_wconf 89' lang='lat' dir='ltr'>pluribus</span> <span class='ocrx_word' id='word_1_254' title='bbox 528 2528 629 2588; x_wconf 89' lang='lat' dir='ltr'>verbis</span> <span class='ocrx_word' id='word_1_255' title='bbox 658 2529 865 2591; x_wconf 88' lang='lat' dir='ltr'>demonstrare</span> <span class='ocrx_word' id='word_1_256' title='bbox 893 2547 1027 2608; x_wconf 87' lang='lat' dir='ltr'>possem,</span> <span class='ocrx_word' id='word_1_257' title='bbox 1058 2528 1212 2606; x_wconf 88' lang='lat' dir='ltr'>utriusque</span> <span class='ocrx_word' id='word_1_258' title='bbox 1243 2525 1349 2586; x_wconf 91' lang='lat' dir='ltr'>harum</span> <span class='ocrx_word' id='word_1_259' title='bbox 1379 2523 1480 2600; x_wconf 69' lang='grc'>110000·</span> 
     </span>
     <span class='ocr_line' id='line_1_26' title="bbox 139 2613 1479 2697; baseline -0.004 -19"><span class='ocrx_word' id='word_1_260' title='bbox 139 2622 208 2678; x_wconf 59' lang='lat' dir='ltr'>uos</span> <span class='ocrx_word' id='word_1_261' title='bbox 231 2616 356 2677; x_wconf 91' lang='lat' dir='ltr'>eandem</span> <span class='ocrx_word' id='word_1_262' title='bbox 381 2615 486 2677; x_wconf 89' lang='lat' dir='ltr'>eodem</span> <span class='ocrx_word' id='word_1_263' title='bbox 510 2616 598 2677; x_wconf 91' lang='lat' dir='ltr'>modo</span> <span class='ocrx_word' id='word_1_264' title='bbox 623 2637 745 2679; x_wconf 89' lang='lat' dir='ltr'>causam</span> <span class='ocrx_word' id='word_1_265' title='bbox 769 2637 847 2691; x_wconf 92' lang='lat' dir='ltr'>esse,</span> <span class='ocrx_word' id='word_1_266' title='bbox 872 2628 972 2679; x_wconf 87' lang='lat' dir='ltr'>tamen</span> <span class='ocrx_word' id='word_1_267' title='bbox 998 2616 1077 2697; x_wconf 88' lang='lat' dir='ltr'>quia,</span> <span class='ocrx_word' id='word_1_268' title='bbox 1102 2624 1136 2677; x_wconf 91' lang='lat' dir='ltr'>nt</span> <span class='ocrx_word' id='word_1_269' title='bbox 1159 2615 1231 2685; x_wconf 85' lang='lat' dir='ltr'>dixi,</span> <span class='ocrx_word' id='word_1_270' title='bbox 1256 2633 1313 2676; x_wconf 87' lang='lat' dir='ltr'>neo</span> <span class='ocrx_word' id='word_1_271' title='bbox 1337 2613 1401 2694; x_wconf 90' lang='lat' dir='ltr'>ipse</span> <span class='ocrx_word' id='word_1_272' title='bbox 1424 2613 1479 2692; x_wconf 91' lang='lat' dir='ltr'>qui·</span> 
     </span>
     <span class='ocr_line' id='line_1_27' title="bbox 141 2701 1480 2786; baseline -0.004 -20"><span class='ocrx_word' id='word_1_273' title='bbox 141 2707 209 2767; x_wconf 88' lang='lat' dir='ltr'>dem</span> <span class='ocrx_word' id='word_1_274' title='bbox 232 2704 351 2784; x_wconf 90' lang='grc'>0001100</span> <span class='ocrx_word' id='word_1_275' title='bbox 376 2704 549 2784; x_wconf 89' lang='lat' dir='ltr'>acquiesco:</span> <span class='ocrx_word' id='word_1_276' title='bbox 575 2724 631 2766; x_wconf 95' lang='lat' dir='ltr'>nou</span> <span class='ocrx_word' id='word_1_277' title='bbox 656 2726 731 2786; x_wconf 93' lang='lat' dir='ltr'>opus</span> <span class='ocrx_word' id='word_1_278' title='bbox 755 2727 823 2768; x_wconf 90' lang='lat' dir='ltr'>esse</span> <span class='ocrx_word' id='word_1_279' title='bbox 847 2725 956 2768; x_wconf 89' lang='lat' dir='ltr'>censeo</span> <span class='ocrx_word' id='word_1_280' title='bbox 979 2705 1115 2785; x_wconf 90' lang='lat' dir='ltr'>pluribus</span> <span class='ocrx_word' id='word_1_281' title='bbox 1142 2722 1243 2784; x_wconf 89' lang='lat' dir='ltr'>agere.</span> <span class='ocrx_word' id='word_1_282' title='bbox 1292 2701 1369 2766; x_wconf 84' lang='lat' dir='ltr'>Cum</span> <span class='ocrx_word' id='word_1_283' title='bbox 1393 2703 1480 2781; x_wconf 87' lang='lat' dir='ltr'>itaque</span> 
     </span>
     <span class='ocr_line' id='line_1_28' title="bbox 140 2791 1479 2876; baseline -0.003 -20"><span class='ocrx_word' id='word_1_284' title='bbox 140 2796 195 2856; x_wconf 94' lang='lat' dir='ltr'>hoc</span> <span class='ocrx_word' id='word_1_285' title='bbox 219 2793 377 2873; x_wconf 90' lang='lat' dir='ltr'>praecipue</span> <span class='ocrx_word' id='word_1_286' title='bbox 403 2793 553 2855; x_wconf 90' lang='lat' dir='ltr'>videretur</span> <span class='ocrx_word' id='word_1_287' title='bbox 578 2795 750 2868; x_wconf 88' lang='lat' dir='ltr'>absurdum,</span> <span class='ocrx_word' id='word_1_288' title='bbox 774 2797 884 2867; x_wconf 89' lang='lat' dir='ltr'>dicere,</span> <span class='ocrx_word' id='word_1_289' title='bbox 909 2796 987 2876; x_wconf 94' lang='lat' dir='ltr'>quod</span> <span class='ocrx_word' id='word_1_290' title='bbox 1012 2802 1110 2855; x_wconf 91' lang='lat' dir='ltr'>motus</span> <span class='ocrx_word' id='word_1_291' title='bbox 1133 2793 1239 2854; x_wconf 89' lang='lat' dir='ltr'>Lunae</span> <span class='ocrx_word' id='word_1_292' title='bbox 1262 2813 1282 2853; x_wconf 88' lang='lat' dir='ltr'>a</span> <span class='ocrx_word' id='word_1_293' title='bbox 1305 2793 1418 2853; x_wconf 78' lang='lat' dir='ltr'>virtuts</span> <span class='ocrx_word' id='word_1_294' title='bbox 1432 2791 1479 2852; x_wconf 84' lang='lat' dir='ltr'>So</span> 
     </span>
     <span class='ocr_line' id='line_1_29' title="bbox 140 2881 1479 2965; baseline -0.004 -20"><span class='ocrx_word' id='word_1_295' title='bbox 140 2885 177 2945; x_wconf 91' lang='lat' dir='ltr'>lis</span> <span class='ocrx_word' id='word_1_296' title='bbox 201 2883 390 2965; x_wconf 89' lang='lat' dir='ltr'>impediatur,</span> <span class='ocrx_word' id='word_1_297' title='bbox 416 2902 482 2944; x_wconf 90' lang='lat' dir='ltr'>cum</span> <span class='ocrx_word' id='word_1_298' title='bbox 502 2883 641 2944; x_wconf 88' lang='lat' dir='ltr'>videatur</span> <span class='ocrx_word' id='word_1_299' title='bbox 664 2886 765 2963; x_wconf 91' lang='lat' dir='ltr'>potins</span> <span class='ocrx_word' id='word_1_300' title='bbox 785 2885 886 2964; x_wconf 92' lang='lat' dir='ltr'>juvari</span> <span class='ocrx_word' id='word_1_301' title='bbox 910 2893 942 2945; x_wconf 88' lang='lat' dir='ltr'>et</span> <span class='ocrx_word' id='word_1_302' title='bbox 965 2882 1133 2964; x_wconf 90' lang='lat' dir='ltr'>promoveri</span> <span class='ocrx_word' id='word_1_303' title='bbox 1151 2881 1272 2953; x_wconf 88' lang='lat' dir='ltr'>debere,</span> <span class='ocrx_word' id='word_1_304' title='bbox 1298 2881 1479 2960; x_wconf 89' lang='lat' dir='ltr'>quodcunque</span> 
     </span>
     <span class='ocr_line' id='line_1_30' title="bbox 141 2971 1479 3052; baseline -0.004 -18"><span class='ocrx_word' id='word_1_305' title='bbox 141 2973 263 3034; x_wconf 89' lang='lat' dir='ltr'>tandem</span> <span class='ocrx_word' id='word_1_306' title='bbox 286 2980 421 3033; x_wconf 88' lang='lat' dir='ltr'>centrum</span> <span class='ocrx_word' id='word_1_307' title='bbox 444 2972 571 3033; x_wconf 88' lang='lat' dir='ltr'>habeat:</span> <span class='ocrx_word' id='word_1_308' title='bbox 597 2973 682 3052; x_wconf 89' lang='lat' dir='ltr'>coepi</span> <span class='ocrx_word' id='word_1_309' title='bbox 706 2974 796 3035; x_wconf 90' lang='lat' dir='ltr'>etiam</span> <span class='ocrx_word' id='word_1_310' title='bbox 821 2975 857 3034; x_wconf 90' lang='lat' dir='ltr'>de</span> <span class='ocrx_word' id='word_1_311' title='bbox 882 2973 943 3034; x_wconf 88' lang='lat' dir='ltr'>alia</span> <span class='ocrx_word' id='word_1_312' title='bbox 966 2992 1060 3034; x_wconf 87' lang='lat' dir='ltr'>causa</span> <span class='ocrx_word' id='word_1_313' title='bbox 1083 2971 1235 3050; x_wconf 91' lang='lat' dir='ltr'>cogitare:</span> <span class='ocrx_word' id='word_1_314' title='bbox 1264 2989 1373 3050; x_wconf 91' lang='lat' dir='ltr'>nempe</span> <span class='ocrx_word' id='word_1_315' title='bbox 1396 2979 1479 3030; x_wconf 89' lang='lat' dir='ltr'>utrnn</span> 
     </span>
     <span class='ocr_line' id='line_1_31' title="bbox 139 3058 1479 3142; baseline -0.004 -19"><span class='ocrx_word' id='word_1_316' title='bbox 139 3064 207 3142; x_wconf 90' lang='lat' dir='ltr'>ipsa</span> <span class='ocrx_word' id='word_1_317' title='bbox 230 3080 370 3123; x_wconf 88' lang='lat' dir='ltr'>mensura</span> <span class='ocrx_word' id='word_1_318' title='bbox 392 3070 523 3121; x_wconf 91' lang='lat' dir='ltr'>motuum</span> <span class='ocrx_word' id='word_1_319' title='bbox 546 3063 757 3136; x_wconf 90' lang='lat' dir='ltr'>secundorum,</span> <span class='ocrx_word' id='word_1_320' title='bbox 795 3064 852 3128; x_wconf 90' lang='lat' dir='ltr'>hoc</span> <span class='ocrx_word' id='word_1_321' title='bbox 876 3071 938 3135; x_wconf 89' lang='lat' dir='ltr'>est,</span> <span class='ocrx_word' id='word_1_322' title='bbox 962 3070 1060 3122; x_wconf 91' lang='lat' dir='ltr'>motus</span> <span class='ocrx_word' id='word_1_323' title='bbox 1084 3059 1149 3139; x_wconf 91' lang='grc'>1000</span> <span class='ocrx_word' id='word_1_324' title='bbox 1172 3058 1261 3140; x_wconf 91' lang='lat' dir='ltr'>primi</span> <span class='ocrx_word' id='word_1_325' title='bbox 1285 3058 1406 3121; x_wconf 84' lang='lat' dir='ltr'>mobilis</span> <span class='ocrx_word' id='word_1_326' title='bbox 1425 3059 1479 3130; x_wconf 88' lang='lat' dir='ltr'>(seu</span> 
     </span>
     <span class='ocr_line' id='line_1_32' title="bbox 139 3144 1479 3230; baseline -0.005 -18"><span class='ocrx_word' id='word_1_327' title='bbox 139 3153 169 3212; x_wconf 93' lang='lat' dir='ltr'>in</span> <span class='ocrx_word' id='word_1_328' title='bbox 199 3149 366 3230; x_wconf 81' lang='lat' dir='ltr'>(lopernico</span> <span class='ocrx_word' id='word_1_329' title='bbox 394 3150 475 3228; x_wconf 85' lang='lat' dir='ltr'>globi</span> <span class='ocrx_word' id='word_1_330' title='bbox 510 3151 676 3212; x_wconf 83' lang='lat' dir='ltr'>Terrestris</span> <span class='ocrx_word' id='word_1_331' title='bbox 709 3152 831 3214; x_wconf 88' lang='lat' dir='ltr'>diurnus</span> <span class='ocrx_word' id='word_1_332' title='bbox 864 3153 978 3223; x_wconf 89' lang='lat' dir='ltr'>motus)</span> <span class='ocrx_word' id='word_1_333' title='bbox 1002 3150 1031 3210; x_wconf 94' lang='lat' dir='ltr'>in</span> <span class='ocrx_word' id='word_1_334' title='bbox 1064 3168 1157 3211; x_wconf 87' lang='lat' dir='ltr'>causa</span> <span class='ocrx_word' id='word_1_335' title='bbox 1186 3148 1237 3209; x_wconf 85' lang='lat' dir='ltr'>sit</span> <span class='ocrx_word' id='word_1_336' title='bbox 1285 3148 1320 3209; x_wconf 93' lang='lat' dir='ltr'>ld</span> <span class='ocrx_word' id='word_1_337' title='bbox 1355 3147 1400 3209; x_wconf 86' lang='lat' dir='ltr'>ita</span> <span class='ocrx_word' id='word_1_338' title='bbox 1429 3144 1479 3207; x_wconf 87' lang='lat' dir='ltr'>lieri</span> 
     </span>
     <span class='ocr_line' id='line_1_33' title="bbox 140 3235 1478 3320; baseline -0.003 -20"><span class='ocrx_word' id='word_1_339' title='bbox 140 3247 255 3319; x_wconf 88' lang='lat' dir='ltr'>potest,</span> <span class='ocrx_word' id='word_1_340' title='bbox 291 3238 316 3299; x_wconf 90' lang='lat' dir='ltr'>si</span> <span class='ocrx_word' id='word_1_341' title='bbox 344 3256 460 3298; x_wconf 91' lang='lat' dir='ltr'>rursum</span> <span class='ocrx_word' id='word_1_342' title='bbox 493 3246 526 3299; x_wconf 89' lang='lat' dir='ltr'>ut</span> <span class='ocrx_word' id='word_1_343' title='bbox 554 3248 645 3299; x_wconf 88' lang='lat' dir='ltr'>autea</span> <span class='ocrx_word' id='word_1_344' title='bbox 677 3249 805 3320; x_wconf 84' lang='lat' dir='ltr'>quatuor</span> <span class='ocrx_word' id='word_1_345' title='bbox 837 3240 918 3302; x_wconf 90' lang='lat' dir='ltr'>horis</span> <span class='ocrx_word' id='word_1_346' title='bbox 947 3237 1154 3320; x_wconf 79' lang='lat' dir='ltr'>(aequalibus)</span> <span class='ocrx_word' id='word_1_347' title='bbox 1178 3235 1312 3315; x_wconf 90' lang='lat' dir='ltr'>spatium</span> <span class='ocrx_word' id='word_1_348' title='bbox 1345 3235 1478 3297; x_wconf 85' lang='lat' dir='ltr'>aestivum</span> 
     </span>
     <span class='ocr_line' id='line_1_34' title="bbox 142 3323 1479 3408; baseline -0.004 -19"><span class='ocrx_word' id='word_1_349' title='bbox 142 3333 251 3401; x_wconf 87' lang='lat' dir='ltr'>(antea</span> <span class='ocrx_word' id='word_1_350' title='bbox 280 3335 348 3387; x_wconf 88' lang='lat' dir='ltr'>erat</span> <span class='ocrx_word' id='word_1_351' title='bbox 385 3327 496 3387; x_wconf 83' lang='grc'>0000010</span> <span class='ocrx_word' id='word_1_352' title='bbox 534 3328 690 3402; x_wconf 87' lang='lat' dir='ltr'>hibernus)</span> <span class='ocrx_word' id='word_1_353' title='bbox 720 3329 843 3391; x_wconf 90' lang='lat' dir='ltr'>hiberno</span> <span class='ocrx_word' id='word_1_354' title='bbox 872 3329 989 3408; x_wconf 91' lang='lat' dir='ltr'>lougius</span> <span class='ocrx_word' id='word_1_355' title='bbox 1022 3336 1054 3388; x_wconf 90' lang='grc'>01</span> <span class='ocrx_word' id='word_1_356' title='bbox 1080 3326 1197 3389; x_wconf 88' lang='lat' dir='ltr'>tardius</span> <span class='ocrx_word' id='word_1_357' title='bbox 1228 3325 1279 3386; x_wconf 90' lang='lat' dir='ltr'>sit.</span> <span class='ocrx_word' id='word_1_358' title='bbox 1327 3324 1385 3387; x_wconf 87' lang='grc'>1110</span> <span class='ocrx_word' id='word_1_359' title='bbox 1416 3323 1479 3384; x_wconf 86' lang='lat' dir='ltr'>euim</span> 
     </span>
     <span class='ocr_line' id='line_1_35' title="bbox 140 3409 1479 3498; baseline -0.006 -19"><span class='ocrx_word' id='word_1_360' title='bbox 140 3418 247 3498; x_wconf 86' lang='lat' dir='ltr'>globus</span> <span class='ocrx_word' id='word_1_361' title='bbox 271 3417 382 3477; x_wconf 88' lang='lat' dir='ltr'>Terrae</span> <span class='ocrx_word' id='word_1_362' title='bbox 401 3424 534 3477; x_wconf 90' lang='lat' dir='ltr'>remotus</span> <span class='ocrx_word' id='word_1_363' title='bbox 559 3437 578 3477; x_wconf 88' lang='lat' dir='ltr'>a</span> <span class='ocrx_word' id='word_1_364' title='bbox 601 3415 672 3478; x_wconf 90' lang='grc'>8010</span> <span class='ocrx_word' id='word_1_365' title='bbox 697 3418 726 3479; x_wconf 94' lang='grc'>10</span> <span class='ocrx_word' id='word_1_366' title='bbox 751 3437 886 3498; x_wconf 72' lang='grc'>0000000</span> <span class='ocrx_word' id='word_1_367' title='bbox 911 3417 997 3479; x_wconf 89' lang='lat' dir='ltr'>tarde</span> <span class='ocrx_word' id='word_1_368' title='bbox 1019 3417 1199 3485; x_wconf 88' lang='lat' dir='ltr'>volveretur,</span> <span class='ocrx_word' id='word_1_369' title='bbox 1224 3413 1312 3494; x_wconf 89' lang='lat' dir='ltr'>qnasi</span> <span class='ocrx_word' id='word_1_370' title='bbox 1331 3434 1351 3474; x_wconf 97' lang='grc'>0</span> <span class='ocrx_word' id='word_1_371' title='bbox 1370 3409 1479 3475; x_wconf 86' lang='lat' dir='ltr'>tenuiori</span> 
     </span>
     <span class='ocr_line' id='line_1_36' title="bbox 139 3500 1477 3587; baseline -0.002 -22"><span class='ocrx_word' id='word_1_372' title='bbox 139 3509 260 3580; x_wconf 89' lang='lat' dir='ltr'>virtute,</span> <span class='ocrx_word' id='word_1_373' title='bbox 285 3507 373 3585; x_wconf 89' lang='lat' dir='ltr'>plane</span> <span class='ocrx_word' id='word_1_374' title='bbox 399 3514 432 3566; x_wconf 94' lang='lat' dir='ltr'>ut</span> <span class='ocrx_word' id='word_1_375' title='bbox 454 3506 483 3566; x_wconf 92' lang='lat' dir='ltr'>in</span> <span class='ocrx_word' id='word_1_376' title='bbox 507 3524 573 3566; x_wconf 88' lang='lat' dir='ltr'>rneo</span> <span class='ocrx_word' id='word_1_377' title='bbox 598 3507 740 3585; x_wconf 90' lang='lat' dir='ltr'>opusculo</span> <span class='ocrx_word' id='word_1_378' title='bbox 764 3516 826 3568; x_wconf 88' lang='lat' dir='ltr'>tres</span> <span class='ocrx_word' id='word_1_379' title='bbox 852 3506 1020 3587; x_wconf 88' lang='lat' dir='ltr'>superiores</span> <span class='ocrx_word' id='word_1_380' title='bbox 1043 3504 1073 3566; x_wconf 93' lang='lat' dir='ltr'>in</span> <span class='ocrx_word' id='word_1_381' title='bbox 1090 3503 1152 3567; x_wconf 89' lang='lat' dir='ltr'>suis</span> <span class='ocrx_word' id='word_1_382' title='bbox 1176 3501 1340 3583; x_wconf 88' lang='lat' dir='ltr'>epicycliis,</span> <span class='ocrx_word' id='word_1_383' title='bbox 1367 3502 1396 3565; x_wconf 94' lang='grc'>10</span> <span class='ocrx_word' id='word_1_384' title='bbox 1411 3500 1477 3583; x_wconf 85' lang='lat' dir='ltr'>peri·</span> 
     </span>
    </p>

    <p class='ocr_par' dir='ltr' id='par_1_4' title="bbox 27 3584 1520 4829">
     <span class='ocr_line' id='line_1_37' title="bbox 139 3584 1520 3676; baseline -0.004 -19"><span class='ocrx_word' id='word_1_385' title='bbox 139 3594 887 3676; x_wconf 69' lang='grc'>000001010101010011001001001001000010001.</span> <span class='ocrx_word' id='word_1_386' title='bbox 934 3595 1001 3655; x_wconf 91' lang='lat' dir='ltr'>Hoc</span> <span class='ocrx_word' id='word_1_387' title='bbox 1023 3594 1112 3673; x_wconf 85' lang='lat' dir='ltr'>modo</span> <span class='ocrx_word' id='word_1_388' title='bbox 1137 3606 1203 3658; x_wconf 69' lang='lat' dir='ltr'>aea</span> <span class='ocrx_word' id='word_1_389' title='bbox 1227 3591 1267 3652; x_wconf 90' lang='lat' dir='ltr'>ad</span> <span class='ocrx_word' id='word_1_390' title='bbox 1291 3601 1339 3657; x_wconf 53' lang='grc' dir='ltr'>ἐξ</span> <span class='ocrx_word' id='word_1_391' title='bbox 1364 3584 1477 3653; x_wconf 75' lang='grc'>110090</span> <span class='ocrx_word' id='word_1_392' title='bbox 1515 3619 1520 3633; x_wconf 87' lang='grc'><em>·</em></span> 
     </span>
     <span class='ocr_line' id='line_1_38' title="bbox 139 3680 1477 3764; baseline -0.006 -18"><span class='ocrx_word' id='word_1_393' title='bbox 139 3684 268 3760; x_wconf 88' lang='lat' dir='ltr'>circiter,</span> <span class='ocrx_word' id='word_1_394' title='bbox 294 3683 443 3745; x_wconf 90' lang='lat' dir='ltr'>tardiores</span> <span class='ocrx_word' id='word_1_395' title='bbox 468 3682 634 3762; x_wconf 88' lang='lat' dir='ltr'>nonaginta</span> <span class='ocrx_word' id='word_1_396' title='bbox 656 3686 846 3764; x_wconf 85' lang='lat' dir='ltr'>aequalibus,</span> <span class='ocrx_word' id='word_1_397' title='bbox 872 3683 992 3746; x_wconf 91' lang='lat' dir='ltr'>circiter</span> <span class='ocrx_word' id='word_1_398' title='bbox 1014 3680 1035 3743; x_wconf 80' lang='lat'>2</span> <span class='ocrx_word' id='word_1_399' title='bbox 1058 3682 1199 3743; x_wconf 90' lang='lat' dir='ltr'>horarum</span> <span class='ocrx_word' id='word_1_400' title='bbox 1224 3681 1324 3759; x_wconf 88' lang='lat' dir='ltr'>spatio</span> <span class='ocrx_word' id='word_1_401' title='bbox 1349 3680 1477 3741; x_wconf 88' lang='lat' dir='ltr'>metiren-</span> 
     </span>
     <span class='ocr_line' id='line_1_39' title="bbox 138 3769 1476 3853; baseline -0.009 -16"><span class='ocrx_word' id='word_1_402' title='bbox 138 3786 187 3837; x_wconf 91' lang='lat' dir='ltr'>tur</span> <span class='ocrx_word' id='word_1_403' title='bbox 210 3775 356 3852; x_wconf 88' lang='lat' dir='ltr'>majorem</span> <span class='ocrx_word' id='word_1_404' title='bbox 380 3773 485 3834; x_wconf 90' lang='lat' dir='ltr'>Lunae</span> <span class='ocrx_word' id='word_1_405' title='bbox 510 3781 631 3844; x_wconf 91' lang='lat' dir='ltr'>motum,</span> <span class='ocrx_word' id='word_1_406' title='bbox 655 3793 743 3853; x_wconf 89' lang='lat' dir='ltr'>quam</span> <span class='ocrx_word' id='word_1_407' title='bbox 767 3773 874 3853; x_wconf 92' lang='lat' dir='ltr'>reliqui</span> <span class='ocrx_word' id='word_1_408' title='bbox 899 3792 918 3833; x_wconf 90' lang='lat' dir='ltr'>a</span> <span class='ocrx_word' id='word_1_409' title='bbox 941 3784 988 3837; x_wconf 47' lang='grc' dir='ltr'>Δ</span> <span class='ocrx_word' id='word_1_410' title='bbox 1013 3771 1052 3831; x_wconf 94' lang='lat' dir='ltr'>ad</span> <span class='ocrx_word' id='word_1_411' title='bbox 1075 3775 1109 3846; x_wconf 93' lang='lat'><strong><em>5</em></strong></span> <span class='ocrx_word' id='word_1_412' title='bbox 1133 3770 1252 3832; x_wconf 89' lang='lat' dir='ltr'>veloces</span> <span class='ocrx_word' id='word_1_413' title='bbox 1277 3769 1413 3848; x_wconf 90' lang='lat' dir='ltr'>ejusdem</span> <span class='ocrx_word' id='word_1_414' title='bbox 1434 3784 1476 3829; x_wconf 90' lang='lat' dir='ltr'>uu·</span> 
     </span>
     <span class='ocr_line' id='line_1_40' title="bbox 138 3857 1477 3941; baseline -0.007 -19"><span class='ocrx_word' id='word_1_415' title='bbox 138 3863 221 3923; x_wconf 89' lang='lat' dir='ltr'>meri.</span> <span class='ocrx_word' id='word_1_416' title='bbox 270 3860 381 3923; x_wconf 91' lang='lat' dir='ltr'>Cetera</span> <span class='ocrx_word' id='word_1_417' title='bbox 405 3861 542 3923; x_wconf 90' lang='lat' dir='ltr'>similiter</span> <span class='ocrx_word' id='word_1_418' title='bbox 565 3862 781 3941; x_wconf 86' lang='lat' dir='ltr'>intelligantur.</span> <span class='ocrx_word' id='word_1_419' title='bbox 829 3862 907 3924; x_wconf 83' lang='grc'>11100</span> <span class='ocrx_word' id='word_1_420' title='bbox 929 3861 1007 3922; x_wconf 84' lang='grc'>00110</span> <span class='ocrx_word' id='word_1_421' title='bbox 1026 3857 1221 3928; x_wconf 88' lang='lat' dir='ltr'>valiturasit,</span> <span class='ocrx_word' id='word_1_422' title='bbox 1245 3858 1352 3939; x_wconf 87' lang='lat' dir='ltr'>etqui</span> <span class='ocrx_word' id='word_1_423' title='bbox 1376 3858 1477 3937; x_wconf 85' lang='lat' dir='ltr'>placeat</span> 
     </span>
     <span class='ocr_line' id='line_1_41' title="bbox 139 3946 1476 4030; baseline -0.007 -19"><span class='ocrx_word' id='word_1_424' title='bbox 139 3960 278 4029; x_wconf 86' lang='lat' dir='ltr'>utraque,</span> <span class='ocrx_word' id='word_1_425' title='bbox 312 3950 350 4010; x_wconf 86' lang='lat' dir='ltr'>ab</span> <span class='ocrx_word' id='word_1_426' title='bbox 374 3949 432 4010; x_wconf 77' lang='lat' dir='ltr'>Ex.</span> <span class='ocrx_word' id='word_1_427' title='bbox 457 3950 491 4010; x_wconf 88' lang='lat' dir='ltr'>T.</span> <span class='ocrx_word' id='word_1_428' title='bbox 519 3950 664 4029; x_wconf 90' lang='lat' dir='ltr'>judicium</span> <span class='ocrx_word' id='word_1_429' title='bbox 695 3960 850 4030; x_wconf 78' lang='lat' dir='ltr'>exspecto.</span> <span class='ocrx_word' id='word_1_430' title='bbox 897 3952 1008 4011; x_wconf 84' lang='lat' dir='ltr'>Fateor</span> <span class='ocrx_word' id='word_1_431' title='bbox 1032 3948 1165 4027; x_wconf 90' lang='lat' dir='ltr'>quidem,</span> <span class='ocrx_word' id='word_1_432' title='bbox 1198 3946 1225 4007; x_wconf 89' lang='lat' dir='ltr'>si</span> <span class='ocrx_word' id='word_1_433' title='bbox 1256 3965 1329 4009; x_wconf 90' lang='lat' dir='ltr'>vere</span> <span class='ocrx_word' id='word_1_434' title='bbox 1364 3947 1476 4008; x_wconf 84' lang='lat' dir='ltr'>variaret</span> 
     </span>
     <span class='ocr_line' id='line_1_42' title="bbox 140 4035 1474 4119; baseline -0.004 -19"><span class='ocrx_word' id='word_1_435' title='bbox 140 4057 280 4100; x_wconf 89' lang='lat' dir='ltr'>mensura</span> <span class='ocrx_word' id='word_1_436' title='bbox 303 4045 416 4112; x_wconf 89' lang='lat' dir='ltr'>motus,</span> <span class='ocrx_word' id='word_1_437' title='bbox 446 4056 533 4117; x_wconf 90' lang='lat' dir='ltr'>quam</span> <span class='ocrx_word' id='word_1_438' title='bbox 558 4058 660 4099; x_wconf 89' lang='lat' dir='ltr'>omues</span> <span class='ocrx_word' id='word_1_439' title='bbox 684 4040 929 4119; x_wconf 89' lang='lat' dir='ltr'>aequalissimam</span> <span class='ocrx_word' id='word_1_440' title='bbox 952 4044 1066 4118; x_wconf 90' lang='lat' dir='ltr'>ponunt</span> <span class='ocrx_word' id='word_1_441' title='bbox 1088 4045 1120 4096; x_wconf 88' lang='lat' dir='ltr'>et</span> <span class='ocrx_word' id='word_1_442' title='bbox 1142 4035 1314 4116; x_wconf 88' lang='lat' dir='ltr'>philosophi</span> <span class='ocrx_word' id='word_1_443' title='bbox 1337 4042 1474 4097; x_wconf 76' lang='grc'>0100100</span> 
     </span>
     <span class='ocr_line' id='line_1_43' title="bbox 141 4121 1475 4204; baseline -0.003 -16"><span class='ocrx_word' id='word_1_444' title='bbox 141 4127 235 4202; x_wconf 89' lang='lat' dir='ltr'>nomi,</span> <span class='ocrx_word' id='word_1_445' title='bbox 261 4146 298 4188; x_wconf 83' lang='lat' dir='ltr'>ex</span> <span class='ocrx_word' id='word_1_446' title='bbox 321 4145 356 4187; x_wconf 95' lang='grc'>00</span> <span class='ocrx_word' id='word_1_447' title='bbox 380 4145 438 4186; x_wconf 91' lang='grc'>000</span> <span class='ocrx_word' id='word_1_448' title='bbox 463 4127 566 4187; x_wconf 90' lang='lat' dir='ltr'>Lunae</span> <span class='ocrx_word' id='word_1_449' title='bbox 592 4129 702 4189; x_wconf 86' lang='lat' dir='ltr'>saltem</span> <span class='ocrx_word' id='word_1_450' title='bbox 725 4128 779 4189; x_wconf 91' lang='lat' dir='ltr'>sed</span> <span class='ocrx_word' id='word_1_451' title='bbox 803 4137 971 4189; x_wconf 88' lang='lat' dir='ltr'>ceterorum</span> <span class='ocrx_word' id='word_1_452' title='bbox 993 4125 1085 4186; x_wconf 87' lang='lat' dir='ltr'>etiam</span> <span class='ocrx_word' id='word_1_453' title='bbox 1108 4125 1300 4204; x_wconf 83' lang='lat' dir='ltr'>planetarum</span> <span class='ocrx_word' id='word_1_454' title='bbox 1322 4132 1421 4186; x_wconf 89' lang='lat' dir='ltr'>motus</span> <span class='ocrx_word' id='word_1_455' title='bbox 1439 4121 1475 4182; x_wconf 89' lang='lat' dir='ltr'>iu·</span> 
     </span>
     <span class='ocr_line' id='line_1_44' title="bbox 140 4208 1473 4296; baseline -0.002 -19"><span class='ocrx_word' id='word_1_456' title='bbox 140 4217 283 4296; x_wconf 89' lang='lat' dir='ltr'>aequales</span> <span class='ocrx_word' id='word_1_457' title='bbox 308 4215 507 4294; x_wconf 88' lang='lat' dir='ltr'>appariturus.</span> <span class='ocrx_word' id='word_1_458' title='bbox 555 4213 617 4276; x_wconf 90' lang='lat' dir='ltr'>Sed</span> <span class='ocrx_word' id='word_1_459' title='bbox 637 4216 666 4276; x_wconf 92' lang='lat' dir='ltr'>in</span> <span class='ocrx_word' id='word_1_460' title='bbox 689 4217 777 4277; x_wconf 91' lang='lat' dir='ltr'>Luna</span> <span class='ocrx_word' id='word_1_461' title='bbox 800 4215 915 4278; x_wconf 87' lang='lat' dir='ltr'>duabus</span> <span class='ocrx_word' id='word_1_462' title='bbox 938 4214 1020 4276; x_wconf 90' lang='lat' dir='ltr'>horis</span> <span class='ocrx_word' id='word_1_463' title='bbox 1044 4233 1118 4275; x_wconf 91' lang='lat' dir='ltr'>uuus</span> <span class='ocrx_word' id='word_1_464' title='bbox 1143 4213 1255 4294; x_wconf 90' lang='lat' dir='ltr'>gradus</span> <span class='ocrx_word' id='word_1_465' title='bbox 1274 4208 1473 4287; x_wconf 73' lang='lat' dir='ltr'>conficituriu</span> 
     </span>
     <span class='ocr_line' id='line_1_45' title="bbox 139 4299 1474 4385; baseline -0.006 -18"><span class='ocrx_word' id='word_1_466' title='bbox 139 4304 211 4367; x_wconf 91' lang='grc'>8010</span> <span class='ocrx_word' id='word_1_467' title='bbox 236 4303 255 4365; x_wconf 81' lang='grc'>5</span> <span class='ocrx_word' id='word_1_468' title='bbox 280 4304 434 4383; x_wconf 88' lang='grc'>00000010,</span> <span class='ocrx_word' id='word_1_469' title='bbox 467 4323 544 4383; x_wconf 86' lang='lat' dir='ltr'>qnae</span> <span class='ocrx_word' id='word_1_470' title='bbox 573 4305 759 4385; x_wconf 88' lang='lat' dir='ltr'>aprincipio</span> <span class='ocrx_word' id='word_1_471' title='bbox 784 4305 901 4367; x_wconf 88' lang='lat' dir='ltr'>Arietis</span> <span class='ocrx_word' id='word_1_472' title='bbox 917 4310 1086 4365; x_wconf 83' lang='lat' dir='ltr'>mumerata</span> <span class='ocrx_word' id='word_1_473' title='bbox 1113 4301 1348 4364; x_wconf 87' lang='lat' dir='ltr'>declinationem</span> <span class='ocrx_word' id='word_1_474' title='bbox 1374 4299 1474 4382; x_wconf 76' lang='lat' dir='ltr'>pariunt</span> 
     </span>
     <span class='ocr_line' id='line_1_46' title="bbox 27 4383 1472 4474; baseline -0.005 -18"><span class='ocrx_word' id='word_1_475' title='bbox 27 4405 32 4413; x_wconf 82' lang='lat'><strong><em>‘</em></strong></span> <span class='ocrx_word' id='word_1_476' title='bbox 139 4414 197 4456; x_wconf 92' lang='grc'>000</span> <span class='ocrx_word' id='word_1_477' title='bbox 221 4393 365 4474; x_wconf 89' lang='lat' dir='ltr'>maj0rem</span> <span class='ocrx_word' id='word_1_478' title='bbox 385 4389 405 4453; x_wconf 85' lang='lat'>2</span> <span class='ocrx_word' id='word_1_479' title='bbox 429 4392 590 4471; x_wconf 90' lang='lat' dir='ltr'>scrupulis,</span> <span class='ocrx_word' id='word_1_480' title='bbox 625 4394 749 4473; x_wconf 91' lang='lat' dir='ltr'>etquid</span> <span class='ocrx_word' id='word_1_481' title='bbox 773 4401 851 4468; x_wconf 88' lang='lat' dir='ltr'>turn,</span> <span class='ocrx_word' id='word_1_482' title='bbox 886 4393 911 4455; x_wconf 89' lang='lat' dir='ltr'>si</span> <span class='ocrx_word' id='word_1_483' title='bbox 935 4392 1069 4453; x_wconf 90' lang='lat' dir='ltr'>dicamus</span> <span class='ocrx_word' id='word_1_484' title='bbox 1091 4391 1123 4454; x_wconf 91' lang='lat' dir='ltr'>in</span> <span class='ocrx_word' id='word_1_485' title='bbox 1147 4390 1364 4453; x_wconf 88' lang='lat' dir='ltr'>constitutione</span> <span class='ocrx_word' id='word_1_486' title='bbox 1387 4383 1472 4469; x_wconf 85' lang='lat' dir='ltr'>aequi·</span> 
     </span>
     <span class='ocr_line' id='line_1_47' title="bbox 140 4477 1470 4546; baseline -0.005 -2"><span class='ocrx_word' id='word_1_487' title='bbox 140 4485 306 4546; x_wconf 91' lang='lat' dir='ltr'>noctiorum</span> <span class='ocrx_word' id='word_1_488' title='bbox 336 4481 374 4543; x_wconf 93' lang='lat' dir='ltr'>ab</span> <span class='ocrx_word' id='word_1_489' title='bbox 406 4481 651 4544; x_wconf 88' lang='lat' dir='ltr'>observatoribus</span> <span class='ocrx_word' id='word_1_490' title='bbox 684 4491 813 4544; x_wconf 90' lang='lat' dir='ltr'>erratum</span> <span class='ocrx_word' id='word_1_491' title='bbox 847 4501 913 4543; x_wconf 89' lang='lat' dir='ltr'>esse</span> <span class='ocrx_word' id='word_1_492' title='bbox 942 4480 1089 4543; x_wconf 88' lang='lat' dir='ltr'>hacteuus</span> <span class='ocrx_word' id='word_1_493' title='bbox 1121 4480 1161 4542; x_wconf 91' lang='lat' dir='ltr'>ad</span> <span class='ocrx_word' id='word_1_494' title='bbox 1193 4477 1329 4543; x_wconf 83' lang='lat' dir='ltr'>2horas</span> <span class='ocrx_word' id='word_1_495' title='bbox 1362 4487 1393 4541; x_wconf 90' lang='lat' dir='ltr'>et</span> <span class='ocrx_word' id='word_1_496' title='bbox 1421 4490 1470 4538; x_wconf 75' lang='lat' dir='ltr'>esst</span> 
     </span>
     <span class='ocr_line' id='line_1_48' title="bbox 143 4559 1471 4653; baseline -0.006 -19"><span class='ocrx_word' id='word_1_497' title='bbox 143 4570 183 4635; x_wconf 91' lang='lat'>10</span> <span class='ocrx_word' id='word_1_498' title='bbox 208 4571 356 4653; x_wconf 89' lang='lat' dir='ltr'>scrupulis</span> <span class='ocrx_word' id='word_1_499' title='bbox 389 4570 531 4650; x_wconf 90' lang='lat' dir='ltr'>majorem</span> <span class='ocrx_word' id='word_1_500' title='bbox 551 4571 770 4633; x_wconf 86' lang='lat' dir='ltr'>semicirculum</span> <span class='ocrx_word' id='word_1_501' title='bbox 793 4571 957 4645; x_wconf 89' lang='lat' dir='ltr'>aestivum,</span> <span class='ocrx_word' id='word_1_502' title='bbox 992 4589 1081 4650; x_wconf 89' lang='lat' dir='ltr'>quam</span> <span class='ocrx_word' id='word_1_503' title='bbox 1108 4577 1234 4650; x_wconf 87' lang='lat' dir='ltr'>putatus</span> <span class='ocrx_word' id='word_1_504' title='bbox 1256 4568 1300 4630; x_wconf 90' lang='lat' dir='ltr'>sit</span> <span class='ocrx_word' id='word_1_505' title='bbox 1326 4559 1471 4631; x_wconf 77' lang='lat' dir='ltr'>hactenus?</span> 
     </span>
     <span class='ocr_line' id='line_1_49' title="bbox 140 4656 1469 4736; baseline -0.002 -14"><span class='ocrx_word' id='word_1_506' title='bbox 140 4663 224 4722; x_wconf 85' lang='lat' dir='ltr'>Haec</span> <span class='ocrx_word' id='word_1_507' title='bbox 247 4662 325 4722; x_wconf 90' lang='lat' dir='ltr'>euim</span> <span class='ocrx_word' id='word_1_508' title='bbox 349 4668 437 4722; x_wconf 87' lang='lat' dir='ltr'>tanta</span> <span class='ocrx_word' id='word_1_509' title='bbox 459 4677 518 4720; x_wconf 90' lang='lat' dir='ltr'>non</span> <span class='ocrx_word' id='word_1_510' title='bbox 542 4668 625 4732; x_wconf 91' lang='lat' dir='ltr'>sunt,</span> <span class='ocrx_word' id='word_1_511' title='bbox 656 4668 689 4721; x_wconf 92' lang='lat' dir='ltr'>ut</span> <span class='ocrx_word' id='word_1_512' title='bbox 717 4661 755 4722; x_wconf 91' lang='lat' dir='ltr'>ab</span> <span class='ocrx_word' id='word_1_513' title='bbox 779 4661 1044 4722; x_wconf 88' lang='lat' dir='ltr'>instrumentorum</span> <span class='ocrx_word' id='word_1_514' title='bbox 1067 4659 1239 4722; x_wconf 86' lang='lat' dir='ltr'>subtilitate</span> <span class='ocrx_word' id='word_1_515' title='bbox 1268 4656 1390 4736; x_wconf 85' lang='lat' dir='ltr'>coargui</span> <span class='ocrx_word' id='word_1_516' title='bbox 1415 4669 1469 4734; x_wconf 64' lang='lat' dir='ltr'>pul·</span> 
     </span>
     <span class='ocr_line' id='line_1_50' title="bbox 141 4733 1469 4829; baseline -0.003 -17"><span class='ocrx_word' id='word_1_517' title='bbox 141 4751 212 4812; x_wconf 94' lang='lat' dir='ltr'>sint.</span> <span class='ocrx_word' id='word_1_518' title='bbox 260 4752 291 4812; x_wconf 94' lang='lat' dir='ltr'>lu</span> <span class='ocrx_word' id='word_1_519' title='bbox 317 4750 436 4811; x_wconf 85' lang='lat' dir='ltr'>Venere</span> <span class='ocrx_word' id='word_1_520' title='bbox 461 4757 492 4809; x_wconf 90' lang='grc'>01</span> <span class='ocrx_word' id='word_1_521' title='bbox 506 4749 654 4810; x_wconf 90' lang='lat' dir='ltr'>Mercurio</span> <span class='ocrx_word' id='word_1_522' title='bbox 677 4750 810 4828; x_wconf 76' lang='lat' dir='ltr'>pauxillo</span> <span class='ocrx_word' id='word_1_523' title='bbox 835 4750 929 4829; x_wconf 70' lang='lat' dir='ltr'>maior</span> <span class='ocrx_word' id='word_1_524' title='bbox 952 4749 1005 4810; x_wconf 85' lang='lat' dir='ltr'>fiet</span> <span class='ocrx_word' id='word_1_525' title='bbox 1025 4747 1196 4809; x_wconf 87' lang='lat' dir='ltr'>differentia</span> <span class='ocrx_word' id='word_1_526' title='bbox 1219 4743 1239 4810; x_wconf 87' lang='lat'>5</span> <span class='ocrx_word' id='word_1_527' title='bbox 1259 4745 1411 4827; x_wconf 85' lang='lat' dir='ltr'>scrupulis,</span> <span class='ocrx_word' id='word_1_528' title='bbox 1430 4733 1469 4801; x_wconf 66' lang='lat' dir='ltr'>etl</span> 
     </span>
    </p>
   </div>
   <div class='ocr_carea' id='block_1_3' title="bbox 0 0 1648 5542">
    <p class='ocr_par' dir='ltr' id='par_1_5' title="bbox 0 0 1648 5542">
     <span class='ocr_line' id='line_1_51' title="bbox 0 0 1648 5542; baseline 0 0"><span class='ocrx_word' id='word_1_529' title='bbox 0 0 1648 5542; x_wconf 95' lang='lat' dir='ltr'> </span> 
     </span>
    </p>
   </div>
  </div>
 </body>
</html>
