3278 5542
662 348 783 402 W
800 349 949 414 Μ
1423 349 1485 418 tot

118 509 355 573 restaurationis
387 506 634 580 astronomiae(
618 509 773 589 (coeptam
804 529 825 570 a
852 509 994 590 lychnus
1016 509 1116 572 Braha
1146 508 1344 575 stabilitate
1368 510 1487 576 Darios

118 598 366 662 celebratissima
390 598 580 670 astronomo)
613 598 710 658 facem
733 616 792 660 non
817 616 904 659 uuam
931 598 1157 679 praetulerunt:
1191 598 1318 678 denique
1342 599 1485 681 quidquid

118 688 186 750 iera
219 676 363 750 librorum
394 685 664 749 astronomicarum
696 705 734 747 ex
762 686 813 748 illo
845 688 981 790 temporie
1011 687 1105 762 edidi,
1129 688 1160 749 id
1189 689 1228 750 ad
1250 706 1341 751 unum
1363 688 1484 770 aliquod

118 777 351 858 praecipuorum
386 777 520 855 capitum
559 774 616 836 hoc
655 775 757 836 libello
783 775 1005 856 propositorum
1043 777 1148 838 referri
1175 776 1287 856 potuit,
1321 776 1406 855 cujus
1432 787 1487 841 aut

118 865 356 928 illustrationem
379 873 434 927 aut
455 864 688 944 integrationem
711 865 898 940 confiderem
922 884 980 927 nou
1003 865 1140 945 equidem
1164 884 1265 928 amore
1283 874 1416 930 nemum
1433 866 1484 930 in-

118 954 307 1025 umtiouum,
330 954 413 1016 absit
432 954 543 1017 iterum
565 954 640 1015 baec
663 953 794 1028 insania,
819 954 874 1016 sed
897 953 967 1034 qnia
989 955 1079 1017 rebus
1101 954 1178 1034 ipsis
1201 963 1233 1017 et
1261 954 1484 1019 observationi·

118 1043 179 1105 bus
202 1043 354 1125 Tychcnis
376 1042 489 1105 Brshei
511 1043 569 1104 lide
594 1042 673 1104 omui
697 1042 880 1123 dignissimis
903 1043 1028 1105 edoctus
1044 1043 1099 1113 fni.
1115 1044 1227 1106 nnllam
1246 1042 1339 1106 aliam
1356 1043 1484 1108 inveniri

118 1148 214 1213 passa
238 1132 319 1193 viam
342 1132 381 1193 ad
403 1131 617 1212 perfectionem
642 1132 844 1194 astronomiae
868 1132 1135 1212 certitudinemque
1159 1131 1277 1206 calami,
1301 1132 1416 1198 nullam
1444 1133 1484 1196 sd

120 1220 366 1283 constituendam
389 1221 547 1283 scientiam
568 1221 656 1300 hujus
680 1239 734 1282 seu
747 1221 845 1301 partis
860 1222 1086 1304 metaphysioae
1101 1223 1145 1283 de¹
1153 1222 1247 1295 coelo,
1268 1239 1321 1283 sen
1338 1218 1488 1304 physicae

120 1310 276 1384 coelestis,
297 1328 386 1390 quam
409 1328 485 1391 quae
508 1308 566 1371 hoc
590 1309 691 1372 libello
714 1310 764 1371 vel
787 1327 931 1391 expresse
953 1310 1153 1391 praescripta,
1177 1310 1226 1371 vel
1245 1309 1359 1373 timidis
1374 1310 1483 1374 saltem

121 1398 314 1480 opinionibus
337 1409 370 1460 et
392 1398 458 1461 rudi
480 1398 620 1460 Minerva
643 1397 822 1461 adumbrata
844 1407 937 1462 esset.
985 1400 1095 1461 Testes
1117 1399 1194 1462 sisto
1216 1399 1279 1461 illic
1294 1396 1482 1461 Commen-

120 1487 223 1550 taria
244 1487 380 1550 Martis
403 1507 432 1548 a.
461 1483 544 1551 1609
568 1487 661 1561 ιιίιι,
685 1506 820 1568 quaeque
843 1488 940 1551 adhuc
964 1488 1043 1550 domi
1065 1506 1168 1569 premo
1193 1485 1484 1552 Commentario

121 1576 163 1639 de
198 1575 357 1639 motibus
388 1584 594 1639 ceterorum
621 1576 871 1657 planetarum,
904 1577 951 1639 hic
982 1596 1054 1639 vero
1086 1577 1325 1640 Harmoniccs
1358 1577 1482 1641 Mundi

120 1664 215 1727 libros
239 1666 280 1740 V,
303 1686 334 1726 a.
362 1661 446 1728 1619
471 1664 626 1746 vulgatos,
663 1673 695 1728 et
720 1664 915 1745 Epitomes
939 1667 1201 1729 Astrouumias
1230 1664 1338 1729 librum
1365 1666 1427 1739 lv,
1451 1685 1480 1729 a.

125 1749 209 1816 1620
231 1754 422 1816 absolutum:
447 1761 545 1816 testes
568 1762 617 1816 tot
638 1773 760 1816 numero
784 1754 928 1830 lactares,
952 1756 1021 1836 qui,
1045 1775 1084 1816 ex
1107 1774 1165 1836 qno
1189 1753 1272 1816 nacti
1295 1761 1366 1817 sunt
1388 1773 1482 1834 opera

121 1842 213 1916 dicta,
233 1844 301 1922 jam
324 1844 362 1905 ab
386 1843 472 1905 annis
496 1845 571 1906 bene
594 1843 697 1906 multis
721 1845 905 1924 exemplaria
927 1846 1068 1924 flagitant
1089 1845 1200 1907 dudum
1224 1841 1372 1906 distracta
1391 1843 1481 1924 liujus

121 1933 207 2010 primi
232 1932 291 1994 mei
315 1933 427 2007 libelli,
452 1939 486 1993 ut
510 1952 547 1993 ex
570 1951 628 2012 qno
650 1940 714 1994 tam
737 1934 833 1995 multa
854 1934 958 1996 vident
980 1934 1119 1996 derivata
1140 1934 1340 1995 theoremata.
1411 1949 1414 1955 ·

209 2019 287 2083 Cum
310 2021 401 2100 igitur
424 2022 573 2082 instarent
596 2022 693 2095 amici,
717 2041 775 2084 uon
800 2022 913 2085 librarii
935 2030 1062 2098 tautum,
1088 2024 1142 2084 sed
1160 2022 1252 2084 otiam
1271 2021 1480 2103 philosophias

118 2111 227 2185 periti,
252 2120 286 2171 ut
309 2110 470 2172 secundam
494 2110 655 2181 editionem
678 2111 875 2173 adornarent:
909 2112 999 2173 officii
1026 2111 1146 2191 quidem
1177 2110 1236 2173 mei
1263 2110 1385 2190 putavi,
1420 2126 1479 2173 uon

118 2197 230 2262 diutius
247 2218 414 2279 repugnare
422 2218 431 2272 ;
457 2200 492 2261 de
518 2200 605 2261 modo
628 2207 729 2262 tamen
754 2200 894 2262 editionis
918 2201 1135 2280 aliquantulum
1158 2199 1336 2262 contradixi.
1383 2200 1481 2262 Ειιιι

118 2290 192 2350 uim
234 2288 286 2367 qui
327 2289 530 2360 consulerent,
570 2288 702 2351 libellum
726 2290 930 2364 emendarem,
957 2307 1114 2369 augerem,
1144 2289 1335 2369 perficerem
1368 2306 1479 2351 moram

119 2379 236 2440 cilicet
261 2386 427 2438 ceterorum
459 2385 611 2451 autorum,
642 2396 728 2458 quem
757 2385 862 2440 teuent
890 2379 920 2439 iu
951 2378 1123 2439 excolendis
1152 2379 1236 2439 libris
1268 2377 1415 2457 propriis,
1446 2384 1479 2438 et

118 2484 175 2530 sse
206 2466 410 2527 observarem.
453 2466 526 2527 Mihi
551 2473 657 2527 contra
680 2466 724 2528 sic
750 2468 865 2541 visum,
903 2487 958 2529 nec
990 2466 1093 2547 perfici
1120 2466 1254 2529 libellum
1280 2484 1390 2546 posse,
1419 2465 1477 2528 uisi

118 2555 311 2632 rauseriptis
334 2554 362 2614 in
387 2555 469 2616 illum
493 2555 643 2635 plerisque
667 2573 799 2617 meorum
822 2575 954 2635 opemm,
981 2575 1056 2637 quae
1080 2574 1133 2635 per
1148 2556 1203 2617 hos
1218 2553 1260 2618 25
1276 2574 1371 2617 anuos
1386 2554 1476 2628 edidi,

118 2663 188 2708 ene
216 2643 353 2722 integris,
379 2663 432 2704 uec
457 2643 512 2706 hoc
531 2645 596 2723 jam
620 2653 737 2723 tempus
761 2645 889 2725 amplius
913 2665 990 2720 esse,
1015 2645 1122 2706 librum
1147 2645 1276 2724 aliquem
1298 2644 1355 2705 hoc
1377 2642 1477 2716 titulo,

118 2745 182 2798 ost
208 2733 311 2793 editos
330 2733 415 2806 alios,
432 2733 523 2794 veluti
547 2735 584 2794 de
608 2749 685 2795 novo
703 2734 889 2813 publicandi;
914 2735 1040 2814 denique
1065 2733 1196 2794 libellum
1219 2733 1330 2813 ipsum,
1354 2741 1479 2811 propter

118 2841 293 2887 necessum
308 2821 530 2890 admirabilem,
549 2841 604 2902 pro
618 2841 758 2884 mennon
781 2823 989 2903 reputandum,
1010 2842 1097 2902 quem
1113 2822 1262 2883 arbitratu
1280 2840 1346 2882 meo
1366 2828 1477 2882 mntem

118 2929 294 2993 ngeamve,
315 2911 383 2990 quin
399 2911 499 2991 potius
514 2912 661 2974 interesse
677 2911 808 2984 lectoris,
824 2921 859 2974 ut
872 2912 1032 2991 intelligat,
1049 2910 1189 2991 aquibus
1209 2910 1311 2979 initiis,
1323 2927 1476 2989 quousque

118 3002 282 3064 erductae
306 3017 324 3059 a
347 3019 393 3060 me
418 3000 528 3062 fuerint
546 3001 816 3081 contemplationes
832 3001 1010 3063 mundanae.
1040 2998 1240 3062 Vincentibus
1256 3017 1328 3078 ergo
1347 2997 1477 3060 rationi-

118 3111 160 3154 ns
190 3089 266 3149 istis
290 3089 415 3150 formam
437 3089 579 3150 editionis
602 3092 695 3152 talem
713 3090 801 3169 elegi,
825 3109 902 3171 quae
924 3091 1005 3152 solet
1028 3089 1182 3151 observari
1206 3090 1235 3150 iu
1260 3087 1345 3149 libris
1369 3086 1478 3149 alienis

118 3176 305 3251 ecudendis,
330 3177 380 3238 ubi
404 3178 474 3238 nihil
498 3185 662 3253 mutamus3
687 3198 762 3259 quae
786 3197 858 3241 vero
882 3181 949 3241 loca
971 3178 1181 3240 emendatione
1205 3186 1313 3258 egent,
1345 3184 1398 3238 ιιι
1419 3193 1476 3238 ιι-

118 3268 279 3332 licatione
303 3275 356 3327 ιιι
378 3266 598 3344 integratione,
623 3288 660 3330 aa
684 3268 908 3330 commentariis
931 3268 1108 3347 adjuvamus
1132 3266 1282 3329 differenti
1304 3273 1379 3347 typo
1401 3284 1476 3326 exa-

118 3359 198 3423 ctis.
251 3354 385 3417 Servivit
407 3357 482 3417 haec
506 3355 602 3417 torma
629 3364 660 3419 st
683 3358 820 3436 religioni
843 3367 875 3419 et
896 3358 1058 3432 brevitati,
1092 3364 1126 3418 ut
1157 3374 1274 3418 errores
1299 3355 1417 3435 quidem
1441 3353 1479 3415 da

118 3446 225 3509 nutis
250 3461 335 3506 meaa
358 3444 491 3506 tenebris
513 3454 598 3507 ortos
630 3447 888 3527 interspersosque
920 3446 1065 3508 materiae
1094 3445 1131 3507 de
1159 3444 1298 3524 operibus
1321 3443 1380 3508 Dei
1403 3461 1478 3522 per·

118 3533 293 3598 rarissimis
316 3533 381 3612 ipse
403 3552 598 3613 coarguerem
620 3535 748 3615 ingenue
763 3554 1042 3616 expungeremque:
1068 3552 1144 3614 quae
1164 3551 1234 3596 vero
1250 3525 1352 3611 capito
1371 3531 1477 3599 libelli

118 3625 173 3687 cie
203 3622 314 3684 mentis
338 3622 494 3697 irretorta,
528 3623 558 3684 iu
592 3625 689 3686 lumen
720 3624 795 3686 illud
826 3642 949 3704 opernm
980 3623 1146 3685 divinorum
1174 3621 1323 3684 ineffabile
1352 3619 1477 3695 directa,

118 3713 195 3775 tare
221 3712 442 3792 percepissem,
474 3721 527 3773 aut
557 3711 607 3773 ubi
640 3714 721 3775 vium
751 3714 870 3794 quidem
897 3720 1013 3775 rectam
1036 3712 1204 3791 ingressus,
1230 3709 1352 3771 nimium
1372 3715 1477 3770 ιιιιιι

118 3818 243 3881 erupere
267 3800 489 3876 substitissem,
514 3822 551 3862 ea
573 3820 780 3872 secernerem,
814 3811 846 3864 et
875 3801 982 3882 quibus
1006 3800 1073 3862 aliis
1098 3818 1220 3880 operum
1244 3816 1378 3860 meorum
1401 3796 1478 3862 lucto

118 3891 142 3952 ‚vl
172 3908 303 3968 scopum
327 3890 450 3951 tandem
473 3890 669 3970 pervenerim,
695 3891 800 3953 lectori
823 3891 1033 3970 significarem.
1060 3921 1101 3933 —

203 3977 249 4041 Ut
272 3977 363 4057 igitur
386 3978 519 4040 libellum
541 3978 570 4039 1ι
595 3981 651 4042 hac
675 3981 774 4042 altera
794 3980 946 4051 editione,
979 3979 1070 4041 etiam
1099 3977 1197 4059 quoad
1223 3977 1326 4058 ipsam
1349 3973 1475 4038 dedica·
1537 4030 1539 4034 ,

118 4068 239 4141 mem,
265 4067 461 4148 relinquerem
483 4069 640 4144 intactum,
664 4077 698 4131 ut
719 4069 818 4148 ipsum
842 4069 933 4131 etiam
955 4067 1137 4130 vestibulum
1160 4066 1359 4147 responderet
1378 4081 1476 4144 opus·

118 4160 179 4220 rut·
206 4155 341 4235 reliquo,
365 4156 490 4231 videtis,
516 4157 639 4236 opinor,
664 4159 811 4220 Procerus
833 4157 1095 4230 reverendissimi,
1121 4154 1362 4236 generosissimi,
1389 4153 1479 4217 aliur

118 4247 184 4309 nili
210 4262 270 4307 nou
296 4244 464 4306 tumendum
489 4246 599 4321 fuisse,
625 4247 694 4326 quin
715 4248 811 4309 etiam
834 4247 911 4309 hauc
934 4247 1096 4308 editionem
1125 4245 1163 4307 ad
1186 4245 1300 4325 primos
1322 4250 1479 4324 patronos,

118 4353 190 4416 usos
214 4335 245 4396 in
260 4333 428 4414 praemissa
442 4334 631 4399 dedicatione
646 4355 711 4398 sum
735 4337 892 4410 allocutus,
918 4342 980 4409 aut,
1006 4335 1031 4395 si
1049 4336 1099 4415 qui
1114 4353 1153 4396 ex
1167 4335 1223 4396 hcc
1238 4341 1373 4413 tempere
1387 4331 1478 4394 rebus

118 4421 256 4487 muana
276 4422 389 4484 exemti
414 4433 492 4499 sum,
518 4425 673 4487 adeorum
695 4426 771 4487 lilios
795 4433 848 4487 ιιι
871 4441 1062 4487 successores
1085 4426 1225 4504 (quorum
1248 4422 1406 4484 nonnullos
1428 4421 1477 4482 iu-

118 4519 201 4575 teraa
224 4513 385 4574 ’11ιιιιιιιι
408 4513 489 4576 orbis
513 4513 707 4587 Menarchus,
730 4515 873 4577 ιίιιιιιιι
888 4515 1081 4589 remunerati,
1101 4513 1138 4575 ad
1159 4530 1305 4576 summum
1320 4509 1477 4591 diguitatis

120 4603 232 4664 ιι1ιιιι
256 4605 435 4676 evexerunt.)
460 4603 585 4683 deraque
610 4603 649 4665 ad
668 4604 724 4666 hoc
739 4604 818 4667 idem
831 4621 940 4683 corpus
960 4603 1183 4666 communitatis
1196 4599 1475 4676 honoratissimum,
1543 4644 1546 4649 »

121 4690 200 4770 cuju
234 4690 393 4769 stipendiis
426 4691 564 4754 suffultus
597 4690 669 4755 olim
702 4693 834 4758 libellum
866 4692 1052 4772 conscripsi,
1088 4710 1169 4755 nora
1201 4689 1392 4794 dedicatione
1425 4708 1476 4760 re

123 4779 279 4842 uitterem

204 4868 271 4935 Neo
305 4868 385 4935 laris
416 4867 486 4936 nuti
513 4867 576 4936 hoc
607 4867 736 4955 agitami
762 4867 903 4950 praebuit
933 4869 1130 4935 incitamenta
1155 4867 1227 4933 iuda
1256 4865 1380 4954 Styrla'e
1400 4885 1477 4931 ιιι·
