3278 5542
533 304 545 334 ··
646 308 803 376 neuma
822 308 972 360 seruantur.
1107 285 1111 291 ’
1424 289 1492 377 437'

129 466 264 547 gandam
286 467 504 531 multitudinem
528 468 655 541 omnino,
671 476 738 529 arte
761 486 835 547 opus
858 477 922 541 est,
945 467 1170 545 etcognitione
1185 488 1286 532 eorum
1311 488 1386 548 quae
1406 489 1489 531 com-

128 553 263 618 muniter
287 557 402 619 animos
424 557 602 637 percellunt.
650 556 755 637 ltaque
789 557 883 618 sicubi
907 575 1013 635 pacem
1041 566 1073 618 et
1100 558 1230 637 quietem
1261 578 1329 619 esse
1351 567 1492 638 praestat

129 651 162 706 st
185 643 298 707 seditio
322 645 414 708 metui
437 652 739 725 potest-conventus
762 646 901 725 Augusto
926 654 958 707 et
980 645 1152 725 Septembri
1175 666 1213 709 ne
1236 649 1323 720 fiant,
1348 654 1402 709 aut
1425 647 1489 708 dis-

127 732 277 813 sipentur,
301 734 360 797 imo
384 754 495 812 causae
519 735 633 797 animos
658 743 875 814 exasperantes
899 742 1015 797 mature
1038 735 1199 810 tollantur;
1229 745 1282 798 aut
1310 736 1431 815 objecta
1457 752 1490 796 re
1539 795 1543 801 .

128 834 212 884 nova
244 824 446 903 cogitationes
478 825 628 885 hominum
662 825 838 886 alterantur.
886 823 940 885 Sin
973 824 1073 885 audax
1101 824 1221 902 aliquod
1250 825 1366 886 facinus
1390 824 1489 886 susci·

127 910 283 990 piendum,
306 914 386 993 quod
409 912 495 978 illato
518 923 633 976 terrore
657 913 871 975 conficiendum
894 912 943 982 sit,
968 914 1125 992 Angustus
1149 923 1325 994 occupatum
1349 912 1396 974 sin
1420 912 1488 974 ani-

127 1012 197 1062 mus
221 1003 375 1064 etiamad
399 1002 532 1065 laborem
557 1002 719 1080 durandus,
745 1001 925 1081 September
948 1010 1025 1063 esto.
1067 1003 1112 1063 At
1135 1003 1160 1063 si
1183 1001 1280 1065 hostis
1304 1002 1350 1063 hia
1374 1001 1488 1063 meusi-

127 1087 185 1151 bus
211 1090 324 1170 aliquid
347 1092 468 1164 audeat,
493 1093 658 1154 animorum
681 1091 917 1153 consternationi
941 1090 1186 1153 convenientibus
1209 1091 1350 1169 remediis
1370 1090 1488 1152 obviarn

127 1185 228 1240 eatur.
274 1179 353 1241 Esse
387 1182 464 1244 enirn
497 1181 571 1243 haec
604 1181 695 1243 etiam
727 1181 756 1242 in
788 1188 943 1259 potestate
966 1187 1086 1255 nostra,
1121 1182 1267 1259 quomodo
1286 1180 1410 1255 cadant,
1434 1196 1489 1240 nec

126 1265 271 1331 absoluta
294 1269 485 1344 necessaria,
520 1269 755 1333 luculentissimo
785 1269 922 1349 exemplo
954 1269 1004 1330 vel
1032 1269 1214 1350 praeteritus
1244 1289 1338 1331 annus
1366 1276 1415 1329 est
1438 1275 1487 1329 te-

125 1364 242 1420 status.
1346 1386 1350 1393 ·
1464 1360 1497 1398 ⁴³

665 1445 801 1508 Thesis
824 1445 954 1508 LXXII.

220 1532 337 1594 Deinde
362 1552 506 1612 magnum
540 1535 685 1619 exercitui
718 1535 900 1614 praesidium
933 1539 980 1594 est
1013 1532 1040 1594 in
1070 1532 1178 1595 fiducia
1210 1543 1241 1595 et
1265 1535 1487 1596 existimatione

128 1621 343 1701 imperatoris;
368 1623 462 1684 omnis
488 1625 564 1684 enim
590 1624 717 1685 victoria
739 1624 768 1705 iu
793 1624 1020 1703 aoimiimpetu
1043 1623 1191 1684 consistit.
1224 1625 1268 1684 At
1292 1625 1317 1684 si
1341 1624 1378 1684 ob
1393 1642 1487 1702 gene-

124 1729 199 1773 seos
225 1711 455 1773 afflictationem
479 1713 539 1774 dux
563 1713 592 1773 in
617 1719 770 1773 contemtu
786 1721 947 1774 versatur:
981 1711 1143 1791 periculum
1166 1732 1220 1791 per
1245 1711 1487 1789 imaginationem

124 1798 158 1862 in
192 1800 360 1861 exercitum
392 1809 423 1862 et
452 1802 601 1871 fortunam
630 1802 701 1863 belli
734 1802 892 1863 redundat.
940 1799 1015 1864 Cum
1038 1800 1140 1879 itaque
1169 1801 1220 1862 illa
1240 1805 1269 1876 d
1285 1801 1351 1872 90*
1373 1801 1487 1862 Polonu

124 1887 160 1951 in
184 1898 284 1951 ortum
308 1889 437 1963 incidat,
464 1899 495 1951 et
518 1888 600 1952 Solis
633 1890 753 1970 eclipsis
777 1890 806 1950 in
830 1890 987 1952 Moscuvia
1017 1897 1047 1949 ct
1071 1890 1195 1950 Polonia
1224 1892 1355 1952 maxima
1387 1888 1487 1964 fuerit,

125 1985 162 2040 et
185 1977 298 2040 bellum
317 1977 383 2057 jam
406 1978 448 2040 sit
474 1979 530 2049 ibi,
562 1988 636 2059 puto
665 1981 782 2041 cladem
811 1961 859 2040 illi
876 1978 1058 2058 significari:
1092 1978 1141 2057 qui
1174 1979 1199 2039 si
1232 1979 1308 2040 hanc
1341 1996 1487 2056 geneseos

125 2066 369 2129 stimulationem
393 2068 421 2128 in
446 2068 651 2130 fortitudinem
676 2077 791 2142 vertat,
814 2068 931 2130 cladem
957 2068 1019 2147 ipse
1044 2065 1171 2128 inferet:
1205 2067 1250 2128 sin
1279 2086 1340 2147 pax
1372 2067 1488 2128 interea

124 2157 217 2219 firma
238 2157 401 2231 coalescat,
425 2157 515 2237 plane
539 2158 651 2219 nullum
677 2165 725 2219 est
746 2157 910 2238 periculum
933 2175 970 2217 ex
994 2156 1058 2216 solo
1082 2157 1175 2217 coelo.

663 2246 794 2308 Thesis
817 2246 962 2307 LXXllI.

220 2331 323 2393 Tertio
356 2342 388 2393 et
414 2341 548 2395 nostram
580 2336 711 2414 patriam
743 2334 845 2414 signat
882 2335 934 2395 illa
967 2334 1032 2413 jam
1070 2332 1152 2394 dicta
1189 2332 1372 2410 conjunctio,
1411 2351 1487 2412 quae

126 2441 197 2483 curn
222 2421 265 2482 sit
287 2421 524 2500 spaciosissima,
543 2425 608 2503 jam
633 2443 689 2486 non
714 2425 844 2491 coelum,
878 2426 931 2485 sed
965 2440 1074 2484 causae
1099 2422 1275 2483 sublunares
1298 2429 1399 2482 certas
1423 2421 1488 2499 ejus

123 2518 235 2591 partes
260 2510 391 2589 signant.
439 2511 517 2574 Nam
552 2513 610 2574 etsi
634 2513 688 2576 Sol
721 2514 860 2575 universa
888 2520 1045 2574 contuetur
1077 2518 1108 2571 et
1136 2510 1267 2581 calfacit,
1298 2530 1354 2570 nou
1379 2509 1487 2589 ubique

127 2608 233 2662 tamen
258 2600 342 2661 olera
364 2600 512 2679 producit,
538 2621 592 2663 nec
616 2603 673 2664 nisi
698 2603 746 2666 ubi
770 2602 920 2664 seminata
943 2609 1023 2663 sunt.
1053 2600 1198 2660 Attamen
1224 2600 1261 2660 ob
1286 2600 1397 2660 Terrae
1420 2617 1486 2660 mo-

126 2697 214 2763 tum,
249 2696 280 2750 et
311 2708 455 2766 geneses,
490 2700 521 2752 et
550 2691 675 2770 eclipsin
700 2691 796 2765 Solis,
829 2710 904 2770 quae
929 2690 1020 2751 Gallo
1044 2697 1076 2749 et
1098 2689 1262 2768 llispaniae
1287 2690 1383 2750 locum
1407 2685 1488 2750 Solis

126 2777 269 2857 attingit,
294 2777 488 2857 peculiariter
511 2780 621 2860 aliquid
646 2781 682 2842 de
707 2780 832 2853 Suevia,
859 2780 1014 2850 Helvetia,
1048 2778 1185 2839 Insubris
1208 2786 1240 2838 et
1262 2777 1360 2839 vicina
1385 2775 1489 2838 Gallia

124 2866 366 2947 expectabimus.
852 2882 856 2888 ’

684 2957 815 3018 Thesis
839 2956 984 3018 LXXIV.

220 3040 368 3104 Sextilem
392 3044 484 3118 illurn,
509 3050 543 3106 ut
566 3055 597 3108 et
621 3050 650 3123 ό
664 3047 693 3121 li
710 3055 735 3116 0*
758 3046 825 3107 ideo
850 3045 967 3119 addidi,
998 3045 1068 3125 quia
1090 3059 1217 3123 geneses
1242 3043 1386 3120 quasdam
1410 3044 1488 3104 nota

126 3152 258 3202 scaenae
281 3133 422 3194 attinent.
477 3133 575 3196 Erunt
606 3136 709 3216 itaque
742 3154 887 3215 operosae
919 3135 974 3194 huc
1004 3152 1096 3206 anuo;
1130 3129 1257 3191 feliciter
1287 3152 1324 3193 an
1356 3132 1487 3193 infauste

126 3220 217 3301 (post
238 3221 351 3295 Deum)
376 3241 468 3303 penes
492 3223 623 3302 ipsarum
647 3225 802 3287 arbitrium
836 3232 893 3286 est.
940 3223 1087 3284 Fervidus
1120 3229 1220 3282 tamen
1249 3222 1374 3300 planeta
1403 3221 1489 3282 Mars

127 3320 283 3383 naturam,
314 3310 420 3372 sinon
445 3313 604 3375 admodum
630 3315 715 3376 fortis
740 3322 801 3388 est,
827 3314 974 3375 afflictare
997 3312 1109 3391 possit,
1144 3329 1209 3370 curn
1234 3310 1282 3372 diu
1307 3312 1335 3372 in
1361 3311 1488 3390 Virgine

127 3398 314 3474 obambulet,
340 3408 372 3462 et
393 3420 495 3463 mense
515 3403 628 3464 Martio
652 3402 716 3465 Soli
741 3402 877 3482 objectus
902 3401 1035 3462 natalem
1059 3401 1193 3461 infestet.

666 3491 797 3554 Thesis
821 3491 951 3552 LXXV.

219 3574 291 3639 Scio
303 3577 400 3639 solere
424 3579 596 3658 astrologos
607 3599 644 3640 ex
655 3580 862 3660 conjunctione
872 3580 958 3641 Jovis
970 3585 1002 3637 et
1016 3576 1136 3652 Martis,
1163 3595 1238 3656 quae
1260 3576 1287 3637 in
1308 3574 1487 3639 17⁰Librae

127 3664 245 3740 incidit,
271 3674 398 3728 mortem
422 3668 545 3749 egregio
570 3669 659 3731 alicui
684 3670 754 3732 belli
778 3668 845 3730 duci
868 3667 1050 3747 praedicere,
1075 3666 1254 3744 praesertim
1274 3666 1299 3726 si
1316 3666 1380 3746 quis
1395 3685 1486 3745 prae-

127 3754 246 3837 cipuum
272 3756 401 3835 aliquem
426 3757 522 3819 locum
546 3776 692 3837 geneseos
716 3759 757 3820 ibi
781 3758 903 3819 habeat.
951 3756 985 3819 ld
1013 3773 1048 3814 ne
1083 3756 1111 3815 in
1136 3755 1314 3815 calumniam
1339 3755 1486 3827 trahatur,

128 3843 216 3926 quasi
240 3847 355 3907 coelum
378 3847 530 3909 conditum
555 3847 673 3908 dicatur
696 3848 735 3909 ad
759 3847 972 3908 interimendos
1001 3843 1153 3917 homines,
1189 3843 1277 3904 aliter
1311 3853 1359 3904 est
1387 3843 1486 3923 expli-

127 3933 268 3996 candum.
318 3931 434 3996 Sensus
458 3937 536 3998 euim
560 3955 666 3997 revera
689 3937 736 3998 hic
761 3947 825 3997 est:
851 3936 929 4017 quod
953 3942 987 3996 ut
1011 3940 1152 4011 aspectus
1176 3933 1224 3994 hic
1247 3951 1301 4011 per
1321 3953 1353 3994 se
1382 3933 1487 4012 igneus

127 4031 161 4084 at
183 4024 333 4085 clarorum
356 4025 544 4103 planetarum
568 4033 636 4098 est,
660 4026 705 4087 ita
728 4026 914 4105 experientia
937 4032 1083 4095 testatur,
1118 4031 1150 4083 et
1172 4022 1340 4083 illustribus
1365 4021 1486 4083 familiis

128 4129 197 4175 esse
221 4113 412 4176 familiarem.
460 4117 504 4176 At
528 4135 593 4176 cum
617 4115 712 4176 omnis
737 4116 799 4176 fere
824 4114 956 4193 corporis
984 4113 1032 4173 vel
1057 4111 1147 4172 animi
1175 4111 1336 4172 commotio
1365 4119 1417 4172 aut
1448 4111 1487 4171 ad

128 4220 240 4264 novum
264 4211 378 4265 statum
401 4203 551 4266 traductio
576 4211 646 4265 tuno
670 4206 741 4279 liat,
775 4223 841 4265 cum
870 4202 973 4281 genesi
1006 4201 1120 4262 coelum
1149 4202 1312 4291 respopdet
1340 4201 1433 4281 (quod
1457 4201 1486 4262 in

127 4293 276 4374 partubus
299 4292 460 4373 praecipue
484 4294 644 4373 apparet),
665 4294 699 4353 fit
724 4302 756 4353 ut
779 4294 952 4372 plerumque
968 4290 1059 4371 aliqui
1084 4289 1217 4351 illustres
1232 4289 1288 4350 sub
1307 4289 1361 4351 hos
1377 4308 1486 4369 aspec-

127 4391 179 4444 tus
203 4390 235 4443 et
259 4380 372 4443 similes
396 4401 464 4443 sese
488 4389 709 4456 commoveant,
744 4401 810 4442 curn
840 4381 869 4442 in
893 4389 981 4442 tanta
1004 4379 1192 4440 multitudine
1217 4376 1308 4457 aliqui
1332 4379 1387 4440 sub
1411 4378 1486 4439 tali-

128 4470 185 4533 bus
209 4479 242 4532 et
264 4471 329 4532 nati
354 4469 423 4532 sint.
470 4472 529 4533 Illa
552 4489 621 4533 veru
646 4473 806 4533 commotio
831 4469 874 4531 uti
899 4470 976 4530 male
1005 4467 1162 4546 dispositis
1190 4468 1333 4546 subjectis
1362 4467 1390 4527 in
1414 4485 1485 4546 per-

127 4559 239 4623 niciam
257 4560 348 4634 cedit,
372 4559 417 4621 ita
439 4559 593 4635 firmiores,
618 4559 666 4621 vel
691 4560 803 4621 aetatis
828 4559 876 4619 vol
891 4555 1073 4619 valetudinis
1093 4558 1219 4630 ratione,
1241 4555 1279 4616 ad
1295 4575 1342 4617 res
1360 4573 1486 4635 magnas

127 4649 249 4711 evehit:
275 4668 399 4729 quarum
423 4656 578 4729 utrumque
603 4649 632 4711 in
657 4649 785 4711 diversis
810 4647 900 4709 etiam
925 4648 1097 4722 hunaudo,
1131 4647 1186 4707 sed
1213 4643 1295 4707 nulla
1318 4645 1407 4724 plane
1431 4663 1486 4706 ne·

127 4737 286 4813 cessitate,
309 4735 373 4801 fieri
394 4745 507 4818 potest.
