3278 5542
225 295 285 389 ‘244
822 320 994 374 'semanim
1036 283 1039 287 ἢ

234 484 334 550 prodita
352 492 398 540 est,
415 484 476 536 lieet
493 483 631 535 discrimine
649 498 699 533 nou
718 484 802 549 magni
820 486 951 542 momenti,
971 497 1082 551 apogaeo
1101 486 1153 548 ejus
1172 478 1203 531 6⁰
1222 482 1350 549 copemiei
1368 482 1486 534 terminos
1506 481 1589 532 utet

235 564 320 620 pente.
358 556 423 617 Quin
442 562 469 607 et
487 557 550 606 orbis
570 569 667 606 annuus
683 557 757 616 Juxta
775 554 954 619 Cupernicnm,
982 565 1028 606 aut
1045 556 1168 619 epicyclus
1186 556 1322 606 secundum
1339 555 1527 610 Ptolemaeum,
1544 568 1590 603 non

235 628 331 677 ridetur
349 629 458 691 ejusdem
476 642 573 692 semper
590 626 780 690 magnitudinis,
801 628 881 691 quoad
900 629 978 691 ipsum
997 629 1164 679 eccentricum
1183 628 1314 678 obliuione
1333 628 1425 688 lectar¹
1438 625 1483 676 sed
1503 625 1589 675 altera·

233 700 326 749 donem
344 700 478 749 introducit
495 701 521 749 ln
540 699 650 748 omnibus
668 698 745 747 tribus
770 700 933 762 superioribus
957 699 1114 757 sensibilemr
1142 699 1221 757 adeo,
1249 707 1278 749 nt
1302 699 1408 765 angulus
1436 696 1588 748 differentiae

233 772 260 820 in
277 768 358 821 Marte
378 772 410 822 ad
432 768 460 818 1⁰
478 767 521 818 40⁴
542 774 676 820 excrescat.
715 768 841 829 Quomodo
860 769 923 820 baec
942 784 998 820 cum
1016 778 1062 822 tna
1079 771 1247 834 speculatione
1266 769 1424 820 concilianda
1441 770 1511 825 sint,
1538 773 1589 817 tute

233 843 322 892 rideris
341 838 384 904 (i).
420 840 529 906 Veneris¹
545 840 718 891 eccentricitas
737 841 813 890 multo
831 843 910 892 minor
927 849 979 897 est,
998 857 1072 907 qnam
1090 843 1179 892 statuit
1196 842 1235 893 rel
1252 842 1424 898 Ptolemaeus,
1442 840 1483 890 rel
1503 837 1586 903 Capes-

232 915 303 964 nicus
321 910 375 980 (g):
404 921 430 964 et
448 928 585 979 apogaeum
603 914 656 973 elus
674 927 724 960 non
743 919 782 961 ost
798 913 825 961 in
843 915 900 962 orbe
918 914 1012 963 sidereo
1031 914 1120 974 fisum,
1148 915 1184 963 ati
1207 914 1249 965 bio
1276 913 1370 970 rolnit,
1399 911 1444 963 sed
1468 910 1544 961 initia
1559 915 1585 967 (i

231 999 297 1035 nune
316 984 414 1052 attigit;
442 991 591 1036 nontamen
610 981 689 1033 Solari
709 980 826 1048 (qnodin
845 985 925 1036 medio
944 986 1006 1035 sesti
1024 984 1116 1051 gradus
1133 982 1247 1047 haeret),
1275 985 1311 1035 uti
1329 985 1414 1034 solunt
1431 981 1586 1048 siphonum.

231 1057 305 1120 plane
324 1059 428 1106 unitum.

301 1128 371 1178 Haec
391 1134 417 1179 et
433 1126 538 1182 similis,
564 1140 665 1190 quornm
682 1126 755 1189 plura
772 1140 815 1175 suo
833 1133 942 1192 tompore
961 1128 1077 1188 babebis,
1097 1132 1156 1178 tuae
1175 1128 1237 1179 alias
1257 1128 1394 1179 industriae
1414 1124 1587 1190 excogitatiosu'

230 1199 364 1263 applicata,
382 1214 445 1258 eam,
466 1213 498 1248 an
517 1198 679 1262 undequaque
698 1199 743 1248 rite
763 1205 866 1258 constet,
884 1200 1030 1263 probabunt
1068 1199 1122 1264 Ego
1142 1215 1239 1250 omnem
1253 1200 1347 1250 orbium
1359 1198 1513 1254 realitatem,
1532 1211 1585 1261 qno·

229 1270 398 1336 modoeuuqne
415 1269 516 1320 tandem
534 1277 705 1324 assumantur,
733 1268 801 1318 coelo
821 1270 997 1320 eliminandam
1014 1284 1105 1321 censeo
1124 1267 1180 1332 (b),
1207 1272 1271 1336 qnod
1297 1285 1337 1320 me
1364 1284 1450 1320 omnes
1478 1273 1586 1318 corneae

229 1356 255 1391 re
274 1357 332 1392 vera
350 1342 468 1396 aetherei,
487 1338 544 1390 inde
564 1354 580 1390 a
597 1353 662 1389 nora
680 1340 753 1391 stella
771 1355 795 1391 a.
817 1339 884 1389 1572
904 1344 1038 1405 conspecti,
1057 1343 1096 1405 qni
1116 1342 1205 1392 nullius
1224 1343 1289 1392 orbis
1300 1342 1368 1408 leges
1381 1341 1498 1391 totaliter
1510 1339 1585 1390 wenti

229 1420 295 1469 sunt,
314 1413 413 1477 quidam
432 1427 488 1463 rero
506 1413 656 1462 conmarinm
673 1412 730 1476 quid
748 1426 808 1475 prae
826 1427 853 1463 se
872 1414 994 1470 ferebant,
1014 1412 1183 1465 indubitanter
1201 1414 1369 1471 edocueruntr
1397 1419 1427 1462 nt
1446 1411 1477 1462 de
1496 1411 1584 1461 reirsa·

230 1485 335 1533 tionibus
353 1486 444 1534 frustra
461 1483 628 1547 multiplicatis
646 1497 677 1532 ax
695 1483 788 1532 orbium
806 1483 937 1533 solidorum
956 1486 1028 1547 copia
1046 1484 1106 1534 nibil
1125 1486 1297 1549 superaddam.
1334 1485 1389 1536 Nec
1407 1483 1503 1548 poterit
1514 1483 1586 1533 Terra

230 1569 312 1605 annuo
331 1557 389 1606 cieri
407 1562 483 1612 motu,
501 1560 530 1603 ut
548 1554 579 1603 de
596 1553 764 1602 libratiouibus
784 1556 868 1604 otiosis
890 1552 981 1618 (neque
1001 1557 1067 1605 onim
1083 1555 1141 1605 talis
1160 1564 1199 1607 est
1216 1557 1426 1621 aequinoctiorum
1440 1554 1585 1619 praecessio,

131 1687 132 1690 Ἴ
229 1632 257 1675 ut
277 1627 423 1690 opinabatur
441 1621 610 1689 Copernicus),
630 1631 729 1675 taceam
748 1623 797 1687 (i):
817 1633 874 1675 utut
892 1626 992 1676 diurnus
1010 1628 1172 1691 plausibiliter
1191 1628 1221 1677 ob
1241 1629 1359 1678 minorem
1371 1642 1458 1693 gyrum
1470 1625 1507 1675 illi
1521 1626 1585 1676 etni-

229 1697 270 1747 bui
289 1704 378 1762 queat.
403 1698 474 1747 modo
497 1703 550 1746 tam
567 1696 635 1762 gravi
654 1703 681 1746 et
698 1711 775 1760 opaco
795 1699 887 1761 corpori
909 1699 930 1746 is
950 1705 1118 1763 competeret,
1147 1700 1223 1764 quieti
1241 1700 1338 1764 potins,
1359 1713 1433 1764 quam
1450 1698 1531 1749 motui
1549 1711 1585 1747 sc·

229 1769 355 1819 commodo
375 1766 422 1831 (k).

300 1840 396 1901 Qame,
424 1846 452 1890 ut
469 1840 588 1890 tollantur
605 1839 726 1902 epicycli,
754 1839 793 1888 rix
821 1839 871 1891 alia
898 1841 1063 1891 commodiore
1082 1843 1178 1893 ratione
1196 1841 1344 1905 hypotheses
1362 1840 1470 1891 ordinari
1489 1845 1585 1904 queunt,

227 1925 302 1977 quam
319 1917 348 1961 ut
365 1914 432 1962 circa
449 1911 532 1963 Soleus
550 1911 663 1960 mobilem
680 1912 731 1960 sint
749 1916 837 1961 centn
856 1914 1003 1962 circuituum
1022 1913 1128 1978 quinque
1147 1913 1313 1977 planetarum,
1332 1914 1476 1978 quiescente
1495 1911 1586 1967 Terras

228 1989 254 2035 et
272 1984 421 2034 siccabant
439 1983 554 2034 resolutis
571 1983 731 2032 luminaribus
750 1990 777 2032 et
795 1988 850 2032 tota
868 1992 959 2034 octava
977 1981 1025 2045 (uti
1043 1980 1145 2045 vocant)
1164 1986 1279 2048 sphaera,
1298 1998 1354 2034 esur
1373 1985 1449 2034 etiam
1466 1984 1495 2033 in
1512 1981 1588 2034 medi·

227 2053 297 2105 tullio
315 2056 469 2120 respiciente,
490 2056 560 2117 cujus
579 2054 707 2104 abscessus
723 2055 796 2116 insta
814 2053 976 2119 Copornicum
993 2057 1019 2105 in
1038 2057 1183 2106 immensum
1200 2071 1265 2121 pene
1283 2058 1350 2112 abit,
1369 2057 1471 2119 elnsqne
1489 2054 1600 2119 positio·¹

226 2141 284 2175 nem
303 2126 340 2176 rel
358 2127 405 2177 boc
424 2127 476 2177 solo
494 2125 599 2175 absurdo
619 2121 651 2187 (l)
671 2125 791 2189 infringit.
828 2125 882 2177 Neo
901 2128 979 2177 etiam
998 2134 1044 2177 tna
1062 2128 1175 2192 cogitata
1191 2127 1231 2178 bio
1250 2127 1326 2177 ullam
1344 2142 1399 2176 cum
1420 2127 1512 2176 ceteris
1524 2140 1585 2189 syrn-

226 2198 339 2247 metriam
358 2196 442 2262 (prout
459 2197 531 2247 simul
550 2197 603 2247 beri
621 2194 717 2256 debuit)
737 2195 880 2247 admittunt.
917 2197 1022 2262 Oportet
1046 2203 1129 2249 autem
1154 2200 1180 2247 in
1199 2213 1225 2249 re
1244 2199 1307 2249 bene
1324 2199 1513 2262 proportionata
1529 2195 1585 2247 nibil

226 2268 280 2318 dari
292 2270 542 2334 improportionatum.
562 2268 626 2318 slits
644 2274 699 2317 tnta
717 2269 862 2329 symmetria
880 2270 1036 2319 confunditur
1055 2276 1081 2319 et
1098 2276 1216 2333 suspecta
1233 2271 1325 2327 eradit,
1343 2270 1492 2334 prmsertim
1504 2269 1583 2319 iubos

226 2338 297 2397 loco,
316 2341 358 2389 ubi
376 2348 429 2390 tam
447 2354 564 2405 magnum
583 2345 658 2402 atque
677 2338 776 2389 aridem
794 2339 916 2403 ingeritur
934 2340 1096 2391 obstaculum.

296 2409 368 2481 Haeo
387 2418 413 2462 et
430 2411 490 2468 alia,
509 2424 573 2475 qnae
591 2409 691 2475 singula
711 2424 901 2461 commemorare
918 2426 984 2461 nnuc
1007 2426 1058 2461 non
1076 2417 1165 2470 vacat,
1184 2426 1223 2462 me
1242 2412 1309 2463 circa
1325 2417 1395 2462 tuem
1412 2411 1585 2464 inventionem.

227 2480 289 2531 alias
307 2483 500 2538 solertissimam,
520 2483 610 2546 optime
629 2480 747 2544 Keplere,
767 2480 868 2531 dubium
886 2483 1001 2534 reddunt.
1037 2482 1139 2533 Interim
1158 2499 1207 2533 non
1225 2498 1324 2548 possum
1343 2498 1392 2533 non
1411 2488 1518 2532 contusa
1534 2487 1586 2532 tuoe

227 2559 279 2604 nm
298 2554 400 2604 eximios
419 2560 444 2603 et
462 2566 530 2602 raros
548 2552 727 2617 magnifacere,
745 2551 887 2618 honorque,
905 2560 935 2604 nt
946 2554 1048 2605 ulterius
1060 2554 1097 2603 bis
1112 2555 1220 2604 smmum
1232 2555 1355 2610 intendas.
1375 2554 1467 2618 desque
1479 2567 1586 2619 operam,

226 2631 256 2674 ut
272 2625 351 2675 simile
369 2624 427 2689 qnid
446 2624 534 2673 nornis
553 2623 730 2687 hypothesibus
749 2619 812 2685 (m),
836 2639 897 2689 quas
919 2626 964 2675 tibi
987 2641 1038 2675 nou
1059 2627 1225 2690 incompertae
1249 2641 1304 2676 esse
1326 2626 1387 2677 liner
1410 2624 1453 2675 ille
1471 2625 1586 2681 ostendit

227 2694 354 2759 applicare
372 2697 468 2760 possis,
487 2710 544 2745 cnm
561 2710 625 2758 pene
643 2695 727 2744 omnia
744 2695 774 2743 iis
792 2697 886 2758 pariter
906 2698 1062 2747 conveniant
1098 2697 1186 2761 Neque
1205 2698 1235 2747 ob
1252 2698 1278 2747 id
1296 2711 1356 2761 opus
1374 2701 1429 2752 est,
1449 2703 1478 2745 ut
1495 2697 1588 2746 orbium

227 2772 353 2817 statuatur
371 2781 504 2832 compages
522 2766 617 2824 solidior
642 2765 751 2825 snlbcit,
770 2766 886 2817 circuitus
905 2774 931 2817 st
948 2769 1096 2818 remotiones
1114 2769 1220 2818 siderum
1238 2769 1303 2818 iuter
1321 2783 1347 2818 se
1364 2767 1443 2817 talem
1461 2768 1586 2818 concinni·

228 2843 307 2888 tatem
325 2846 400 2903 atque
418 2839 573 2888 harmoniam
591 2839 727 2889 observare.
764 2836 817 2889 Noc
838 2839 1020 2903 praetereunda
1038 2846 1077 2889 est
1094 2835 1135 2902 (n)
1154 2846 1243 2889 octava
1260 2839 1382 2903 sphaera,
1410 2839 1469 2903 quin
1496 2839 1524 2888 in
1542 2838 1587 2887 boc

229 2909 302 2959 choro
321 2909 558 2974 proportionabiliter
575 2909 656 2959 locum
675 2909 782 2977 aliquem
800 2912 919 2961 obtineat.
956 2910 1056 2960 Nullum
1075 2912 1141 2960 enim
1159 2918 1197 2960 est
1215 2911 1322 2973 dubium,
1340 2913 1366 2960 iu
1378 2911 1491 2959 universo
1504 2910 1588 2959 omnia

229 2988 299 3031 certa
316 2981 446 3031 harmonia
464 2987 490 3032 et
507 2982 661 3045 proportione
680 2980 713 3030 ad
731 2981 837 3032 invicem
857 2982 971 3032 divinitus
990 2982 1071 3032 relata
1088 2989 1115 3032 et
1132 2983 1247 3033 ordinata
1265 2997 1336 3042 esse,
1364 2984 1402 3031 ita
1422 2987 1524 3031 uttam
1541 2996 1586 3031 nn·

228 3053 301 3102 meris
324 3067 397 3117 quam
416 3052 501 3116 figuris
519 3053 645 3103 succincte
667 3051 920 3115 comprehendentur.
949 3053 1024 3103 veluti
1044 3066 1060 3102 s
1077 3053 1255 3119 Pythagoraeis
1275 3060 1301 3102 et
1318 3053 1453 3103 Platonicis
1467 3055 1523 3115 jam
1542 3053 1586 3102 du·

229 3123 287 3174 dum
306 3124 462 3188 aliquatenus
481 3125 620 3188 praevisum
639 3129 686 3172 est.
723 3122 769 3172 His
787 3125 872 3188 itaque
889 3125 991 3175 ulterim
1009 3126 1102 3190 ingenii
1120 3140 1206 3176 nervos
1225 3125 1329 3189 applica,
1349 3130 1375 3173 et
1386 3125 1408 3173 si
1420 3123 1586 3174 omnimodam

229 3197 432 3252 consonantiam,
451 3209 516 3261 qnae
534 3194 603 3245 nulla
621 3209 650 3244 es
668 3200 739 3257 parta
758 3195 897 3250 claudicet,
916 3202 942 3245 at
959 3197 986 3245 iu
1004 3210 1054 3261 qua
1071 3196 1133 3245 nihil
1150 3198 1226 3246 otiam
1243 3197 1403 3252 desideretur,
1423 3195 1586 3250 adinvenen‘s,

229 3267 277 3315 eris
295 3265 354 3315 mibi
371 3281 476 3330 magnus
494 3265 590 3330 Apollo.
628 3264 755 3325 Quantum
783 3280 828 3330 ego
856 3269 906 3316 tuis
932 3265 980 3316 hac
1008 3270 1033 3316 in
1051 3281 1078 3316 re
1097 3268 1180 3317 arduis
1199 3269 1328 3318 conatibus
1346 3267 1475 3317 subvenire
1492 3273 1586 3330 potero,

227 3352 267 3386 me
286 3338 429 3401 neutiquam
445 3337 547 3388 babebis
565 3336 707 3393 difficilemr
730 3339 875 3400 praesertim
894 3339 915 3388 si
933 3353 972 3387 mo
990 3353 1056 3388 nuno
1075 3340 1101 3388 in
1120 3340 1253 3389 Germania
1274 3339 1408 3404 degentem
1426 3343 1453 3387 et
1472 3339 1585 3402 epatris

227 3407 276 3457 buo
294 3422 350 3457 cnm
368 3409 483 3458 universa
500 3408 610 3463 iambis,
636 3422 668 3456 ne
687 3414 753 3458 totus
771 3408 813 3458 ilie
831 3409 922 3472 periret
939 3409 1069 3459 thesamus
1088 3412 1283 3467 asmonomicus,
1301 3416 1339 3460 tot
1356 3410 1444 3466 annis,
1463 3409 1583 3460 laboribus

229 3485 254 3529 et
271 3480 390 3530 sumtibus
409 3486 579 3544 comparatus,
607 3479 744 3542 proiectum
770 3479 902 3545 aliquando
922 3481 1032 3531 inviseris
1052 3487 1078 3532 et
1094 3496 1192 3532 mecum
1209 3496 1293 3532 coram
1311 3481 1342 3532 de
1361 3481 1512 3543 ejuscemodi
1526 3480 1580 3530 sub·

227 3549 324 3600 limibus
343 3553 415 3602 rebus
430 3551 540 3614 jucunde
558 3557 585 3601 et
602 3557 674 3617 grate
693 3551 833 3601 contuleris.
1311 3598 1314 3606 ,

298 3622 370 3673 Vale.
408 3622 542 3674 Dabuntur
559 3622 739 3688 Wandesburgl
758 3623 783 3671 in
804 3637 862 3674 arce
882 3621 1053 3681 Ranzoriana,
1072 3624 1174 3674 semisse
1191 3624 1361 3674 tantummodo
1379 3622 1489 3672 mildens
1507 3622 1584 3674 Ham·

227 3693 304 3760 burgo
327 3701 440 3749 remota.
468 3708 542 3759 quam
564 3708 630 3743 nnnc
653 3693 781 3748 inhabito.
801 3699 827 3743 st
850 3695 978 3745 mansistis
996 3695 1045 3744 huc
1063 3710 1077 3746 e
1096 3694 1181 3745 Dania
1197 3695 1317 3745 machinis
1336 3696 1397 3746 meis
1416 3696 1586 3745 astronomicis

227 3771 329 3830 totaque
348 3766 500 3831 supellectile
518 3766 618 3816 libraria
635 3766 708 3815 rebus
726 3764 873 3816 coelestibus
891 3781 941 3816 non
959 3768 1039 3817 mium
1058 3781 1132 3833 quam
1151 3773 1228 3817 antes
1246 3767 1354 3832 invigilo,
1374 3765 1505 3816 etDirina
1527 3780 1585 3833 gra·

227 3838 266 3887 tia
283 3838 333 3887 otio·
350 3839 416 3888 fruor
433 3837 599 3902 philosophico
615 3832 659 3897 ¹³).

299 3906 331 3957 Ι).
353 3907 376 3957 1.
395 3911 455 3973 Aps.
476 3914 506 3958 st
525 3916 577 3958 ret.
596 3905 673 3957 lass.

298 3978 466 4044 Postscripts,
494 3993 558 4045 quae
576 3979 608 4028 de
626 3978 705 4029 Urso
731 3986 826 4045 agunt,
853 3979 894 4030 bic
913 3981 1052 4036 omisimus,
1081 3978 1221 4030 differentes
1240 3979 1272 4029 sd
1290 3978 1393 4043 Kepieri
1409 3979 1586 4031 refutationem

70 4101 75 4113 ,
154 4038 157 4043 ’
227 4048 292 4109 Ursi,
313 4065 387 4115 quam
405 4051 543 4100 addidimus
560 4049 692 4100 Prodrcmo
711 4065 725 4099 e
743 4051 916 4115 manuscriptis
933 4050 1124 4115 Petropoiitanis
1143 4051 1288 4101 desumtam.

298 4121 327 4172 Iu
346 4123 450 4186 epistola
467 4120 492 4172 d.
513 4119 555 4170 at.
575 4123 633 4185 Apr.
654 4117 722 4169 1508
741 4122 774 4172 ad
791 4121 950 4172 Maestlinum
968 4123 1030 4172 deta
1047 4121 1131 4184 Tycho
1149 4123 1180 4172 de
1202 4137 1275 4187 opere
1287 4122 1389 4188 Kepieri
1400 4129 1427 4173 et
1444 4122 1475 4174 de
1487 4120 1583 4172 Maest—

226 4191 271 4242 ilnl
285 4192 386 4256 jndicio,
406 4193 470 4259 quod
486 4192 518 4244 de
538 4193 614 4257 ipslru
632 4191 716 4242 mundi
735 4194 832 4244 radone
851 4190 888 4256 (in
907 4195 1060 4258 praelatione
1073 4192 1106 4244 sd
1120 4191 1252 4253 ,Rhaetici
1264 4194 1445 4246 narmtionem¹⁶
1464 4208 1525 4261 pag.
1539 4190 1586 4255 27)

227 4262 301 4321 iecit,
320 4279 442 4331 quamque
461 4265 601 4329 inscripsit:

597 4333 773 4398 Clarissimo
797 4346 828 4399 et
849 4335 1115 4398 Praestantissimo
1140 4337 1215 4400 Viro

716 4424 843 4486 Domino
866 4424 910 4485 M.
934 4424 1097 4487 Maestlino

228 4509 461 4564 Mathematicarnm
479 4513 568 4564 ιηίιιιιι
585 4513 715 4579 insigniter
736 4515 827 4578 perito,
853 4513 1034 4578 earundemque
1056 4516 1081 4564 in
1099 4516 1194 4579 inclyta
1212 4515 1342 4566 academia
1359 4514 1510 4582 Tubingensi
1528 4530 1584 4581 pro·

599 4585 683 4636 sessori
702 4586 873 4640 celeberrimo,
891 4584 950 4634 mihi
967 4585 1097 4649 plurimum
1115 4588 1212 4639 diiecto.

226 4652 291 4704 baec
308 4653 400 4718 profert
412 4671 436 4714 t,

298 4777 384 4826 Auens
399 4780 453 4841 jam
471 4780 553 4845 agitur
570 4779 695 4839 mamus,
719 4780 882 4831 emditissime
901 4786 927 4830 et
944 4781 1154 4844 praestantissime
1172 4779 1319 4838 Maestline.
1338 4798 1368 4833 ex
1385 4797 1433 4847 qno
1451 4785 1551 4848 quidem
1569 4799 1584 4836 e

227 4847 289 4899 meis
307 4848 457 4909 domesticis,
476 4851 517 4916 qni
530 4851 680 4919 aliquamdiu
692 4851 752 4902 mihi
763 4853 789 4902 iu
807 4852 880 4902 rebus
898 4853 1067 4903 mutuomicis
1085 4853 1237 4909 inservierat,
1257 4854 1393 4922 exemplum
1410 4861 1509 4906 tuarum
1526 4856 1583 4911 lite·
