3278 5542
644 286 757 350 llyrtsrtt
776 285 978 352 Cosmograpbici

715 536 836 635 Caput
862 536 911 610 X.

486 696 543 759 Do
566 697 689 778 origine
709 716 913 759 numerorum
934 694 1097 758 nobilium.
1113 702 1140 771 ἰ

224 838 375 901 Infinitum
394 845 443 900 est
461 838 580 918 singula
598 839 747 921 persequi,
773 857 867 917 neque
892 838 955 899 sine
980 838 1077 899 fructu
1101 839 1138 899 de
1162 837 1210 899 his
1233 836 1410 916 astrologus
1433 855 1490 897 am-

66 952 69 957 ·
136 928 215 1009 plius
238 927 365 1006 cogitet.
405 927 573 989 Videamus
596 928 684 989 modo
704 935 943 989 astronomorum
958 926 1188 1001 arithmeticam,
1214 944 1379 1007 sacrosque
1401 943 1491 986 eorum

136 1035 286 1087 numeros,
311 1012 340 1077 6.
369 1013 417 1078 12.
444 1010 497 1078 60.
516 1010 558 1090 ³')
603 1016 701 1095 Igitur
724 1023 850 1096 excepto
875 1015 1041 1095 quadrante
1066 1024 1099 1078 et
1121 1023 1271 1089 sextante,
1298 1033 1341 1077 sc.
1371 1011 1423 1090 15,
1449 1009 1493 1083 to,

137 1124 240 1167 omnes
264 1105 453 1183 sexagenarii
477 1113 582 1184 partes
605 1105 786 1184 multiplices
810 1103 998 1181 reperiuntur
1024 1103 1054 1164 in
1084 1105 1130 1166 his
1158 1103 1287 1185 quinque
1312 1102 1493 1183 corporibus.

139 1194 285 1254 Vicissim
309 1193 446 1273 exceptis
471 1193 588 1273 anguiis
612 1195 710 1273 planis
734 1192 869 1254 octaedri
894 1199 926 1252 et
949 1191 1026 1267 cubi,
1052 1211 1174 1272 quorum
1189 1199 1314 1273 uterque
1333 1191 1431 1253 habet
1447 1187 1494 1263 24,

137 1291 241 1344 ιιιιιι
264 1281 374 1355 omnia,
401 1301 476 1362 quae
501 1290 707 1357 numerantur,
733 1292 804 1343 sunt
826 1299 897 1359 pars
922 1280 1079 1360 multiplex
1103 1280 1309 1361 sexagenarii,
1332 1288 1369 1343 ut
1393 1278 1496 1343 existi-

139 1390 231 1444 mem,
260 1369 311 1432 rix
338 1370 390 1432 ulli
419 1390 539 1432 numero
567 1390 657 1451 posse
686 1390 723 1432 ne
747 1391 766 1431 a
787 1370 961 1453 Pythagora
985 1370 1104 1450 quidem
1126 1370 1219 1432 ullam
1241 1388 1307 1433 rem
1329 1369 1497 1431 naturalem

139 1458 298 1539 assignari,
325 1477 400 1539 quae
423 1460 468 1521 illi
490 1459 588 1539 magis
612 1458 654 1521 sit
677 1460 812 1540 propria,
837 1477 926 1539 quam
949 1458 996 1520 hic
1020 1477 1159 1521 numerus
1184 1465 1233 1521 est
1255 1456 1348 1520 dictis
1372 1457 1497 1539 quinqua

139 1545 324 1627 corporibus.

228 1634 313 1699 Unus
337 1644 385 1697 est
408 1634 515 1708 cubus,
544 1634 614 1697 Una
636 1634 785 1717 pyramis,
809 1636 910 1698 Unum
933 1635 1158 1727 dodecaedrqn,
1186 1634 1286 1698 Unum
1309 1634 1497 1709 icosaedron,

139 1723 239 1787 Unum
262 1724 441 1800 octaedron,
466 1724 565 1787 Unum
589 1723 806 1787 solitarium
782 1744 846 1785 srne
871 1723 971 1785 simili.

228 1810 295 1873 Duo
328 1832 454 1892 corpora
486 1812 681 1886 secundaria;
714 1812 782 1873 Duo
816 1813 936 1874 ordines
969 1831 1146 1893 corporum
1179 1811 1259 1875 Bina
1289 1830 1413 1894 semper
1444 1780 1498 1875 sihi

140 1900 270 1975 similia;
294 1902 381 1964 Duae
406 1901 552 1983 ejusmodi
576 1901 796 1965 similitudines.

227 1988 302 2051 Tres
317 1990 419 2071 auguli
438 1989 578 2053 basium
570 2010 598 2051 ιιι
614 1990 779 2073 pyramide,
799 1990 967 2065 icosaedro,
983 1990 1135 2064 octaedro,
1157 1988 1228 2069 quia
1242 1990 1334 2051 bases
1348 1989 1497 2053 trilatera.

138 2076 211 2141 Tria
233 2077 376 2157 primaria
399 2098 534 2159 corpora.
581 2078 656 2141 Tres
680 2079 857 2157 angulorum
881 2077 1080 2140 differentiae.

228 2164 367 2237 Quatuor
390 2168 492 2245 anguli
516 2175 548 2228 et
571 2168 669 2229 latera
691 2166 774 2228 basis
799 2166 828 2229 iu
853 2166 939 2229 cubo.
979 2165 1116 2238 Quatuor
1140 2165 1230 2228 solidi
1252 2164 1421 2248 pyramidis
1445 2184 1498 2227 au·

139 2254 211 2336 guli.
259 2253 397 2325 Quatuor
420 2256 553 2337 ejusdem
577 2256 677 2318 bases.

229 2341 367 2423 Quinque
391 2363 526 2424 corpora.
575 2342 712 2425 Quinque
737 2343 839 2423 anguli
862 2351 894 2404 et
917 2344 1015 2405 lutera
1037 2342 1065 2404 in
1090 2343 1157 2404 basi
1181 2340 1412 2411 dodecaedn'ca,

229 2429 291 2492 Sex
316 2432 417 2512 auguli
441 2432 585 2494 octaedri.
624 2431 686 2494 Sex
711 2431 809 2494 latera
831 2430 1006 2513 pyramidis.
1046 2428 1106 2493 Sex
1131 2431 1221 2494 bases
1245 2430 1324 2494 cubi.
1372 2428 1499 2493 Pulcher

140 2539 290 2583 numerus.

230 2604 309 2668 Octo
332 2606 425 2668 bases
449 2605 594 2669 octaedri.
642 2604 721 2669 Octo
747 2606 848 2685 anguli
872 2606 951 2668 cubi.
966 2604 995 2678 1’)

230 2696 396 2757 Duodecim
421 2697 511 2757 bases
535 2696 725 2758 dodecaedri.
764 2694 931 2757 Duodecim
955 2688 1053 2757 latera
1076 2694 1223 2757 octaedri.
1268 2698 1344 2757 Ιιιιιι
1369 2702 1402 2757 ιι
1423 2692 1498 2756 cubi.

142 2784 309 2847 Duodecim
334 2783 433 2863 anguli
459 2784 617 2847 icosaedri.
664 2783 830 2846 Duodecim
853 2783 935 2863 piani
959 2782 1061 2864 anguli
1084 2783 1258 2864 pyramidis.

228 2872 309 2935 Ecce
333 2872 382 2933 hic
406 2892 544 2934 numerus
568 2872 597 2935 in
623 2873 760 2935 omnibus
784 2872 912 2953 quinque
937 2880 995 2933 est.

229 2960 348 3040 Viginti
374 2961 465 3022 bases
488 2960 648 3024 icosaedri.
696 2961 813 3043 Viginti
839 2960 941 3038 anguli
966 2958 1157 3022 dodecaedri.

228 3049 348 3129 Viginti
373 3058 499 3129 quatuor
522 3050 622 3128 anguli
651 3050 734 3129 plani
764 3048 899 3111 octaedri
924 3058 955 3112 et
978 3049 1055 3112 cubi.
1102 3048 1161 3110 Hic
1184 3047 1300 3110 alienos
1324 3055 1374 3109 ιιι
1397 3064 1499 3109 numa·

141 3152 205 3211 rus,
230 3138 284 3199 sed
308 3157 362 3198 nec
386 3138 565 3217 praecipuae
588 3138 641 3211 rei,
667 3158 721 3199 nec
745 3138 788 3200 ita
812 3137 948 3200 alienus:
975 3146 1024 3200 est
1047 3138 1125 3200 enim
1147 3136 1195 3199 bis
1223 3131 1271 3210 12,
1297 3144 1346 3201 ιιι
1369 3130 1401 3209 8,
1426 3154 1500 3217 qua·

141 3232 188 3286 ter
211 3220 246 3298 6,
273 3225 321 3304 qui
348 3244 450 3286 ornnes
474 3227 596 3287 suntin
622 3222 673 3288 60.

231 3313 370 3392 Triginta
394 3314 492 3376 latera
516 3315 661 3376 icosaedri
687 3323 719 3377 et
743 3314 934 3376 dodecaedri.

232 3400 401 3480 Sexaginta
424 3403 506 3481 plani
531 3403 632 3482 anguli
656 3403 837 3464 dudecaedri
862 3412 893 3465 et
916 3402 1074 3466 icosaedri.

230 3490 452 3569 Praetereaque
477 3492 549 3553 nihil
574 3500 756 3564 numeratur,
780 3492 837 3553 nisi
861 3510 992 3553 summas
1012 3490 1141 3553 omnium
1165 3490 1293 3552 laterum
1317 3494 1350 3549 et
1374 3487 1502 3567 angulo·

140 3597 206 3643 rum
229 3579 305 3640 inire
328 3579 464 3650 velimus,
489 3580 568 3661 quod
587 3580 713 3642 alienius
734 3589 792 3643 est.
822 3581 897 3641 Tum
919 3580 1098 3659 provenient
1120 3577 1223 3658 anguli
1246 3577 1502 3641 denominantium

140 3667 259 3731 basium
286 3665 334 3742 18,
361 3668 455 3730 iacies
479 3667 532 3741 50,
557 3671 658 3750 anguli
682 3670 819 3744 totidem,
843 3670 943 3731 latera
956 3666 1008 3745 90,
1034 3668 1136 3748 anguli
1160 3667 1241 3749 plani
1267 3662 1342 3729 180.
1380 3666 1503 3731 Numeri

141 3758 263 3836 cognati
287 3774 399 3820 omnes.

607 3933 652 3996 IN
675 3931 816 3995 CAPUT
838 3930 1036 3997 DECIMUM

666 4053 781 4105 nosse
800 4054 977 4107 aucrorus.

201 4156 234 4224 a)
253 4162 293 4216 Ut
305 4178 391 4232 supra
407 4161 467 4230 jam
482 4162 649 4225 dictumest,
665 4165 751 4218 οιιιιιίι
766 4182 938 4220 numerorum
957 4163 1088 4219 nobilitas
1104 4159 1201 4234 (quarn
1221 4164 1372 4235 praecipue
1387 4165 1503 4220 &mira-

139 4248 186 4297 tur
208 4241 355 4312 theologia
376 4241 580 4313 Pythagorica,
603 4246 740 4314 rebusque
760 4245 857 4299 divinis
880 4242 1037 4315 comparat)
1058 4250 1103 4299 est
1129 4244 1256 4314 primitus
1279 4262 1317 4299 cx
1337 4245 1502 4315 genuerit

140 4322 208 4377 Cum
221 4338 286 4374 raro
301 4321 406 4375 multae
420 4322 477 4376 sint
490 4323 551 4391 ejus
566 4332 670 4393 partes,
686 4325 741 4378 bae
756 4326 863 4395 quidem
877 4326 996 4396 quinque
1014 4326 1122 4395 figurae
1136 4324 1243 4379 solidas
1261 4341 1317 4378 nou
1330 4331 1398 4380 sunt
1416 4325 1505 4395 prims

140 4419 191 4457 uec
213 4401 297 4456 unica
321 4418 408 4455 causa
430 4402 585 4457 nobilitatis
606 4404 689 4472 hujus
714 4406 761 4458 sed
783 4405 890 4467 accidit,
913 4406 1046 4460 utmulta
1065 4405 1226 4459 ineundam
1239 4420 1382 4459 numerum
1397 4404 1504 4475 conopi-

139 4488 210 4536 reut.
253 4481 345 4535 Prima
359 4481 429 4536 enim
444 4482 523 4553 origo
539 4484 699 4553 aptitudinis
715 4501 887 4539 numerorum
909 4494 1003 4539 estex
1018 4484 1114 4556 liguris
1133 4484 1224 4554 planis
1239 4483 1429 4555 regularibus,
1454 4484 1504 4541 air·

140 4562 203 4615 culo
218 4560 425 4630 inscriptilibus,
441 4578 589 4634 earumque
603 4565 801 4635 congruentiar
824 4567 896 4618 uude
917 4572 1018 4635 postea
1038 4565 1144 4619 solidae
1158 4565 1291 4618 onuntnr.
1333 4564 1405 4620 Vide
1419 4564 1503 4620 lib.l.

140 4647 170 4694 ιι
191 4642 225 4695 11.
248 4642 482 4696 Harmonicurum.
525 4644 566 4697 Ne
590 4661 656 4698 vero
671 4645 853 4708 confundaris,
882 4646 930 4698 ubi
952 4646 1069 4716 legeris,
1093 4643 1341 4699 demonstrationes
1374 4646 1503 4709 lantum,

141 4720 239 4792 quibus
252 4727 369 4775 utuntur
383 4723 500 4792 figurae,
524 4724 626 4777 arcessi
650 4741 668 4778 a
683 4724 802 4778 numeris
826 4727 1000 4797 angulorum,
1024 4724 1103 4796 qusai
1123 4725 1183 4778 ideo
1203 4741 1340 4786 uumerus,
1364 4732 1400 4780 ut
1412 4742 1505 4781 nume

139 4817 213 4865 raus,
235 4800 311 4871 prior
325 4801 362 4855 ιίι
383 4809 413 4856 ιι
426 4802 543 4873 dignior.
583 4803 703 4867 Minime,
726 4821 779 4859 uon
802 4805 873 4860 enim
893 4806 953 4860 ideo
967 4805 1152 4860 numerabiles
1175 4805 1245 4858 liunt
1265 4805 1363 4877 auguri
1387 4806 1505 4881 figurae,
