3278 5542
681 331 769 383 conus
786 323 885 381 Ursum.
1394 329 1460 409 243

103 479 134 543 sd
159 489 354 545 astronomos
377 481 535 547 Eudoxum
558 489 590 544 et
613 480 773 563 Calippum
798 503 852 551 nos
877 485 1038 566 ablegavit,
1065 496 1096 549 et
1119 488 1255 568 quamvis
1278 490 1309 552 in
1333 490 1459 574 quibus·

103 569 167 630 lam
193 569 411 635 dissentientes
434 572 562 644 videret,
590 581 732 651 utrosque
756 572 851 635 voluit
873 574 911 635 ob
935 575 1101 637 adhibitam
1120 576 1307 658 diligentiam
1331 588 1362 642 et
1375 601 1460 645 com-

104 658 283 723 nunicatam
308 668 440 723 motuum
464 659 633 723 doctrinam
656 663 844 723 venerandos
868 670 899 723 et
922 664 1077 737 amandos,
1102 665 1282 731 audiendum
1305 687 1386 745 vero,
1411 671 1460 751 qni

104 766 186 827 yuam
212 748 381 809 rectissime
405 768 467 811 rem
491 748 659 829 expediret.
705 751 807 812 Aliter
831 770 902 832 ergo
932 752 1027 814 sensit
1051 753 1235 834 Aristoteles
1264 756 1302 817 de
1325 766 1460 822 veterum

104 836 216 901 lterum
240 845 478 900 astronomorum
502 839 624 920 (quibus
649 840 699 921 qui
722 839 818 900 secuti
842 850 913 903 suut
939 861 997 902 uon
1022 843 1216 923 ignobiliores
1247 845 1345 921 suere)
1369 848 1457 910 labo-

104 925 179 989 ibus
206 934 238 987 et
261 927 503 1004 praeclarissimo
526 929 696 1008 proposito,
722 946 812 1008 quam
835 929 942 993 Ursus.

185 1012 306 1087 Quarto
330 1015 448 1078 videtur
472 1026 648 1096 argumento
672 1036 805 1098 pugnare
829 1037 882 1098 pro
903 1039 957 1081 sua
972 1019 1136 1092 sententia,
1161 1039 1219 1082 non
1240 1040 1307 1084 esse
1323 1043 1455 1096 necesse,

105 1113 248 1167 utverae
272 1104 334 1165 sint
357 1107 578 1172 astronomicae
603 1107 802 1188 hypotheses;
832 1127 901 1177 nam
926 1108 1117 1171 crassissima
1147 1109 1176 1170 in
1201 1110 1337 1172 omnibus
1361 1113 1458 1176 adhuc

105 1193 318 1276 typothesibus
342 1195 474 1257 absurda
498 1195 639 1258 residere.
688 1196 801 1259 Verum
829 1197 875 1271 id,
911 1197 989 1277 quod
1013 1206 1062 1258 est
1090 1199 1239 1278 ignotum,
1272 1202 1382 1280 probat
1403 1221 1457 1283 per

105 1283 178 1347 liud
205 1283 293 1362 longe
319 1283 471 1347 incertius.
520 1285 631 1346 Verum
655 1285 774 1366 quidem
797 1294 855 1360 est,
881 1285 906 1347 si
931 1286 1091 1348 absurdum
1116 1296 1147 1348 et
1162 1287 1273 1350 salsum
1296 1290 1326 1350 id
1341 1291 1456 1354 censeri

105 1371 206 1445 lebet,
233 1373 312 1452 qnod
336 1373 385 1433 uni
403 1372 491 1435 alicui
515 1374 666 1437 hominum
690 1373 789 1435 coetui
814 1375 875 1435 tale
899 1375 1031 1448 videtur,
1057 1375 1129 1438 nihil
1153 1377 1212 1438 erit
1235 1376 1264 1438 in
1288 1386 1355 1443 tota
1377 1381 1456 1463 phy-

105 1460 237 1541 ¹»iologia
262 1462 341 1540 quod
365 1481 423 1523 uon
447 1481 500 1542 pro
524 1463 712 1527 crassissimo
737 1463 866 1524 absurdo
891 1463 995 1525 haberi
1019 1465 1119 1526 debet.
1167 1466 1280 1528 Variae
1305 1477 1375 1530 sunt
1398 1469 1455 1531 ho-

105 1548 208 1613 uiuum
238 1552 425 1625 sententiae,
459 1551 533 1614 varii
561 1561 669 1632 captus
700 1551 895 1631 ingeniorum.
947 1553 1015 1615 Non
1045 1553 1175 1615 credidit
1198 1554 1359 1618 absurdum
1388 1577 1456 1623 esse

106 1635 294 1718 lopernicus
320 1649 354 1701 ut
376 1640 472 1702 Terra
495 1651 662 1713 moveatur,
684 1641 810 1702 fixarum
834 1650 922 1703 tanta
945 1641 986 1703 sit
1009 1642 1206 1704 immensitas.
1253 1644 1322 1708 Nou
1347 1647 1456 1709 existi-

106 1738 161 1793 nat
185 1729 348 1791 absordum
372 1730 484 1810 Tycho,
509 1738 543 1792 ut
565 1731 705 1810 planetae
729 1729 832 1792 Solem
857 1731 995 1792 mobilem
1024 1750 1078 1797 con
1101 1740 1237 1794 centrum
1260 1754 1356 1811 suum,
1380 1755 1456 1816 quo·

106 1838 214 1898 nonque
239 1818 268 1879 id
292 1819 417 1895 secedit,
451 1829 615 1899 sequantur
639 1839 693 1881 nec
717 1828 818 1881 tamen
843 1839 913 1890 snos
938 1829 1036 1882 motus
1066 1822 1217 1885 deserant.
1265 1821 1334 1893 Qua
1362 1824 1398 1887 de
1424 1845 1455 1888 re

106 1908 165 1971 nde
191 1909 426 1985 disputationem
451 1909 635 1977 Rothmanni
659 1928 725 1970 cum
747 1910 887 1989 Tychoue
912 1910 940 1970 in
965 1910 1103 1988 epistolis
1128 1911 1347 1974 astronomicis.
1386 1914 1454 1976 Non

106 2005 146 2059 rat
179 1997 314 2059 absurda
342 1997 534 2060 Ptolemuicis
567 1997 799 2060 inaestimabilis
834 1999 886 2067 ille
917 1998 1014 2060 ultimi
1047 1999 1122 2060 coeli
1151 1999 1326 2078 pernicitas.
1379 2001 1457 2064 Sunt

107 2105 172 2151 tusc
208 2094 241 2146 ut
274 2107 293 2146 a
325 2086 468 2149 sensibus
496 2088 539 2149 ita
570 2096 601 2148 et
629 2107 649 2147 a
676 2096 768 2166 captu
799 2086 983 2166 ingeniorum
1015 2096 1184 2149 nostrornm
1213 2089 1388 2164 remotiora,
1424 2100 1456 2159 et

107 2176 191 2241 rariis
224 2174 417 2254 disputantur
444 2176 640 2256 argumentis.
688 2177 789 2255 Atque
818 2177 892 2237 haec
922 2176 975 2238 illa
1001 2187 1072 2239 sunt
1099 2177 1289 2240 crassissima
1312 2179 1452 2267 absurda,

107 2287 174 2348 puae
200 2266 318 2345 quidem
343 2264 430 2327 simul
452 2286 525 2326 vera
548 2285 616 2326 esse
640 2274 805 2345 nequeunt,
836 2285 893 2346 qno
918 2267 966 2339 fit,
997 2276 1030 2328 ut
1053 2285 1147 2346 neque
1177 2266 1244 2345 plus
1273 2286 1332 2328 una
1355 2268 1452 2351 hypo-

109 2355 227 2418 bssium
253 2356 349 2415 forma
373 2373 445 2416 vera
469 2375 536 2417 esse
560 2354 667 2434 possit.
716 2353 796 2423 Quid
820 2365 920 2416 autem
950 2374 986 2415 ex
1011 2355 1057 2416 his
1080 2373 1182 2419 verum
1205 2357 1261 2431 sit,
1294 2356 1364 2437 quid
1392 2358 1453 2429 fal-

107 2464 171 2518 um,
199 2463 292 2524 penes
315 2463 385 2504 vere
409 2444 618 2524 philosophum
642 2452 691 2504 est
713 2443 883 2506 decernere.
931 2441 1054 2506 Certum
1079 2454 1180 2505 tamen
1200 2453 1256 2520 est,
1282 2446 1455 2508 nonomuia

108 2553 174 2608 nse,
202 2542 236 2594 ut
260 2533 337 2594 Urso
362 2533 509 2609 ridentur,
535 2552 636 2594 crasse
662 2532 802 2595 absurda.
849 2531 925 2594 Mihi
951 2552 1023 2595 saue
1048 2533 1122 2594 nihil
1146 2533 1255 2595 falsum
1271 2531 1454 2613 Copernicus

108 2624 213 2687 lixisse
238 2623 372 2683 ridetur:
398 2624 534 2703 quodque
557 2622 632 2683 meis
654 2640 708 2701 pro
734 2619 899 2701 Copernico
924 2621 1019 2684 defuit
1042 2623 1239 2700 argumentis,
1265 2624 1296 2685 id
1319 2623 1453 2687 admira-

108 2712 147 2777 uh
174 2712 302 2774 solertia
325 2713 556 2792 experiundiqne
577 2711 723 2814 industria
742 2712 900 2791 supplesse
916 2711 1035 2773 videtur
1051 2710 1258 2774 Gilbertus
1279 2709 1453 2778 Guiliel·
1487 2738 1493 2748 “

108 2822 173 2869 nus
199 2802 341 2880 Anglus
366 2802 394 2863 iu
417 2821 448 2863 re
473 2810 654 2880 magnetica.

186 2890 301 2964 Quinto
325 2893 469 2972 desperat
491 2910 579 2953 veras
604 2889 786 2971 hypotheses
815 2887 844 2949 in
869 2887 1069 2957 astronomia,
1103 2887 1338 2969 Pyrrhoniorum
1371 2910 1453 2955 more

109 2983 197 3045 mnia
220 2983 335 3042 incerta
360 2981 483 3042 iaciens.
530 2979 608 3041 Esse
632 2980 777 3059 quosdam
802 2978 898 3039 adhuc
926 2996 1038 3039 naevos
1070 2979 1160 3038 etiam
1190 2978 1219 3039 in
1243 2978 1354 3057 optime
1377 2998 1452 3041 con·

109 3072 205 3135 tituta
229 3070 416 3133 astronomia
437 3077 656 3149 proptereaque
681 3077 711 3129 et
735 3067 764 3129 iu
790 3066 1015 3148 hypothesibus,
1042 3084 1128 3127 nemo
1152 3076 1269 3149 negate
1294 3076 1326 3129 et
1349 3068 1378 3130 id
1393 3078 1450 3144 est,

109 3180 145 3227 ur
178 3150 340 3222 hodiedum
378 3160 407 3221 in
437 3157 627 3221 restitutione
656 3164 815 3235 tantopere
847 3156 1009 3221 laboretur.
1063 3153 1206 3218 Ceterum
1234 3156 1350 3220 incerta
1379 3177 1451 3238 pro-

109 3261 202 3315 terea
226 3249 326 3312 omnia
350 3267 386 3310 ne
410 3249 476 3329 quis
500 3247 592 3311 dicat.
631 3247 750 3308 Invenit
773 3245 974 3307 astronomiae
995 3264 1085 3327 opera
1099 3245 1301 3320 Ptolemaeus,
1326 3247 1451 3310 fixarum

109 3340 257 3422 pbaeram
282 3359 349 3401 esse
373 3338 568 3412 altissimam,
594 3337 678 3416 sequi
697 3335 798 3396 ordine
823 3334 999 3407 Saturnum,
1024 3334 1150 3409 Jovem,
1176 3335 1325 3412 Martem,
1350 3334 1452 3399 Solem

110 3429 139 3495 is
163 3429 348 3501 inferiorem,
372 3429 490 3489 Lunam
514 3427 655 3488 infimam.
702 3426 787 3485 llaec
811 3436 893 3486 certe
917 3442 989 3484 vera
1013 3432 1083 3485 sunt
1106 3435 1137 3484 et
1156 3425 1268 3486 formae
1284 3427 1452 3488 mundanae

110 3538 238 3583 cusona.
287 3518 370 3581 ldem
399 3535 558 3581 ascensum
583 3525 613 3576 et
637 3516 812 3576 descensum
837 3513 941 3574 Lunae
972 3512 1058 3574 nimis
1087 3531 1228 3592 magnum
1261 3531 1451 3594 praesuppo-

110 3608 163 3674 nit.
210 3607 260 3670 Ex
284 3609 340 3670 hac
355 3606 513 3687 hypothesi
537 3606 645 3666 salsum
669 3613 700 3665 et
723 3603 761 3664 ab
776 3601 932 3682 apparenti
947 3599 1053 3663 Lunae
1072 3601 1277 3680 magnitudine
1300 3602 1452 3665 dissidens

110 3699 162 3763 uid
187 3696 273 3778 sequi
296 3697 554 3777 Regiomontanus
578 3701 610 3755 et
634 3692 817 3771 Copernicus
841 3690 1111 3770 deprehenderunt.
1158 3691 1307 3751 Dixerunt
1334 3690 1446 3771 itaque,

110 3807 210 3853 uuam
235 3806 293 3849 nou
317 3792 420 3847 tantos
444 3785 544 3847 iacere
568 3784 665 3844 saltus
696 3783 724 3843 in
749 3783 843 3842 altum
867 3791 900 3840 et
926 3779 1113 3858 profundum.
1161 3779 1202 3840 m
1230 3777 1296 3858 quis
1321 3779 1449 3849 dubitat,

111 3878 160 3941 nin
186 3877 244 3938 hoc
268 3895 374 3938 revera
396 3874 440 3936 sic
464 3874 493 3936 in
517 3873 601 3935 coelo
624 3892 657 3933 se
688 3868 822 3931 habeat?
868 3868 914 3929 De
943 3867 1133 3947 proportione
1154 3867 1279 3942 Terrae,
1313 3865 1394 3930 Solis
1418 3879 1450 3931 et

111 3985 195 4031 unae
218 3964 251 4029 ἐν
271 3968 389 4038 amatr,
421 3963 486 4043 quis
511 3981 623 4041 quaeso
647 3960 767 4039 estqui
792 3957 923 4031 dubitet,
949 3956 1006 4019 nisi
1030 3957 1261 4019 melancholicus
1286 3956 1394 4038 aliquis
1418 3969 1450 4019 et

111 4054 360 4137 mperabundus?
406 4054 454 4115 Ita
477 4051 565 4114 hodie
590 4069 676 4111 nemo
699 4067 787 4129 porro
812 4058 861 4108 est
889 4047 938 4127 qui
963 4046 1094 4119 dubitet,
1129 4047 1213 4126 quin,
1244 4047 1323 4126 qnod
1347 4049 1449 4109 estin

111 4145 244 4230 bobonis
271 4152 304 4204 et
332 4140 492 4222 Copernici
519 4139 736 4220 hypothesibus
768 4155 937 4210 commune,
971 4135 1024 4197 Sol
1055 4153 1160 4213 nempe
1190 4144 1326 4198 centrum
1349 4146 1449 4199 motus

130 4237 340 4317 planetarum,
364 4232 394 4293 id
418 4250 523 4293 revera
546 4230 589 4291 sic
613 4248 645 4289 se
670 4228 782 4289 habeat
805 4227 833 4288 iu
858 4226 924 4305 ipso
949 4226 1047 4299 coelo,
1082 4225 1141 4286 etsi
1164 4224 1281 4287 interim
1305 4226 1342 4286 de
1366 4235 1449 4288 motu

111 4327 136 4389 el
154 4324 259 4405 quiete
284 4321 365 4385 Solis
388 4321 458 4384 hinc
481 4319 550 4380 inde
573 4319 736 4380 dubitetur.
783 4316 871 4378 Talia
886 4315 980 4376 multa
995 4322 1066 4375 snnt
1084 4313 1227 4375 beneficio
1246 4316 1448 4377 astronomiae

112 4424 237 4479 actenus
265 4412 295 4475 iu
326 4410 453 4492 physica
479 4409 609 4471 scientia
631 4406 812 4481 constituta,
844 4424 920 4485 quae
949 4404 1038 4465 fidem
1061 4404 1091 4464 in
1119 4410 1273 4481 posterum
1297 4414 1449 4466 merentur

112 4518 252 4567 :revera
276 4501 320 4562 sic
344 4520 378 4561 se
400 4499 523 4573 habent,
549 4506 582 4561 ut
605 4497 675 4559 Ursi
699 4495 871 4574 desperatio
896 4495 960 4555 sine
983 4512 1076 4554 cansa
1101 4493 1150 4553 sit.
1169 4498 1172 4502 ’

177 4591 277 4655 Sexto
299 4589 445 4670 plurimus
469 4588 514 4650 ait
536 4586 745 4670 hypothesium
765 4584 877 4647 formas
901 4582 1029 4661 confingi
1056 4600 1156 4661 posse.
1203 4580 1289 4642 Adeo
1313 4580 1379 4643 leve
1404 4581 1448 4653 illi

112 4684 245 4765 egotinm
269 4688 318 4742 est
349 4678 555 4761 hypotheseon
584 4674 771 4740 constitutio.
817 4674 864 4735 At
892 4691 929 4734 ea
956 4672 1046 4751 plena
1073 4669 1185 4734 laboris
1217 4677 1265 4731 est
1295 4679 1326 4733 et
1357 4689 1447 4741 curas

112 4790 241 4843 immae,
274 4764 353 4850 quod
377 4767 486 4831 testari
509 4775 665 4845 potemnt,
691 4763 740 4844 qni
764 4781 831 4824 eam
855 4762 1062 4840 degustarunt.
1109 4758 1296 4822 Praesidium
1327 4760 1446 4841 quidem

113 4862 183 4929 abet
206 4857 460 4923 haecsententia
480 4855 655 4919 nonnullum
678 4853 708 4915 in
732 4871 778 4923 eo,
802 4851 881 4933 quod
896 4851 992 4913 Ursus
1010 4848 1127 4919 nonnisi
1151 4847 1274 4925 fictitias
1297 4867 1365 4911 esse
1382 4848 1448 4925 vult

1170 4949 1232 5004 tt*
