3278 5542
675 275 899 356 Μ·
953 293 956 297 ·
1430 281 1488 390 a*

131 430 254 494 nomiae
278 432 510 515 descriptionem
533 436 668 499 obtinere
693 438 826 500 sortasse
848 447 975 519 possunt
991 440 1069 502 hanc
1083 459 1214 515 causam,
1239 452 1401 525 prepterea
1415 445 1494 525 qnod

132 518 251 582 orbium
283 523 493 603 proportiones
522 526 723 606 investigandi
755 528 837 589 nulla
866 528 928 590 illic
959 529 1092 600 occasio,
1127 530 1238 591 nullum
1272 531 1492 596 adminiculum.

133 607 397 679 Quemadmodum
419 613 498 675 enim
523 614 575 688 iis,
600 616 648 695 qni
674 617 711 676 de
737 616 821 678 novis
847 617 938 679 indiis
962 618 1159 698 scripserunt.
1195 639 1281 680 nemo
1307 621 1394 682 facile
1419 641 1493 683 cou-

134 697 260 762 tradicit
283 701 333 782 qui
357 701 410 764 illa
433 703 501 765 loca
524 722 582 765 non
607 703 670 782 ipse
694 704 849 775 lustravit,
874 707 917 769 sic
940 707 1130 790 physicorum
1154 708 1338 771 ratiunculas
1360 710 1397 770 de
1419 730 1493 772 coo-

134 795 218 850 tactn
243 790 359 852 orbium
381 800 572 855 astronomus
595 793 719 872 rejicere
736 814 792 856 non
807 805 918 875 potest,
944 815 1030 876 quem
1050 796 1291 858 observationum
1306 797 1495 877 experientia

133 883 165 938 et
187 877 400 960 hypothesium
423 881 556 944 conditio
587 881 615 943 in
640 883 755 960 coelum
778 884 876 965 ipsum
904 885 1039 966 interque
1068 885 1155 947 orbes
1180 904 1238 946 uon
1267 888 1376 948 evexit.
1422 887 1493 950 Jam

134 984 204 1028 vero
230 986 269 1028 ex
293 966 452 1050 Copemici
475 971 691 1052 hypothesibus
711 980 743 1034 et
766 992 803 1034 ex
828 973 878 1035 illo
894 974 1005 1036 Terrae
1029 982 1111 1035 motu
1131 973 1273 1054 sequitur,
1299 976 1409 1037 nullam
1425 995 1493 1039 esse

135 1053 251 1118 orbium
279 1057 443 1121 vicinorum
475 1060 688 1134 differentiam,
723 1080 798 1141 quae
831 1082 889 1124 non
922 1063 1023 1125 multis
1055 1063 1193 1144 partibus
1227 1063 1307 1124 orbis
1340 1064 1492 1146 utriusque

135 1146 392 1209 eccentricitatem
423 1157 554 1230 superet.
600 1151 703 1231 Atque
736 1151 824 1232 hujus
857 1151 899 1214 rei
932 1171 1006 1233 cape
1041 1152 1208 1230 exemplum
1241 1172 1278 1213 ex
1306 1152 1434 1214 Telluris
1462 1163 1494 1217 et

134 1232 266 1297 Veneris
289 1236 422 1309 orbibus,
445 1238 482 1299 iis
507 1257 622 1317 nempe,
648 1238 697 1318 qui
721 1240 872 1301 minimum
888 1241 925 1302 ab
950 1241 1077 1302 invicem
1097 1241 1215 1301 absunt.
1263 1239 1403 1310 Qualium
1419 1243 1491 1304 Tel-

133 1323 205 1385 luris
230 1345 249 1385 a
271 1333 375 1387 centro
399 1327 500 1389 muudi
524 1327 672 1391 distantia
695 1329 852 1390 mediocris
881 1338 929 1390 est
952 1325 1008 1404 60,
1035 1330 1139 1391 talium
1159 1329 1290 1390 Veneris
1319 1331 1356 1391 ab
1386 1331 1491 1393 eodem

135 1413 284 1476 distantia
316 1415 473 1477 mediocris
507 1426 556 1478 est
581 1412 684 1498 437„
718 1417 888 1502 differentia
921 1413 998 1495 160ὓ
1028 1419 1177 1497 scrupula.
1225 1418 1294 1479 Jam
1326 1419 1428 1480 Tellus
1462 1420 1492 1480 in

134 1501 277 1582 perigaeo
300 1505 517 1586 appropinquat
546 1504 655 1566 Veneri
679 1506 826 1585 scrupulis
851 1503 930 1590 272,
964 1509 1068 1568 Venus
1091 1507 1135 1568 illi
1160 1507 1278 1568 obviam
1303 1509 1440 1587 procedit
1462 1509 1491 1570 in

135 1610 270 1671 apogaeo
293 1594 440 1672 scropulis
464 1594 568 1656 itidem
592 1589 672 1672 ²¹be
702 1615 817 1657 summa
840 1593 859 1659 5
884 1597 1097 1675 scrupulorum.
1145 1596 1224 1673 Ergo
1256 1597 1412 1658 duodecim
1441 1616 1492 1658 re-

135 1680 229 1742 siduis
257 1683 405 1762 scrupulis
433 1684 508 1745 haec
537 1684 593 1745 duo
624 1703 750 1764 corpora
781 1684 899 1747 distant
927 1687 1020 1746 etiam
1048 1705 1115 1747 curn
1145 1685 1277 1764 proxime
1303 1686 1340 1746 ab
1365 1686 1491 1747 invicem

136 1770 255 1833 absunt.
303 1768 391 1843 Quod
419 1771 445 1834 si
469 1772 534 1852 quis
558 1773 614 1834 hoc
639 1773 846 1834 intermedium
874 1775 1005 1854 spatium
1035 1774 1176 1852 compleri
1205 1782 1325 1835 asserat
1352 1774 1493 1836 deferen-

135 1858 214 1920 tibus
247 1861 342 1922 uodos
376 1869 407 1922 et
434 1861 553 1923 circulis
582 1861 786 1936 latitudinum,
821 1863 847 1924 is
875 1865 1004 1941 cogitet:
1039 1883 1128 1942 posse
1158 1882 1194 1923 ea
1222 1863 1321 1923 officia
1349 1863 1440 1924 etiarn
1474 1884 1493 1924 a

137 1949 224 2027 louge
250 1949 434 2011 tenuioribus
458 1949 595 2024 orbibus,
624 1970 712 2031 quam
737 1952 785 2032 qui
810 1960 927 2014 tautum
951 1953 1065 2014 hiatum
1089 1952 1245 2032 impleant,
1277 1952 1490 2025 administrari,

136 2056 233 2117 neque
256 2047 396 2100 naturam
420 2039 540 2101 immani
564 2041 640 2101 mole
665 2048 816 2102 tantorum
842 2043 955 2102 orbium
981 2042 1173 2102 onerandam.
1221 2038 1368 2110 Quamvis
1393 2041 1492 2102 hercle

138 2124 299 2207 Copernici
327 2127 511 2210 hypotheses
540 2148 642 2190 omnes
672 2130 715 2190 ita
745 2139 951 2211 comparatae,
986 2131 1030 2191 ita
1058 2139 1148 2210 aptae
1177 2139 1260 2198 snut,
1294 2129 1338 2189 ita
1365 2129 1490 2191 invicem

136 2215 317 2288 inserviunt,
350 2225 383 2279 ut
406 2217 486 2279 haud
506 2217 594 2279 facile
619 2219 678 2280 ullo
703 2219 793 2293 orbe,
822 2220 870 2298 qui
891 2221 969 2280 ultra
992 2220 1133 2298 planetae
1159 2218 1236 2278 viam
1261 2227 1422 2296 evagatur,
1453 2220 1490 2279 ad

136 2313 233 2366 motus
257 2306 426 2368 reddendos
451 2306 584 2386 indigere
608 2308 772 2369 videamur.
820 2308 882 2370 Sed
907 2318 986 2383 esto,
1013 2316 1047 2369 ut
1070 2308 1098 2369 in
1123 2306 1295 2387 propinquis
1320 2307 1421 2384 spatia
1445 2308 1490 2368 his

135 2394 315 2474 impleantur
338 2395 473 2457 orbibus:
499 2415 610 2475 quaeso
636 2396 706 2458 illud
731 2399 818 2477 quale
842 2399 882 2458 sit
905 2398 1071 2459 videamus
1120 2395 1194 2459 Cum
1215 2394 1489 2474 aperigaeaJovis

136 2483 285 2545 distantia
308 2485 346 2546 ad
370 2485 480 2546 Martis
504 2504 688 2564 apogaeam,
715 2487 805 2564 duplo
830 2487 946 2566 lougius
971 2494 1140 2549 numeretur
1164 2485 1308 2564 spatium,
1339 2504 1426 2563 quam
1451 2485 1489 2546 ab

134 2573 197 2652 ipso
213 2574 316 2635 Marte
339 2575 378 2636 ad
402 2583 536 2636 centrum
560 2575 660 2636 mundi
685 2575 786 2646 (Jovis
807 2576 885 2635 euim
904 2576 1051 2636 distantia
1075 2576 1166 2654 tripla
1190 2582 1238 2635 est
1261 2575 1300 2635 ad
1320 2574 1489 2646 Martiam),

134 2680 244 2741 ergone
276 2662 313 2723 ad
346 2662 446 2743 pusilli
475 2664 615 2742 planetae
639 2664 690 2724 vix
719 2664 757 2725 ad
781 2683 902 2725 sensum
926 2665 1086 2726 variandas
1115 2663 1329 2734 motiunculas,
1362 2661 1391 2723 in
1423 2664 1490 2724 lon-

133 2768 212 2831 gum,
237 2752 267 2812 iu
293 2752 395 2826 latum,
421 2759 517 2813 totum
541 2754 597 2815 hoc
620 2753 752 2832 spatium
777 2753 866 2833 duplo
890 2754 1020 2815 crassius
1045 2754 1124 2814 omni
1148 2753 1248 2813 Marte
1272 2752 1404 2830 repletur
1425 2761 1489 2813 tam

132 2840 319 2919 portentosis
335 2840 490 2902 orbibus?
536 2841 621 2912 Quae
650 2842 724 2903 haec
753 2850 879 2903 naturae
909 2842 1060 2904 luxuries?
1097 2841 1195 2912 Quam
1226 2839 1348 2918 inepta?
1390 2838 1489 2910 Quam

132 2929 272 2992 inutilis?
309 2929 407 3000 Quam
431 2930 550 2992 minime
575 2931 631 3011 ipsi
656 2931 791 2992 usitata?
836 2932 938 3011 Atque
964 2950 1000 2992 ex
1023 2932 1079 2993 hoc
1104 2932 1204 2992 videre
1229 2937 1290 3003 est,
1316 2928 1344 2988 in
1370 2926 1488 3007 (loper-

131 3018 197 3081 nico
224 3018 336 3080 nullum
361 3020 463 3081 orbem
487 3019 525 3081 ab
550 3021 608 3082 alio
638 3020 739 3100 tangi,
773 3019 827 3081 sed
851 3020 986 3099 ingentia
1014 3020 1137 3102 relinqui
1172 3024 1367 3100 systematum
1391 3018 1488 3079 inter-

132 3109 214 3170 valla
238 3108 341 3188 utique
370 3107 459 3189 plena
481 3110 606 3171 coelesti
630 3128 715 3182 aura,
750 3109 804 3170 sed
828 3111 865 3170 ad
891 3118 1026 3171 neutrum
1055 3118 1154 3170 tamen
1181 3106 1411 3187 propinquorum
1435 3126 1488 3187 sy-

132 3204 296 3259 stematum
327 3197 521 3279 pertinentia.
575 3197 751 3271 (Schemate
775 3195 828 3260 22.
862 3200 900 3259 ob
933 3199 1035 3261 oculos
1059 3217 1192 3278 propono
1226 3196 1280 3257 tibi
1312 3194 1427 3257 orbium
1459 3203 1491 3256 et

132 3283 362 3349 interstitiomm
395 3286 617 3366 magnitudines
649 3288 736 3368 juxta
763 3306 852 3350 voras
885 3287 1111 3367 proportiones:
1147 3286 1189 3347 uti
1221 3304 1274 3346 eae
1305 3284 1436 3346 numeris
1470 3305 1489 3346 a

133 3371 300 3457 Oopernico
323 3394 485 3457 expressae
509 3374 648 3453 sunt.¹‘))
686 3374 797 3438 Eorum
820 3387 922 3439 autem
947 3377 1111 3455 spatiorum
1136 3394 1202 3436 curn
1227 3373 1311 3435 initio
1335 3373 1490 3453 professus

135 3463 184 3527 eim
211 3483 324 3527 causas
347 3461 428 3528 e15
452 3464 625 3546 corporibus
650 3464 784 3542 reddere,
809 3485 862 3529 cur
885 3474 973 3528 tauta
996 3465 1115 3546 singula
1139 3465 1216 3525 iuter
1240 3463 1326 3524 binos
1349 3463 1490 3542 planetas

134 3554 239 3616 relicta
263 3553 325 3617 siut
348 3575 367 3616 a
391 3550 537 3618 creatore
562 3553 685 3635 Optimo
708 3553 813 3628 Max,
842 3574 947 3635 nempe
972 3555 1050 3635 quod
1074 3554 1211 3633 singulae
1235 3551 1347 3630 figurae
1372 3550 1491 3630 singula

134 3638 295 3706 intervalla
317 3642 458 3719 efficiant,
482 3644 637 3708 videamus
661 3644 758 3719 modo,
784 3663 872 3725 quam
896 3644 926 3705 id
950 3643 1080 3705 feliciter
1102 3649 1253 3704 tentatum
1273 3640 1322 3712 sit,
1349 3658 1489 3700 cansam-

133 3748 184 3811 que
221 3733 299 3795 hauc
332 3751 432 3795 coram
463 3734 650 3797 astronomia
675 3733 778 3814 judice
814 3742 846 3794 et
878 3733 1042 3811 interprete
1075 3729 1241 3810 Copernioo
1276 3727 1489 3806 disceptemus.

129 3815 265 3885 Orbibus
289 3821 362 3902 ipsis
386 3829 505 3885 tantam
526 3824 662 3903 relinquo
686 3821 864 3896 crassitiem,
890 3828 1034 3903 quautam
1056 3820 1182 3901 requirit
1196 3836 1340 3879 ascensus
1360 3816 1489 3879 descen-

127 3924 242 3992 susque
266 3912 425 3991 planetae:
451 3931 526 3993 quae
550 3920 651 3974 tamen
675 3921 774 3973 utrum
797 3910 937 3985 sufficiat,
962 3911 1040 3972 inira
1063 3928 1128 3988 cap.
1150 3906 1205 3970 22.
1230 3905 1358 3968 videbis.
1401 3903 1489 3976 Quod

120 3999 155 4062 si
188 4001 304 4080 figurae
331 4000 511 4081 interjectae
534 4009 621 4076 sunt,
655 4008 690 4062 ut
713 4000 790 4062 dixi:
823 4008 944 4079 oportet
971 3999 1061 4061 imam
1090 3997 1252 4077 superioris
1276 3995 1357 4057 orbis
1382 4015 1489 4076 super-

118 4084 228 4151 ficiem
257 4090 380 4170 aequari
411 4089 634 4170 circumscripto
662 4091 794 4170 figurae,
828 4108 972 4151 summam
1003 4087 1154 4151 inferioris
1185 4083 1344 4164 inscripto,
1377 4084 1490 4166 figuras

118 4186 235 4242 autem
258 4179 374 4242 censeri
398 4197 434 4241 eo
456 4179 569 4255 ordine,
595 4199 681 4261 quern
705 4197 796 4259 supra
819 4178 985 4241 rationibus
1008 4170 1340 4327 confirmatum(lyaml

1201 4285 1210 4325 1
1235 4311 1241 4325 .
1292 4309 1298 4324 .
1343 4283 1446 4345 opero.

321 4351 342 4431 li
636 4353 724 4417 Jovis
792 4352 856 4417 577
1127 4349 1191 4417 635
1217 4351 1292 4432 Gap.
1339 4348 1393 4426 9.,

296 4367 368 4549 W
413 4450 462 4507 est
488 4439 573 4506 1000
635 4443 746 4506 Martis
793 4439 857 4506 333
936 4444 981 4506 At
1005 4452 1054 4505 est
1126 4439 1190 4506 333
1215 4439 1291 4520 Gap.
1320 4434 1370 4502 ll.

153 4533 189 4598 si
211 4534 273 4597 ima
297 4541 343 4603 ‘d
384 4531 593 4595 debebatesse
637 4533 765 4596 Telluris
793 4528 857 4594 795
912 4533 1075 4595 secundum
1126 4530 1189 4595 757
1216 4529 1291 4609 Cap.
1320 4525 1370 4592 19.

271 4664 276 4671 .
319 4623 344 4698 ὅ
434 4640 551 4684 summa
638 4623 768 4684 Veneris
793 4617 856 4684 795
891 4619 1089 4702 Cepernicum
1126 4617 1190 4685 794
1215 4617 1291 4699 Cap.
1317 4615 1356 4680 2l
1384 4620 1410 4680 dr
1437 4614 1490 4680 22.

320 4709 344 4783 Q
635 4710 777 4774 Mercurii
792 4639 888 4877 md
1125 4707 1189 4773 723
1214 4706 1292 4789 Cap.
1316 4703 1368 4771 27.
1389 4702 1434 4782 Μ>

721 4801 770 4862 vel
794 4795 857 4862 707
