3278 5542
669 324 678 337 .
738 289 820 354 capue
837 289 903 341 xxl.
1440 273 1501 360 179

135 443 287 523 Keplere,
316 454 460 527 quantum
483 446 563 511 inter
585 466 619 509 ee
642 447 810 511 dissideant
833 457 932 511 motus
956 457 989 511 et
1015 469 1156 530 corpora,
1185 450 1241 512 hoc
1266 459 1314 513 est
1338 453 1501 523 distantiae

136 533 278 613 utrinque
304 544 487 599 exstructae.
534 534 635 608 Quare
658 538 768 600 nudum
792 538 874 600 hosti
898 539 978 600 latus
1002 538 1126 618 objicis,
1155 539 1213 601 imo
1243 549 1273 601 te
1297 541 1401 621 ipsum·
1418 542 1500 618 feris,

136 640 193 683 neo
218 640 295 702 opus
320 624 419 687 alieno
437 625 576 705 jugulere
600 626 710 705 gladio.

116 740 125 751 ·
225 711 287 773 His
310 712 403 794 igitur
425 723 459 775 ut
481 715 694 795 respondeam,
723 715 847 795 primum
872 714 988 776 inverto
1013 716 1177 791 rationem,
1207 724 1240 778 et
1261 717 1411 797 ipsorum,
1443 719 1501 781 imo

136 799 271 863 oninium
295 802 415 882 appello
433 802 581 883 judicium
604 813 636 865 et
659 804 892 877 conscientiam
923 813 1020 866 utrum
1048 813 1257 883 argumentum
1284 814 1392 884 putent
1420 807 1499 869 veri-

136 888 269 952 similius
294 909 381 966 esse,
413 911 486 955 num
508 892 635 955 alterum
664 895 701 954 de
729 893 921 971 corporibus,
954 914 993 955 an
1022 893 1078 955 hoc
1102 894 1138 954 de
1162 903 1254 955 motu.
1301 895 1406 974 Neque
1430 896 1501 957 mihi

136 978 296 1057 probabile
320 988 379 1056 eet,
404 999 582 1061 quemquam
606 982 697 1043 aliter
720 983 876 1056 dicturum,
897 1001 990 1061 ⁴quam
1015 982 1090 1043 lianc
1114 991 1247 1045 motuum
1271 984 1309 1043 ad
1333 985 1420 1045 orbes
1446 1005 1498 1047 ac-

136 1068 412 1131 commodationem
445 1070 606 1133 admodum
639 1070 815 1132 concinnam
852 1090 920 1131 esse
960 1079 1050 1149 atque
1093 1071 1268 1132 admirabile
1299 1070 1354 1132 Dei
1386 1072 1500 1152 opificis

138 1178 323 1236 χυρυργημα.
358 1158 488 1221 Proinde
511 1159 537 1220 si
561 1160 699 1221 alterutri
718 1169 894 1238 argumento
914 1159 988 1220 fides
1010 1160 1150 1220 habenda
1168 1161 1218 1232 sit,
1243 1160 1310 1221 huic
1333 1179 1406 1240 prae
1430 1180 1499 1223 cor·
1592 1214 1594 1219 .

138 1245 262 1323 poribus
293 1247 530 1326 astipulaturos,
555 1256 700 1329 tanquam
726 1249 770 1310 rei
799 1247 897 1327 magis
920 1248 1070 1309 evidenti:
1106 1248 1242 1328 quamvis
1266 1249 1380 1310 numeri
1404 1251 1500 1312 adhuc

141 1333 327 1413 aliquantum
350 1356 370 1396 a
393 1332 608 1414 Cupernicanis
633 1336 815 1416 discrepent.
855 1334 991 1406 Quodsi
1016 1337 1130 1398 obtinui
1156 1338 1277 1398 lectoris
1301 1337 1499 1411 confessione,

145 1431 207 1483 utar
234 1442 289 1504 pro
318 1425 543 1487 confirmatione
572 1444 727 1506 corporum
752 1435 783 1487 et
807 1426 1000 1487 excusatione
1024 1425 1193 1486 discordiae
1227 1426 1325 1501 illius,
1359 1437 1393 1488 ut
1425 1448 1500 1507 quae

147 1513 241 1572 multis
264 1513 402 1592 partibus
426 1513 522 1575 minor
545 1524 609 1585 est,
635 1534 724 1594 quam
747 1516 822 1575 haec
846 1515 875 1574 in
900 1524 981 1575 motu
1005 1514 1204 1575 dissonantia.
1251 1514 1331 1576 Nam
1356 1517 1380 1576 si
1406 1516 1501 1578 lector

150 1598 188 1660 bic
210 1610 335 1681 propter
357 1603 592 1664 concinnitatem
615 1602 729 1664 inventi
752 1622 892 1682 magnum
916 1622 1046 1666 errorem
1069 1603 1198 1664 libenter
1222 1603 1401 1675 dissimulat,
1425 1624 1499 1684 par-

153 1705 211 1749 rum
231 1690 293 1752 illic
316 1710 448 1753 errorem
472 1692 560 1772 longe
584 1692 703 1754 facilius
726 1690 879 1753 tolerabit.
927 1692 1097 1753 Diversitas
1126 1692 1204 1753 enim
1232 1692 1284 1753 illa
1313 1711 1404 1770 penes
1429 1713 1498 1754 cor-

158 1795 217 1855 pora
237 1780 384 1843 calculum
406 1780 637 1843 astronomicum
662 1780 733 1842 nibil
758 1781 917 1842 admodum
947 1780 1070 1841 turbat:
1103 1781 1164 1841 ista
1187 1799 1258 1849 vero
1281 1800 1374 1860 penes
1399 1791 1499 1843 motus

161 1867 231 1944 paulo
253 1868 322 1948 quid
344 1869 441 1949 majus
464 1869 564 1932 infert.
611 1872 713 1949 Atque
738 1870 794 1930 hoc
817 1868 941 1947 primurn
966 1878 1033 1942 est;
1056 1869 1149 1948 plaga
1172 1888 1277 1949 nempe
1303 1872 1446 1949 reposita.

232 1956 346 2019 Deinde
371 1978 438 2020 cum
462 1976 588 2038 corpora
612 1958 792 2020 dissentiant
817 1978 835 2017 a
864 1958 995 2018 motibus
1010 1955 1057 2030 ¹³),
1091 1967 1125 2018 ut
1151 1977 1222 2019 vere
1249 1958 1322 2018 mihi
1351 1959 1498 2038 objicitur,

167 2044 232 2106 lateri
253 2046 354 2126 utique
378 2065 486 2127 cogor,
522 2047 684 2108 alterutros
713 2047 741 2107 in
774 2066 873 2106 errore
898 2046 1021 2108 versari.
1071 2047 1276 2108 Veruntamen
1301 2065 1432 2108 errorem
1456 2047 1501 2108 ita

168 2132 338 2197 demonstrari
361 2154 451 2216 posse
476 2135 631 2208 existimo,
657 2144 691 2197 ut
714 2145 850 2196 neutrum
873 2136 1027 2196 inventum
1051 2136 1161 2213 (neque
1186 2136 1223 2195 de
1247 2143 1380 2196 motuum
1405 2155 1499 2215 neque
1582 2134 1587 2144 “

100 2238 105 2251 ·
169 2222 194 2280 de
212 2223 313 2286 orbium
335 2224 545 2305 proportione)
573 2225 693 2305 penitus
718 2224 883 2302 relinquere
908 2243 1031 2285 necesse
1056 2225 1105 2285 sit.
1120 2228 1146 2296 ο)
1192 2223 1301 2286 Utrum
1326 2235 1425 2285 autem
1450 2227 1497 2285 in-

169 2313 347 2374 securunio
371 2315 461 2393 culpa
484 2313 535 2383 sit,
559 2314 822 2394 exsuperioribus
847 2311 934 2373 facile
957 2321 1005 2373 est
1023 2313 1182 2390 conjicere.
1221 2311 1353 2372 Primum
1379 2313 1498 2375 distan-

171 2397 214 2458 tiae
232 2401 373 2464 motoriae
396 2403 558 2481 longiusa
582 2400 796 2482 Cupernicanis
819 2403 977 2475 recedunt,
1008 2421 1096 2481 quam
1119 2402 1269 2480 figurales,
1316 2401 1448 2474 Deinde,
1472 2402 1498 2462 si

170 2489 283 2551 nonnas
297 2509 363 2553 cum
379 2488 594 2572 Cupernicauis
611 2493 759 2565 conseras,
776 2490 911 2568 singulas
927 2509 993 2551 cum
1011 2490 1147 2570 singulis,
1164 2491 1359 2569 delectusque
1378 2490 1498 2551 adscri-

170 2574 216 2648 bet,
234 2579 344 2642 videbis
368 2580 497 2662 aliquam
522 2580 691 2642 defectuum
716 2599 781 2640 eum
805 2578 879 2657 ipsis
903 2579 1033 2640 numeris
1057 2587 1147 2659 atque
1172 2580 1248 2640 adeo
1273 2597 1338 2640 cum
1362 2578 1498 2658 eorpori-

171 2662 209 2723 bus
228 2668 441 2749 cognationem,
466 2677 678 2749 praeterquam
701 2670 730 2730 in
754 2669 914 2730 Mercurio.
962 2669 1063 2728 Ecce:

487 2808 614 2890 Oopern.
641 2810 792 2871 Motoriae
838 2809 1033 2872 Differentiae

398 2896 419 2967 0
470 2898 500 2973 Ἃ
545 2896 610 2962 572
701 2896 766 2961 574
857 2895 899 2976 -l-
945 2897 965 2959 2
1057 2896 1159 2959 Cubus

394 2987 424 3062 ll
474 2996 500 3059 ὁ
545 2985 611 3051 200
701 2984 766 3048 274
857 3021 898 3031 -
927 2983 965 3049 16
1057 2985 1254 3068 Tetrabdron.

394 3085 419 3147 d
470 3080 496 3152 ὁ
543 3072 609 3145 658
700 3072 765 3139 694
856 3072 898 3155 -l—
923 3070 966 3137 36
1056 3075 1285 3136 Dodecaddron.

395 3168 420 3241 ὃ
470 3164 494 3238 Ω
542 3163 607 3228 719
698 3161 765 3227 762
856 3161 964 3243 -1-43
1056 3163 1250 3225 lcosaedrou.

394 3253 420 3327 Q
472 3256 494 3330 ζὶ
542 3251 607 3317 500
699 3252 762 3317 563
855 3252 897 3330 †
921 3249 963 3315 63
1056 3253 1240 3331 Octabdrou.

468 3339 605 3407 ve1559
853 3339 894 3420 †
940 3339 960 3404 4

230 3462 297 3526 Plus
321 3465 438 3542 scilicet
460 3466 489 3528 in
515 3474 653 3548 quatuor,
678 3465 775 3526 minus
798 3465 828 3525 iu
854 3466 965 3545 quinto.
1004 3465 1083 3526 Nam
1102 3485 1141 3526 ex
1160 3472 1298 3543 quatuor,
1322 3466 1393 3528 bina
1416 3489 1496 3530 sem-

167 3557 203 3614 per
221 3569 338 3632 corpora
361 3564 432 3617 sunt
454 3556 575 3628 similia,
601 3555 734 3634 quintum
757 3555 925 3616 solitarium
950 3564 1007 3615 est.
1041 3554 1158 3616 Deinde
1176 3554 1366 3629 Mercurium,
1393 3566 1427 3618 ut
1449 3566 1499 3618 est

166 3635 251 3728 illius,
271 3645 302 3705 in
325 3645 460 3707 ordinem
483 3645 586 3724 redige
611 3654 642 3705 et
664 3644 775 3722 cogita,
802 3644 910 3705 debere
934 3643 1047 3723 aliquid
1071 3643 1162 3704 altius
1187 3643 1286 3704 media
1310 3644 1390 3705 orbis
1415 3646 1496 3722 spis-

164 3728 266 3792 situdine
288 3751 343 3811 pro
366 3733 467 3795 media
489 3733 636 3795 distantia
660 3733 792 3806 censeri,
818 3741 937 3793 tantum
960 3750 1083 3809 nempe,
1113 3738 1243 3811 quantus
1268 3740 1315 3791 est
1338 3734 1418 3792 orbis
1443 3752 1496 3794 oc-

164 3811 286 3895 tetdrid),
311 3823 406 3902 (quod
430 3841 522 3902 supra
544 3823 687 3883 audivisti
712 3821 810 3882 media
829 3821 1026 3901 spissitudine
1042 3820 1170 3900 amplius
1186 3822 1268 3893 esse)
1294 3828 1325 3880 et
1349 3821 1497 3883 obtinebit

163 3910 201 3989 pro
220 3911 311 3972 media
334 3912 482 3974 distantia
505 3908 589 3986 559,
619 3930 676 3972 non
706 3908 781 3972 500.
828 3911 896 3971 Erit
919 3910 1009 3990 igitur
1037 3909 1084 3970 hic
1114 3909 1186 3969 ordo
1215 3910 1278 3988 ejus
1310 3929 1497 3972 nutrierorum

163 3994 191 4059 0,
212 4000 245 4072 tl:
267 3995 349 4074 559,
372 3996 436 4064 563
461 3997 519 4079 (-Ι-
542 3996 589 4073 4).
637 4000 715 4061 Ecce
741 4001 769 4060 iu
794 3996 828 4076 ij,
858 3999 898 4073 ll,
924 4009 956 4060 et
981 3998 1020 4071 Q,
1046 4000 1066 4075 6
1091 3995 1276 4058 differentias
1301 3999 1429 4061 ruinores
1453 4020 1494 4062 sc.

162 4068 183 4146 2,
198 4079 222 4159 4,
244 4087 271 4151 in
290 4097 325 4166 d,
351 4090 388 4166 ὅ,
414 4092 439 4166 ὃ
460 4089 485 4164 Ω
505 4090 646 4169 majores,
671 4109 713 4150 sc.
731 4084 783 4162 36,
804 4084 857 4163 43,
882 4089 961 4149 sicut
983 4087 1146 4166 interJ'eota
1169 4105 1295 4166 corpora
1319 4088 1379 4149 illic
1403 4089 1497 4150 cubus

161 4170 184 4225 li
201 4179 369 4255 oaaedron,
395 4179 442 4241 hic
466 4179 674 4243 dodecaddron
700 4185 731 4239 et
755 4177 928 4239 icosaddrou
954 4187 1025 4238 sunt
1048 4176 1169 4238 similia.
1214 4176 1257 4237 Et
1280 4177 1495 4253 animadverte,

161 4263 218 4330 illd
237 4266 309 4340 illio,
332 4267 382 4330 ubi
405 4288 516 4348 magna
540 4268 711 4330 differentia
734 4275 782 4328 est
803 4262 1012 4346 inscriptorum
1033 4274 1064 4327 et
1078 4266 1378 4344 circumscriptorum,
1402 4286 1497 4346 parva

160 4353 195 4408 ill
219 4355 384 4419 differentia
417 4357 647 4420 distantiarum:
681 4356 813 4418 vicissim
838 4357 887 4417 ubi
918 4354 1132 4434 propemodum
1164 4355 1307 4435 aequales
1340 4357 1495 4439 adscripti,

160 4448 244 4520 ffltguo
266 4447 426 4508 intervallo
451 4447 600 4508 dissident
624 4445 789 4507 distantiae
813 4445 959 4506 motoriae
984 4466 1002 4506 a
1026 4442 1252 4523 Cupernicanis.

226 4533 302 4598 Cum
324 4535 416 4614 igitur
439 4536 469 4597 iu
493 4534 612 4598 defectu
637 4536 693 4596 hoo
718 4535 758 4597 sit
781 4534 928 4614 quaedam
953 4533 1137 4614 aequalitas,
1167 4542 1200 4594 et
1222 4551 1292 4594 vero
1316 4531 1388 4593 nihil
1412 4531 1495 4593 ordi-

156 4627 239 4686 raum
254 4623 379 4688 fortuito
394 4625 523 4700 accidat,
548 4625 616 4687 ideo
632 4624 832 4703 cogitandum,
857 4641 995 4689 numeros
1019 4624 1109 4683 hosce
1134 4621 1173 4683 ad
1196 4622 1355 4683 veritatem
1379 4621 1496 4702 quidem

154 4708 282 4787 tlludere,
306 4714 436 4789 noudum
460 4722 560 4776 tamen
585 4734 651 4776 eam
675 4714 794 4792 penitus
819 4721 986 4773 assecutos.
1024 4711 1140 4790 Nempe
1166 4711 1193 4772 in
1220 4711 1284 4790 ipso
1308 4711 1496 4771 theoremate

149 4799 233 4864 adhuc
257 4801 357 4865 limari
380 4803 451 4886 quid
472 4811 576 4886 potest
590 4807 636 4878 ο);
670 4811 723 4864 aut
755 4802 911 4862 theorema
944 4801 1061 4881 quidem
1095 4808 1176 4862 recte
1209 4799 1319 4873 habet,
1354 4799 1409 4860 sed
1432 4800 1496 4879 ejus

1224 4898 1284 4955 12*
