3278 5542
588 215 710 267 HM·
726 216 874 281 Wlffl-
1354 213 1415 279 105

48 374 169 454 reliquo
191 373 285 437 etiarn
308 374 430 438 dimidio
452 375 613 437 excurrat?
657 375 685 436 Ε
708 373 813 456 Styria
836 376 1005 455 qnondam,
1029 384 1063 438 ut
1087 375 1164 451 dixi,
1190 376 1229 437 ad
1252 378 1413 454 Braheum,

49 464 80 525 id
103 473 157 525 est
180 464 221 524 ad
243 483 332 544 opus
354 463 575 525 Tabularum
599 463 914 544 Rudolpbinarum
938 466 1161 539 maturandum,
1185 466 1339 545 profectus
1363 477 1413 529 ost

50 552 173 614 libellus
197 552 265 627 iste,
290 573 336 615 me
360 554 472 615 latore:
497 553 568 634 quid
591 552 738 625 insolens,
773 553 842 630 quid
871 553 946 613 adeo
971 554 1100 615 alienum
1129 554 1298 633 apristino
1322 555 1414 617 insti-

52 649 118 701 tuto
142 648 258 710 vestro,
282 642 437 713 Proceres‚
463 642 531 721 quid
556 640 682 720 deniqne
707 659 764 700 uon
788 649 907 719 gratum
930 642 1120 703 Ferdinando
1145 641 1322 720 Imperatori
1347 644 1414 706 Au·

50 737 161 808 gusto,
195 729 347 809 Rudolphi
371 738 442 809 post
464 729 628 791 Matthiam
652 727 833 801 successori,
869 730 1019 804 feceritis,
1056 731 1082 791 si
1106 739 1308 793 revertentem
1337 751 1414 794 nunc

50 817 204 892 libellum,
223 826 356 880 veterem
377 818 516 880 clientem
534 827 678 891 vestrum,
703 817 741 878 de
766 818 854 879 rebus
877 817 994 880 interea
1018 819 1113 898 gestis
1142 820 1287 895 audiatis,
1312 821 1339 883 si
1361 830 1412 884 ta-

51 907 190 968 bularum
214 925 288 987 opus
313 907 493 970 laboriosum
517 916 549 968 et
571 906 749 977 sollicitum,
781 905 807 966 si
832 907 956 968 delicias
982 909 1100 969 humani
1124 910 1257 988 generis,
1294 910 1320 971 si
1348 910 1415 972 Ru·

51 995 156 1074 delphi
177 996 371 1075 lmperatoris
395 1015 501 1059 nornen
525 997 720 1074 honoresque,
745 994 864 1056 modica
878 996 1062 1058 liberalitate
1081 998 1299 1076 promovendos
1315 999 1413 1062 susci-

50 1085 163 1160 piatis;
189 1085 215 1146 si
239 1085 317 1147 hauc
331 1086 567 1147 vetustissimam
587 1083 866 1146 mathematicorum
882 1085 1107 1164 disciplinarum
1123 1086 1295 1148 clientelam
1311 1088 1416 1149 domus

51 1172 234 1247 Austriaca,
263 1193 300 1235 ne
329 1174 384 1235 hoc
412 1175 531 1256 quidem
560 1173 741 1254 gravissimo
768 1181 850 1233 motu
878 1191 1039 1248 concussa,
1084 1174 1288 1237 intercedente
1313 1184 1417 1237 uestra

53 1262 283 1324 succenturiata
304 1263 510 1342 providentia,
535 1261 671 1325 dimittat
694 1261 845 1323 exterisve
869 1262 979 1324 cedat?

143 1351 202 1412 Hic
226 1352 317 1430 igitur
340 1352 539 1414 dedicationis
562 1351 651 1431 hujus
677 1351 827 1429 repetitae
851 1369 959 1430 scopus
982 1357 1068 1424 esto,
1098 1369 1185 1429 quern
1209 1350 1235 1411 si
1259 1371 1278 1410 a
1301 1360 1415 1425 vestra,

55 1439 212 1515 Proceres‚
236 1441 461 1521 magnificentia
484 1442 568 1503 luero
592 1447 802 1519 consequutus,
828 1439 858 1500 id
881 1458 967 1500 omen
992 1439 1063 1499 mibi
1078 1440 1239 1501 inaximum
1259 1441 1324 1514 erit,
1343 1440 1417 1514 fore,

55 1536 89 1588 ut
111 1529 285 1610 priusquam
307 1549 364 1610 ego
382 1529 591 1610 Rudolphinas
619 1529 649 1590 iu
678 1530 774 1591 lucem
802 1528 954 1607 proferam
981 1527 1147 1607 colophone
1175 1529 1232 1590 hoo
1256 1536 1415 1591 restaura-

60 1618 130 1679 tioni
155 1614 376 1681 astronomicae
399 1620 557 1699 imposito:
586 1625 775 1680 restauratus
798 1616 854 1678 sub
877 1616 1067 1678 Ferdinando
1092 1618 1131 1679 ΙΙ.
1155 1626 1228 1697 post
1255 1637 1350 1679 annos
1379 1619 1418 1681 ab

64 1725 181 1769 excessu
205 1708 387 1770 Fordinandi
412 1709 436 1771 Ι.
459 1709 557 1771 minus
581 1706 755 1784 sexaginta,
780 1704 1001 1785 provinciarum
1020 1705 1249 1768 Austriaccrum
1277 1708 1418 1788 antiquus

68 1795 111 1856 ille
133 1796 295 1874 quinarius,
320 1797 466 1876 repressis
490 1797 578 1860 bellis
602 1796 747 1867 civilibus,
772 1801 805 1855 et
823 1812 898 1873 pace
920 1813 1018 1857 rerum
1037 1794 1152 1873 optima
1166 1795 1299 1868 reducta,
1320 1796 1418 1858 denuo

72 1885 213 1963 pristinum
242 1885 272 1947 iu
300 1885 438 1947 nitorem
452 1887 639 1958 efflorescat3
663 1883 741 1963 quod
764 1901 866 1956 omen,
892 1882 1053 1962 angoribus
1078 1885 1116 1945 ob
1140 1884 1221 1944 mala
1242 1885 1419 1963 praesentia

10 2030 12 2049 ἱ
77 1992 119 2033 uon
140 1975 246 2036 leviter
268 1984 454 2054 quassatum,
478 1974 560 2036 Deus
584 1971 657 2053 Opt.
683 1973 763 2033 Max.
790 1971 983 2034 miseratione
1008 1972 1173 2041 ecclesiae,
1198 1972 1249 2033 filii
1273 1973 1320 2034 sui
1344 1993 1417 2035 san-

81 2062 146 2139 guiue
173 2064 341 2136 redemtae,
377 2062 524 2143 propitius
552 2063 658 2130 firmet,
683 2060 756 2121 iram
786 2078 873 2120 suam
908 2061 1030 2121 tandem
1059 2081 1078 2121 a
1105 2062 1191 2122 uobis
1220 2079 1360 2124 aversam
1388 2064 1417 2124 in

83 2159 165 2229 gentes
191 2152 351 2214 ecclesiam
374 2159 531 2213 vastantes
559 2158 732 2221 convertat,
765 2147 921 2227 imperium
949 2148 1131 2212 Ferdinandi
1159 2151 1198 2212 11.
1222 2150 1298 2229 Imp.
1325 2151 1417 2230 Aug,

10 2287 12 2299 .
85 2241 217 2303 exstinctis
247 2240 359 2302 irarum
388 2240 545 2302 incentivis
573 2239 700 2300 salutari
733 2236 912 2298 clementiae
942 2257 1016 2299 aura
1049 2238 1221 2318 mitigatum
1245 2249 1418 2320 prosperet3

10 2376 13 2387 .
87 2347 127 2405 qur
145 2331 256 2392 ratione
275 2338 307 2390 et
331 2328 450 2410 Scyria,
476 2331 612 2391 fortunae
638 2347 721 2388 uncae
745 2325 843 2404 prima
861 2326 1054 2398 incunabula,
1085 2346 1209 2407 cumque
1233 2327 1286 2389 illa
1309 2336 1341 2391 et
1363 2347 1418 2390 vos

10 2426 51 2647 l

88 2418 299 2480 reverendissimi
324 2419 605 2498 generosissimique
628 2415 784 2485 Proceres,
809 2415 863 2476 sub
888 2415 944 2476 alis
969 2414 1088 2494 aquilae
1113 2416 1170 2477 tuti
1195 2437 1215 2477 a
1237 2417 1354 2479 vulture
1377 2417 1416 2480 li-

89 2506 201 2580 niteneo,
224 2526 381 2587 rerumque
406 2507 534 2568 omnium
558 2504 645 2584 copia
669 2500 843 2581 locupletes,
868 2504 897 2565 in
921 2522 1016 2565 annos
1040 2505 1211 2568 innumeros
1231 2505 1416 2585 perduretis:

91 2594 169 2670 quibus
191 2596 293 2657 debita
316 2614 382 2657 cum
406 2595 599 2657 veneratione
622 2611 669 2654 me
693 2591 880 2653 commendo.
935 2607 941 2617 ⁸

156 2684 271 2747 valete.
319 2685 436 2746 Dabam
460 2681 654 2746 Frankoluuti
678 2677 731 2743 20.
758 2675 1064 2753 (30.)Juni11621.

365 2772 443 2835 Rev.
467 2783 499 2835 et
523 2772 600 2834 Gen.
625 2770 709 2850 Mag.
735 2769 776 2831 V.

806 2855 1010 2921 deditissimus
1035 2857 1131 2920 cliens

519 2990 520 2994 =
608 2947 751 3010 Ioannes
773 2942 945 3025 Κφὶσπω,
969 2946 1040 3008 olim
1064 2944 1185 3030 Styriae
1208 2964 1374 3025 prooemm,
1398 2963 1400 2967 ·

588 3046 659 3116 post
683 3035 777 3115 lmpp.
796 3031 903 3097 Caoss.
924 3033 1077 3115 Rudolphi
1101 3046 1133 3098 et
1146 3035 1308 3111 Matthiae,
1333 3037 1353 3099 l.
1379 3057 1419 3101 m.

585 3125 670 3188 ordd.
693 3144 720 3205 q.
737 3122 881 3186 Austriae
903 3120 1157 3203 Supr-Anisauae
1173 3126 1419 3189 Mathematicus.
