3278 5542
181 309 242 377 raa
635 306 830 371 aunuum
848 306 1083 374 comensium

284 473 400 534 modum,
419 471 502 524 atde
522 470 634 523 cometis
650 476 757 538 septem
779 468 907 532 secundo,
930 470 964 522 de
984 468 1138 539 bplanetis
1160 467 1244 522 tertio
1264 476 1339 523 tomo
1359 484 1392 521 se
1412 466 1536 522 dictum

208 542 215 553 ⁸
286 551 460 622 polliceatur.
502 554 542 603 at
564 551 699 604 secundus
722 566 776 601 non
799 549 853 602 erit
871 549 1032 611 vendibilis,
1057 565 1117 602 cum
1136 548 1197 618 jam
1220 548 1341 619 plurima
1363 562 1450 618 pars,
1472 546 1538 618 prior

287 650 324 686 sc.
342 632 475 700 impressa
489 638 519 683 et·
532 647 602 699 pene
618 630 749 683 absoluta
763 629 808 682 sit.
839 630 883 683 lta
901 629 1074 699 exemplaria
1088 629 1196 684 interea
1209 628 1264 684 situ
1279 628 1424 700 peribunt.
1452 626 1538 699 'l'ycho

286 711 386 765 alicubi
401 710 484 763 aliter
497 711 628 764 materias
644 709 759 771 ordinat,
781 726 895 778 nempe:

235 789 266 857 5)
288 792 350 845 Pro
356 797 626 860 gymnasmatum
648 794 723 843 Astr.
740 796 803 842 tom.
823 790 869 849 lll,
891 790 924 841 de
939 789 1001 842 aliie
1016 791 1033 842 6
1049 789 1170 844 cometis.
1199 791 1241 843 nd
1255 791 1330 843 hunc
1342 788 1448 844 librum
1462 802 1539 858 appa·

284 872 399 927 randum
414 870 551 923 sufficiens
575 873 657 923 adest
678 869 804 931 materia,
825 870 872 921 sed
893 869 1007 923 formam
1023 870 1112 931 adhuc
1125 868 1230 924 nullam
1243 870 1340 924 habet.
1371 869 1436 924 Non
1450 869 1540 922 desunt

287 962 388 1013 tamen,
405 950 450 1020 qui
466 951 578 1003 sormam
594 950 634 1002 illi
649 949 788 1011 inducant,
805 948 835 1010 si,
853 951 922 1017 quod
939 965 990 1018 par
1004 957 1034 1002 et
1048 949 1116 1003 satis
1132 956 1184 1013 est
1200 956 1405 1004 sustententur.

234 1030 265 1097 6)
286 1031 440 1085 Tabulae
464 1029 694 1098 Rodolpheae.
733 1028 854 1082 Materia
876 1029 911 1081 ad
934 1030 984 1082 has
1009 1031 1186 1098 apparandus
1210 1031 1290 1083 adest
1312 1028 1547 1084 sufficientissima

289 1128 362 1181 pars,
378 1127 428 1163 nec
442 1111 559 1162 deerunt
574 1109 695 1178 ingenia,
718 1109 740 1161 si
755 1109 934 1162 Maecenates
949 1109 1012 1170 sint,
1029 1116 1059 1161 et
1072 1110 1204 1180 exiguum
1219 1109 1322 1181 aliquid
1336 1109 1368 1164 in
1383 1109 1470 1164 certis
1484 1124 1545 1179 pen·

288 1191 410 1245 sionibus
426 1189 522 1241 annuis
538 1188 565 1242 in
580 1189 652 1241 hunc
667 1206 745 1242 usum
760 1197 901 1259 erogetur.
931 1189 991 1242 Hoc
1012 1204 1081 1257 opus
1103 1189 1261 1259 primarium
1282 1195 1334 1254 est,
1358 1191 1435 1261 quod
1454 1188 1553 1243 merito

290 1267 464 1338 (Rodolphus
480 1264 597 1335 Caesar)
613 1270 773 1340 Magnates,
796 1269 983 1337 Respublioae
998 1277 1028 1323 et
1041 1270 1208 1324 Academiae
1222 1270 1440 1341 magnifacere,
1463 1278 1502 1332 et,
1522 1276 1561 1321 ut

288 1351 377 1404 lucem
391 1350 495 1411 rideat,
514 1349 581 1402 eniti
596 1350 706 1403 debent.

238 1429 267 1497 t)
290 1430 472 1484 Theatrum
494 1429 756 1483 astronomicum
782 1431 917 1483 rationem
940 1429 1030 1482 reddit
1056 1429 1155 1482 calculi
1183 1430 1414 1500 ingeniosissimis
1443 1430 1575 1483 demn-

290 1509 479 1563 strationibus.
505 1510 600 1578 ltaque
616 1509 694 1579 quasi
710 1509 801 1562 altera
815 1526 881 1578 pars
897 1526 958 1562 esse
975 1509 1063 1578 possit
1076 1508 1159 1578 hujus
1173 1510 1336 1579 principalis
1352 1509 1450 1580 operis
1465 1518 1581 1563 astro·

289 1590 397 1644 nomiae
419 1589 603 1643 instauratae.
876 1591 879 1599 '

238 1666 271 1739 8)
292 1670 428 1724 Volumen
448 1644 547 1740 inge⁰ns
568 1669 853 1723 Observationum
875 1671 909 1721 ad
931 1686 1017 1723 annos
1039 1670 1097 1722 fere
1119 1670 1157 1723 40
1177 1669 1405 1737 conscriptarum.
1444 1669 1476 1722 Id
1496 1669 1599 1721 loeo

291 1757 333 1804 tot
348 1756 537 1804 anteactorum
552 1765 684 1802 annorum
706 1749 909 1818 ephemeridum
924 1767 985 1802 esse
1000 1750 1096 1819 possit.
1126 1749 1225 1802 Posset
1242 1749 1287 1800 rel
1305 1748 1368 1818 jam
1387 1748 1490 1803 statim
1503 1748 1607 1801 edi.

292 1830 403 1884 Interim
424 1829 617 1883 custodiendae
639 1829 736 1883 merito
760 1837 825 1883 sunt
848 1829 902 1881 hae
927 1830 1135 1883 observationes
1159 1829 1219 1882 loco
1243 1828 1314 1899 regii
1334 1828 1469 1883 thesauri
1490 1834 1520 1881 et
1579 1843 1619 1880 a

292 1909 470 1980 magnatibus
485 1910 580 1980 magni
594 1909 745 1973 faciendae,
763 1910 828 1979 quia
842 1917 907 1963 sunt
921 1909 1108 1971 fundamenta,
1126 1909 1185 1963 sine
1199 1909 1297 1979 quibus
1313 1909 1413 1979 nequit
1427 1918 1620 1963 unane-

290 1991 345 2044 mia
366 1989 525 2043 instaurari.
555 1989 612 2041 Nec
634 2006 698 2058 spes
720 1998 771 2051 est,
795 2006 958 2059 quemquam
978 1991 1044 2052 iore,
1068 1989 1112 2059 qui
1134 1989 1265 2043 certiores
1284 2005 1408 2061 unquam
1424 1989 1628 2044 obsera-a.-

294 2071 383 2125 tiones
399 2069 564 2123 conscribat.
593 2070 647 2123 Est
660 2088 686 2123 n.
701 2087 745 2123 res
761 2069 964 2123 taediosissime
978 2077 1007 2122 et·
1021 2069 1129 2138 plurimi
1145 2068 1285 2139 temporis.

594 2167 646 2221 lta
667 2165 780 2221 sentio
801 2166 839 2220 M.
862 2167 1011 2219 Joannes
1033 2165 1206 2235 Keplerus
1227 2165 1517 2229 Mathematicus,

745 2247 939 2300 astronomiae
954 2247 1129 2317 Tychonicae
1144 2245 1371 2300 studiosissimus.

260 2437 306 2502 15)
324 2454 350 2503 p.
368 2435 411 2487 te.
447 2439 523 2488 Hanc
546 2438 669 2501 Tychonis
695 2439 825 2502 epistolam
848 2439 972 2501 subiunxit
997 2436 1146 2488 Maestlinus
1171 2436 1302 2501 appendici
1325 2436 1360 2486 ad
1382 2436 1619 2487 sauronam·

187 2513 251 2563 haee
269 2512 445 2575 praemittens:
475 2510 523 2559 Pro
543 2510 729 2559 confirmatione
747 2510 829 2572 hujus,
848 2524 913 2574 quae
932 2526 962 2559 ex
982 2508 1109 2573 Caperuici
1128 2507 1303 2571 hypothesibus
1320 2508 1445 2573 sequitur,
1465 2504 1616 2573 longi·-

188 2585 249 2634 sima
268 2583 407 2632 contrariae
426 2582 525 2630 usitatis
542 2580 718 2644 hypothesibus
736 2582 878 2631 sententiae
895 2581 964 2630 lubet
979 2594 1118 2643 apponere,
1137 2594 1202 2644 qaae
1222 2579 1450 2629 excellentissimas
1463 2571 1615 2629 Nobilis

188 2653 383 2710 Mathematicus
402 2652 486 2715 Tycha
506 2652 602 2708 Erebe,
622 2651 724 2707 Danas,
744 2654 794 2701 suis
814 2652 986 2714 experimentis
1005 2653 1157 2708 obsonant,
1177 2650 1263 2715 quibus
1281 2656 1404 2715 tanquam
1423 2665 1443 2701 a
1460 2647 1609 2715 pentir

190 2727 251 2775 slmo
271 2723 366 2774 artifice
384 2722 475 2773 habitis
495 2724 705 2773 observationibus
725 2725 809 2787 utique
835 2723 896 2772 tides
922 2722 1034 2786 derogari
1053 2738 1102 2771 non
1119 2708 1211 2786 'potest
1247 2721 1272 2771 Is
1290 2723 1317 2771 in
1334 2722 1457 2787 Epistola
1475 2721 1510 2772 ad
1536 2714 1607 2768 D·

187 2796 325 2848 Paucorum
344 2809 409 2843 anno
430 2791 499 2843 1588
518 2795 579 2843 data
597 2796 632 2844 sic
651 2794 742 2843 scribit.
782 2794 918 2851 „Constitui
938 2795 1073 2857 pericnlum
1091 2794 1188 2854 iacere,
1213 2807 1337 2857 quaenam
1357 2807 1467 2851 aarum,
1496 2793 1605 2859 quw

187 2868 310 2920 hacteuus
329 2869 445 2916 inventae
465 2873 536 2915 erant
560 2863 766 2929 (hypothesium,
782 2865 990 2915 Ptolemaicarum
1013 2881 1047 2914 sc.
1068 2865 1105 2914 vel
1124 2866 1286 2914 usitatarum:
1314 2864 1353 2914 rel
1381 2877 1398 2913 a
1419 2863 1603 2929 eopemico

188 2939 350 2991 traditarum:
375 2938 413 2986 rel
438 2952 521 2986 corum
545 2938 586 3000 qni
610 2936 847 2986 homocentricomm
865 2937 1010 3000 figmentum
1030 2937 1162 2985 commenti
1180 2930 1250 2995 suut)
1273 2935 1373 2985 veritati
1391 2938 1499 3001 propius
1518 2944 1597 2987 ιε’

188 3010 296 3062 cederet.
333 3008 410 3073 ldque
429 3023 472 3071 per
490 3008 579 3057 Martis
597 3009 750 3071 potissimum
769 3008 866 3057 stellam
884 3023 925 3057 me
943 3009 1063 3071 expiscari
1081 3022 1152 3071 posse
1171 3006 1341 3064 confidebam,
1361 3006 1469 3073 quando
1488 3000 1598 3058 naui*

188 3096 243 3132 ram
261 3094 292 3130 ea
311 3079 452 3142 acronycha
470 3079 563 3128 Terrae
583 3081 796 3143 appropinquaret.
835 3078 861 3128 Si
879 3081 944 3128 cuim
963 3080 1033 3127 nobis
1050 3081 1148 3142 propius
1167 3078 1314 3136 accederet,
1332 3091 1411 3143 quam
1432 3080 1490 3143 ipse
1509 3069 1598 3131 Μ’

190 3151 385 3215 caparnicanam
398 3149 592 3213 speculationem
605 3150 762 3212 praevalere:
782 3152 819 3199 sin
832 3151 922 3207 minus,
936 3164 991 3199 cum
1005 3151 1159 3200 Ptolemaios
1170 3150 1251 3214 potius
1268 3148 1387 3199 tandum
1405 3150 1595 3201 armantar-

189 3222 349 3285 'l'andemque
374 3235 469 3285 magna
494 3220 623 3285 diligentia
648 3235 693 3270 nec
719 3223 800 3284 parvis
825 3223 959 3278 sumtibus,
988 3224 1130 3286 conquisitis
1154 3221 1351 3287 caribergauis
1370 3218 1589 3273 uuonmicis·

190 3295 277 3361 quibas
295 3292 402 3341 sidemm
421 3298 502 3340 motus
521 3292 670 3350 caumaliter,
690 3308 739 3342 non
758 3293 846 3342 saltem
865 3294 890 3342 in
909 3295 960 3356 ipso
980 3293 1101 3357 scrupulo.
1120 3293 1163 3342 sed
1182 3293 1259 3342 etiam
1277 3293 1301 3342 in
1320 3294 1375 3353 elus
1394 3292 1507 3343 dimidia
1524 3278 1602 3338 vol

190 3371 280 3430 quarta
296 3370 368 3426 parte
395 3363 514 3427 explorari
540 3370 607 3412 certo
632 3371 745 3427 possent,
771 3364 837 3413 hanc
863 3365 977 3414 subtilem
1001 3365 1223 3414 considerationem
1249 3362 1354 3429 aggredi
1372 3377 1425 3413 non
1446 3366 1601 3416 vambas-

189 3436 263 3501 idqae
281 3436 433 3498 potissimum
452 3448 518 3483 anno
538 3432 613 3490 1582,
633 3450 688 3484 cum
698 3433 766 3484 Mars
785 3452 877 3498 pernox
895 3437 976 3486 iactus
996 3434 1047 3485 Soli
1066 3444 1230 3500 opponeretur
1246 3437 1272 3484 ia
1290 3448 1392 3492 emero,
1411 3442 1443 3486 et
1460 3433 1613 3500 insuper

190 3521 235 3573 per
251 3507 353 3556 boream
371 3505 527 3555 latitudinem
547 3506 671 3555 sublimior
689 3505 831 3571 quotidiano
852 3509 955 3557 circuitu
973 3507 1124 3557 redderetur.
1155 3506 1254 3556 Habitis
1271 3500 1348 3571 igitur
1365 3514 1430 3557 tanc
1449 3506 1614 3572 pinnen*

190 3579 314 3629 meantis
333 3577 559 3630 observationibus.
579 3583 632 3627 tam
651 3579 718 3628 circa
737 3586 829 3636 ortum,
849 3593 922 3642 quam
941 3593 1070 3635 occasum,
1099 3581 1200 3642 ejusque
1217 3592 1262 3642 per
1279 3576 1449 3627 meridianum
1467 3573 1613 3630 παῖ’

189 3657 258 3711 tum,
284 3649 448 3712 deprehendi,
472 3647 579 3698 Martem
603 3652 721 3711 majorem
740 3651 836 3699 causari
858 3650 1011 3713 parallaxin,
1040 3664 1114 3714 quam
1133 3651 1213 3713 ipsum
1232 3648 1328 3708 Solem,
1352 3647 1465 3714 ideoque
1485 3649 1616 3703 etiarn

190 3720 272 3772 Terris
289 3721 492 3786 propinquiorem,
513 3736 568 3770 cum
582 3722 736 3782 acronyehus
756 3727 800 3778 est,
820 3721 881 3776 fieri,
901 3721 1052 3785 astipulante
1070 3735 1121 3770 uua
1138 3728 1207 3770 motu
1225 3721 1301 3784 ipsius
1319 3720 1417 3778 diurno,
1438 3736 1500 3772 cam
1513 3719 1614 3769 Ου’

190 3794 331 3857 pernicaais
345 3794 426 3855 potius
439 3794 545 3841 numeris
559 3794 740 3849 consentiente,
761 3807 789 3841 eo
808 3792 874 3856 quod
891 3794 965 3856 paulo
979 3793 1082 3842 celerias
1095 3799 1162 3842 certo
1176 3793 1270 3841 dierum
1286 3792 1418 3842 mundio
1438 3794 1468 3843 iu
1487 3798 1610 3844 anac-

192 3864 308 3914 aedentia
324 3865 463 3928 repedaret,
482 3878 556 3927 quam
577 3864 780 3928 Alphonsinomm
800 3864 948 3913 concederet
967 3879 983 3913 a
1000 3863 1142 3912 Ptolemaeo
1161 3864 1271 3913 deducta
1287 3863 1468 3914 ratiocinatio:
1486 3864 1612 3927 idqufl

191 3934 222 3985 ab
239 3936 359 3984 minorem
378 3934 488 3984 aTerris
506 3934 658 3993 distantiam,
678 3950 742 4000 quae
760 3944 854 3983 motum
871 3937 946 3999 paulo
965 3936 1122 3984 intentiorem
1141 3949 1260 3999 apparere
1279 3933 1412 3985 efficiebat
1454 3936 1486 3987 ld
1503 3936 1617 3986 cunr

191 4007 217 4055 in
230 4004 312 4055 Marte
331 4007 391 4054 satis
410 4005 562 4069 exploratum
579 4005 704 4073 haberem,
725 4015 751 4055 et
768 4007 833 4055 idem
853 4008 928 4058 etiam
951 4005 1088 4056 invenere
1111 4005 1240 4071 aliquoties
1260 4019 1277 4055 a
1294 4020 1334 4055 me
1351 4006 1466 4058 interdiu
1484 4007 1609 4070 aequ

191 4077 217 4126 in
235 4078 287 4140 ipsc
305 4076 441 4125 meridiano
460 4076 625 4131 observatum.
646 4085 671 4126 et
687 4081 759 4140 juxta
777 4093 893 4127 occasum
912 4079 1043 4128 collatione
1061 4079 1137 4134 iacta,
1156 4079 1205 4127 imo
1224 4078 1300 4127 etiam
1315 4076 1367 4127 alia
1383 4079 1498 4144 quadam
1519 4082 1605 4141 1³⁶·

192 4147 278 4198 saliari
297 4149 393 4195 ratione
413 4160 478 4196 anno
500 4145 568 4194 1587
589 4149 656 4197 circa
675 4149 738 4197 diem
758 4146 800 4197 rt.
820 4150 890 4199 Febr.
911 4150 1008 4214 quando
1032 4151 1097 4198 intra
1121 4163 1195 4198 anam
1219 4149 1257 4198 sel
1283 4149 1389 4199 alteram
1413 4150 1484 4201 diem
1506 4149 1603 4199 anfi

192 4220 356 4284 vespertinam
375 4232 448 4282 quam
467 4220 616 4267 matutinam
636 4216 713 4283 (quod
732 4221 794 4269 alias
813 4221 963 4270 rarissimum
982 4219 1033 4282 est)
1052 4221 1113 4278 ridi,
1140 4227 1235 4270 motam
1253 4227 1418 4285 apparentem
1437 4237 1497 4273 eum
1520 4214 1601 4267 ciffi

191 4304 256 4356 quae
274 4291 370 4339 ratione
388 4288 542 4353 parallaxeos
561 4290 658 4348 fierent,
678 4290 824 4341 conferendo
844 4293 1050 4356 comprobassam,
1069 4294 1105 4341 ita
1121 4292 1186 4357 quod
1203 4291 1361 4342 Ptolemaieis
1377 4289 1600 4357 hypothesibffl

190 4362 255 4413 haec
273 4362 357 4411 omnia
374 4362 474 4410 minime
494 4368 671 4426 congruerent:
689 4363 839 4427 impellebar,
860 4371 888 4414 ut
905 4364 1060 4427 postmodum
1078 4365 1159 4428 magis
1171 4365 1299 4430 magisque
1310 4362 1502 4427 Copernicanaa
1532 4358 1597 4407 1¹²·

191 4434 300 4484 santiani
318 4432 393 4483 tidem
412 4432 597 4481 attribuerem.“

264 4605 309 4671 16)
328 4624 351 4673 p.
372 4605 414 4659 58.
445 4608 610 4660 Praelationis
628 4610 701 4672 halus
719 4620 815 4676 partem
834 4612 987 4663 exhibuimus
1004 4627 1063 4679 pag.
1078 4610 1120 4662 20.
1149 4612 1260 4678 Epistola
1276 4611 1413 4665 Achlllls
1426 4615 1510 4667 (lass
1521 4614 1572 4658 ⁰⁸
1579 4608 1591 4643 ¹

191 4678 293 4744 (medici
312 4680 491 4738 Lindariensis,
511 4678 529 4743 †
547 4685 677 4747 Augustae
695 4683 767 4734 Vind.
788 4700 812 4735 a.
834 4682 924 4748 1577),
943 4686 1003 4735 data
1022 4685 1184 4735 Feldlirchae
1203 4684 1328 4735 Rhaetiae
1347 4700 1414 4737 anne
1435 4685 1510 4738 15⁴⁰
1538 4665 1589 4726 ’ὃ

192 4753 223 4806 G.
242 4751 392 4816 Vogelinam
412 4751 629 4804 Constantiensem
647 4755 769 4804 medicum
788 4758 948 4807 commendat
967 4755 1100 4815 ,Rhetici“
1120 4757 1249 4821 epistolam
1269 4756 1300 4806 de
1318 4756 1470 4823 (inponite,
1488 4753 1588 4810 illum

189 4825 314 4883 inritans,
334 4831 362 4875 at
380 4837 437 4875 eam
454 4826 520 4875 inter
538 4827 630 4876 amicos
649 4832 675 4876 et
693 4829 844 4878 sustentata
861 4842 909 4879 sua
926 4835 1076 4895 propagaret
1094 4834 1120 4879 et
1138 4828 1330 4880 commendaret.
