3278 5542
694 338 807 402 himerii
826 336 1027 411 cosmographlcl

658 535 704 596 IN
728 533 867 598 CAPUT
889 536 1059 598 lli-VIII

718 655 811 708 nors
830 656 1009 709 lucrosus,

258 760 290 837 a)
311 766 407 820 Plures
427 780 570 834 corporum
584 764 772 818 distinctiones
793 771 822 818 et
842 765 912 818 haec
931 765 993 834 ipsa
1011 763 1098 817 fusius
1120 761 1244 815 invenies
1264 756 1529 827 lih.1V.Epitomes,

178 847 273 920 aliqua
291 847 384 910 etiam,
406 851 495 898 ortum
516 850 546 898 et
564 844 792 898 combinationem
812 845 978 914 spectantia,
1001 844 1048 897 lib.
1066 844 1097 897 V.
1118 842 1249 896 Hannon.
1265 840 1334 909 Cap.
1352 840 1393 901 1.,
1421 844 1454 892 et
1470 836 1531 891 isira
1634 841 1639 850 “

177 928 206 983 in
225 928 279 982 hoc
298 926 359 996 ipso
378 924 474 979 libello
495 924 563 993 Cap.
585 924 661 978 Xlll.

751 1142 872 1242 Caput
898 1141 967 1217 IX.

209 1279 396 1343 Distributo
415 1294 550 1357 corporo
569 1275 650 1336 iuter
664 1273 826 1358 planetae,
845 1276 1055 1357 proprietates
1072 1279 1215 1356 optutus,
1235 1256 1455 1334 domama
1471 1286 1508 1331 err

510 1365 694 1445 corporibus
711 1364 855 1447 copuotio
870 1362 1074 1448 planetarum
1092 1370 1210 1425 mutuo.

264 1496 333 1561 Non
357 1514 479 1575 possum
502 1494 677 1576 praeterire,
705 1495 774 1575 quin
799 1495 846 1558 hic
870 1495 972 1576 aliqua
992 1514 1030 1557 ex
1049 1515 1087 1557 ea
1105 1492 1249 1596 physices
1268 1499 1367 1572 parte,
1392 1506 1471 1570 quaa
1492 1495 1535 1551 sat

179 1586 217 1650 ds
239 1585 431 1667 planetarum
455 1584 662 1664 qualitatibus,
687 1584 832 1660 delibem,
857 1593 892 1646 ut
915 1593 1079 1665 appareat,
1105 1584 1197 1646 etiaru
1220 1581 1302 1643 vires
1325 1580 1460 1661 ipsorum
1481 1596 1534 1639 ua·

177 1674 292 1739 turales
325 1674 403 1735 hunc
438 1672 571 1735 ordinem
604 1692 725 1735 servare
758 1692 883 1754 eamque
915 1674 995 1735 ad
987 1674 1114 1735 invicem
1141 1670 1367 1753 proportionem
1399 1666 1534 1731 munau.

177 1764 305 1827 Nam
280 1784 307 1825 ιι
330 1780 382 1824 eos
406 1761 556 1843 planetas,
583 1761 633 1841 qui
652 1762 777 1824 Terram
796 1762 948 1836 ambeunt,
973 1762 1034 1823 illis
1055 1762 1146 1824 etiam
1170 1758 1354 1841 corporibus,
1381 1774 1459 1837 quae
1482 1754 1536 1818 sibi

176 1852 324 1932 inscripta
347 1851 519 1925 continent,
551 1869 730 1925 accenseas,
765 1850 888 1913 inclusis
913 1860 1013 1913 autem
1040 1850 1172 1931 planetis
1195 1870 1214 1911 a
1237 1845 1366 1910 Telluris
1391 1846 1465 1909 orbe
1487 1842 1536 1906 iila

175 1960 303 2023 corpora
326 1940 462 2015 tribuas,
496 1939 603 2018 quibus
627 1948 751 2019 uterque
783 1940 1054 2012 circumscribitur,
1088 1939 1166 2020 quod
1197 1937 1311 2017 optima
1334 1934 1455 1999 ratione
1477 1932 1536 1995 lieri

174 2049 265 2111 posse
289 2029 449 2092 existimo:
479 2026 628 2090 Saturnus
653 2028 778 2091 habebit
801 2030 917 2104 cubum,
941 2028 1062 2109 Jupiter
1084 2027 1251 2111 pyramida,
1275 2024 1360 2088 Mars
1385 2020 1535 2087 dodecat-

138 2195 141 2201 ,
175 2121 260 2190 dron,
285 2121 436 2181 Venerem
460 2117 648 2191 icosabdron,
673 2117 855 2179 Mercurium
879 2119 1053 2180 οοιιιιίιοιι.
1096 2118 1191 2178 Terra
1213 2133 1285 2178 vero
1309 2132 1376 2176 eum
1401 2110 1476 2175 nibil
1499 2110 1536 2173 sit

173 2206 232 2271 nisi
264 2207 370 2281 limes,
403 2205 502 2267 neutri
531 2214 718 2268 accensetur.
766 2205 869 2268 Solem
897 2207 990 2268 etiam
1018 2216 1050 2268 et
1078 2207 1196 2268 Lunam
1226 2201 1375 2283 astrologi
1406 2200 1535 2265 mammo

174 2296 335 2358 intervallo
359 2316 378 2356 a
398 2295 507 2357 ceteris
523 2295 650 2374 quinque
666 2295 863 2374 distinguunt,
889 2303 922 2356 ut
945 2297 989 2358 ita
1012 2314 1070 2357 non
1095 2313 1169 2374 opus
1193 2293 1235 2355 sit
1257 2293 1375 2354 illorum
1398 2290 1450 2354 hic
1472 2308 1534 2352 me·

174 2384 313 2460 minisse,
339 2392 371 2445 et
394 2402 534 2445 numerus
558 2401 714 2462 corporum
739 2383 861 2463 pulchre
886 2404 952 2446 cum
975 2382 995 2447 5
1020 2384 1152 2465 planetis
1176 2380 1346 2444 conveniat.

261 2471 383 2553 Jupiter
405 2472 498 2551 igitur
520 2472 549 2533 in
574 2472 672 2533 medio
701 2474 902 2535 maleficarum
932 2473 1081 2535 beneficus
1110 2472 1175 2552 ipse
1202 2471 1314 2533 multos
1344 2467 1375 2531 in
1401 2466 1533 2531 admira

173 2562 286 2624 tionem
309 2562 425 2641 rapuit,
459 2569 490 2621 et
513 2561 720 2623 Ptolemaeum
748 2561 841 2623 etiam
869 2563 908 2623 ad
932 2581 1090 2624 causarum
1114 2559 1381 2640 investigationem
1405 2556 1534 2620 utimu-

175 2650 258 2713 lavit.
276 2652 303 2725 ⁸)
350 2651 413 2711 Nos
442 2649 540 2710 simile
572 2650 642 2729 quid
670 2651 805 2712 videmus
834 2651 863 2711 in
892 2650 1065 2732 pyramide,
1099 2669 1175 2730 qnae
1207 2649 1286 2711 inter
1318 2646 1377 2709 duo
1411 2664 1535 2727 corpora
1618 2688 1624 2695 -

171 2740 282 2820 partim
305 2747 452 2819 cognata,
475 2738 586 2818 partim
610 2738 805 2802 abhorrentia
828 2739 955 2801 invicem
980 2741 1057 2801 adeo
1081 2741 1119 2801 ab
1144 2746 1270 2818 utroque
1299 2734 1473 2818 discrepat,
1503 2742 1533 2796 ot

173 2830 237 2893 l'ere
260 2830 297 2891 de
322 2828 388 2889 loco
411 2827 599 2907 periclitetur
622 2829 651 2888 in
680 2828 848 2890 ratiociniis
872 2828 1085 2908 superioribus.
1133 2827 1235 2889 Trium
1257 2824 1445 2905 superiorum
1468 2822 1532 2905 qui-

172 2917 248 2980 libet
269 2936 336 2980 cum
359 2916 482 2996 reliquis
506 2915 630 2979 hostilia
653 2926 776 2979 exercet
803 2917 882 2978 odia.
897 2915 925 2991 1’)
973 2918 1081 2979 Tribus
1110 2917 1203 2983 etiam
1231 2932 1332 2977 eorum
1359 2912 1533 2996 corporibus

173 3005 246 3069 nihil
268 3006 389 3086 penitus
413 3005 555 3067 convenit
577 3024 692 3080 eorum,
720 3025 794 3086 quae
820 3013 977 3085 apparent.
1024 3007 1109 3068 Mars
1133 3012 1233 3067 tamen
1257 3021 1324 3065 cum
1347 3000 1484 3066 Saturno
1505 2999 1532 3062 iu

172 3095 241 3157 sola
263 3094 382 3157 malitia
405 3094 569 3172 conspirat.
616 3095 693 3156 Huic
717 3112 774 3175 ego
797 3113 939 3175 comparo
962 3095 1198 3157 inconstantiam
1227 3093 1425 3172 angulorum,
1459 3108 1532 3173 quae

172 3183 291 3246 illorum
313 3182 435 3263 propria
458 3188 492 3243 et'
513 3183 677 3245 communis
701 3192 752 3245 est
774 3183 902 3264 utrique.
954 3183 1051 3263 Igitur
1073 3182 1221 3245 bonitatis
1245 3189 1457 3261 argumentum
1479 3177 1534 3243 orit
1609 3210 1618 3221 ·

173 3273 375 3346 contrarium,
409 3270 527 3333 scilicet
559 3270 712 3333 stabilitas
746 3273 923 3352 angulorum
952 3273 981 3334 in
1010 3273 1084 3334 solis
1108 3271 1265 3335 lateribus.
1312 3269 1533 3350 Argumentum

173 3379 226 3422 cnr
247 3359 377 3440 Jupiter,
401 3359 507 3420 Venus
531 3365 563 3420 et
587 3360 755 3422 Mercurius
778 3360 902 3423 benefici
927 3362 998 3423 sint.
1037 3360 1151 3436 Cuhus,
1175 3358 1301 3423 Saturni
1322 3377 1446 3440 corpus,
1470 3375 1531 3419 me-

172 3449 247 3511 titur
270 3449 370 3510 omnia
393 3447 510 3528 reliqua
533 3468 588 3510 sua
610 3450 801 3525 rectitudine,
826 3458 857 3512 et
879 3451 1006 3530 planeta
1028 3450 1093 3530 ipse
1117 3467 1273 3512 mensores
1295 3447 1407 3521 efficit,
1430 3455 1532 3529 estque

173 3537 272 3617 quoad
295 3537 447 3617 ingenium
470 3537 595 3617 rigidus,
619 3538 694 3600 recti
717 3547 829 3611 custos,
853 3558 891 3600 ue
915 3540 1008 3601 latum
1031 3557 1160 3619 unguem
1182 3538 1303 3608 cedens,
1327 3535 1531 3609 inexorabilis.

171 3625 356 3689 inflexibilis.
403 3623 455 3688 Sic
480 3626 540 3689 lert
563 3627 665 3707 auguli
688 3627 848 3690 rectitudo.

261 3714 411 3794 Cognatio
435 3715 665 3777 evidentissima
688 3725 736 3779 est
758 3717 788 3778 in
812 3716 946 3792 basibus,
973 3735 1032 3796 qua
1055 3735 1120 3779 cnm
1145 3715 1279 3796 Jupiter,
1304 3714 1423 3789 Venus,
1447 3712 1531 3775 ller-

170 3804 270 3866 cnrius
295 3805 463 3884 (planetam
488 3805 554 3867 dico
578 3824 631 3886 pro
656 3807 795 3886 corpore)
821 3807 928 3866 eadem
952 3813 1090 3878 utantur,
1115 3823 1238 3867 causam
1261 3803 1408 3865 habemus
1431 3819 1532 3865 eorum
1604 3834 1615 3845 ·

171 3892 331 3968 amicitiae,
357 3901 515 3972 utsupra.
563 3895 642 3955 Nam
667 3895 821 3957 stabilitas
845 3895 927 3956 inest
950 3895 1101 3973 triangulo
1125 3894 1261 3973 primum.
1308 3891 1400 3954 Alter
1421 3890 1533 3973 gradus
1578 3912 1617 3931 ··

171 3986 220 4041 est
242 3981 364 4059 planum
387 4001 536 4060 apparens
561 4002 627 4045 cum
652 3985 761 4063 angulo
787 4002 843 4045 ceu
865 3983 1017 4045 umbilico.
1056 3983 1102 4044 Ne
1125 3983 1266 4045 miremur
1288 3980 1382 4063 igitur
1405 3980 1532 4061 ampliu
1567 3984 1617 4023 ·-“

172 4069 278 4148 ecquid
302 4069 473 4131 delitiarum
497 4089 591 4150 penes
615 4072 720 4133 durum
744 4081 777 4133 et
799 4072 921 4151 igneum
940 4073 1070 4132 Martem
1096 4072 1204 4147 lateat,
1228 4071 1313 4151 cujus
1336 4088 1432 4132 causa
1454 4066 1530 4133 deli·
1569 4087 1618 4105 ὀ

170 4158 273 4218 catula
301 4157 406 4218 Venus
437 4159 538 4221 mariti
572 4162 719 4221 frustrata
751 4161 917 4223 thalamum
948 4180 1015 4222 cum
1044 4161 1145 4222 Marte
1175 4157 1407 4240 conspiraverit.
1453 4158 1621 4222 Nam!

170 4244 281 4307 Martis
305 4246 558 4328 quinquangulum
588 4257 637 4310 est
665 4249 694 4309 in
718 4249 849 4311 Venere.
897 4249 949 4311 Sic
973 4248 1097 4311 Saturni
1127 4249 1366 4330 quadrangulum
1393 4247 1425 4311 in
1448 4247 1622 4310 Mer-2

170 4333 253 4396 curio
275 4333 419 4397 conciliat
442 4336 563 4398 eosdem
588 4337 703 4418 utrique
729 4356 836 4399 mores.
882 4338 1001 4399 Tertius
1026 4338 1138 4417 gradus
1163 4346 1225 4413 est,
1255 4356 1322 4400 cum
1345 4335 1428 4399 idem
1450 4336 1624 4417 ejus-2

170 4421 271 4484 dem
262 4443 291 4485 m
316 4423 432 4485 dnobus
456 4434 504 4486 est
518 4425 565 4486 vel
582 4435 727 4506 apparet:
753 4435 785 4488 et
808 4436 870 4489 tum
894 4426 986 4489 illis
978 4447 1008 4489 ιιι
1033 4426 1133 4489 causis
1157 4426 1323 4489 communis
1346 4425 1437 4489 amici
1459 4438 1625 4521 ωας

170 4511 263 4574 venit.
308 4510 435 4591 lgitnr
426 4532 455 4574 ru
479 4514 569 4576 rebus
592 4513 689 4576 Joviis
714 4517 855 4578 convenit
877 4516 992 4578 Veneri
1016 4535 1082 4578 cunr
1106 4515 1267 4590 Mercurio,
1291 4514 1362 4597 qnia
1385 4496 1612 4578 communi!
1616 4509 1626 4552 ¹

167 4597 255 4661 Jovis
278 4608 404 4663 utuntur
427 4601 504 4665 basi.
551 4604 584 4664 ln
609 4603 761 4667 Saturuiis
785 4605 935 4668 consentit
958 4605 1125 4666 Mercurius
1148 4624 1215 4668 cum
1238 4604 1340 4667 Marte
1361 4621 1529 4685 parumper.
1537 4626 1625 4667 a

168 4686 239 4767 quia
261 4688 290 4750 in
313 4690 369 4751 illo
386 4689 510 4754 Saturni
534 4694 754 4772 quadratum,
747 4715 776 4755 m
797 4694 852 4755 hoc
870 4701 969 4756 tectus
988 4694 1080 4757 cubus
1097 4702 1154 4757 est.
1187 4695 1329 4775 Apparet
1345 4692 1439 4757 etiam
1452 4688 1626 4789 hinet·

168 4793 221 4840 our
243 4777 356 4840 Veneri
380 4797 447 4841 cum
470 4780 600 4843 Saturno
624 4783 706 4844 nulla
729 4784 882 4862 cognatio,
907 4791 939 4844 et
962 4803 1038 4863 quae
1062 4784 1235 4863 potissima,
1260 4794 1294 4846 et
1314 4801 1367 4845 cur
1389 4756 1625 4845 Memmi&

168 4867 345 4930 versatile
335 4869 487 4951 mgeninm
510 4870 646 4934 omnibus
671 4880 799 4953 quatuor
822 4892 890 4935 sese
913 4872 1060 4953 applicet,
1086 4873 1237 4937 minimum
1261 4879 1363 4936 umen
1384 4870 1492 4937 Maro.
