3262 5550
702 297 789 344 mere
805 290 903 343 Ursum.
1415 279 1482 351 263

112 457 232 519 Terrae
254 474 310 518 seu
331 477 416 536 φορᾳ
437 453 572 535 ejusdem
595 471 649 533 per
672 452 718 514 sui
741 449 843 513 circuli
867 449 1081 529 quadrantem,
1114 453 1257 510 manente
1287 463 1343 507 axe
1368 444 1482 508 Terrae

117 564 240 626 semper
268 544 407 624 sibiipsi
438 544 468 605 in
491 543 621 604 diversis
644 541 762 604 situbus
790 539 953 618 parallelo,
987 535 1107 599 minime
1131 554 1204 599 vero
1231 541 1369 598 nutante.
1416 533 1483 598 Nee

116 635 249 715 simplex
266 635 342 697 haec
366 632 553 696 asseveratio
578 652 651 693 vera
672 641 730 704 est,
743 631 898 708 'arigulum
919 628 996 688 hunc
1016 624 1136 688 variari.
1182 625 1262 687 Nam
1277 622 1383 684 eadem
1397 640 1481 685 sem·

117 742 172 802 per
195 732 299 785 manet
320 723 387 786 axis
411 722 524 784 Terrae
549 722 587 783 ad
612 722 733 804 planum
757 716 914 799 eclipticae
939 714 1107 788 inclinatio,
1141 713 1204 774 sive
1229 714 1257 776 in
1283 710 1481 792 aequinoctiis

116 812 185 873 sive
216 813 248 873 in
272 812 414 875 solstitiis
439 813 491 884 (de
521 813 702 882 mutatione,
737 828 813 889 quae
846 816 917 887 post
949 805 1043 865 multa
1070 803 1172 864 secula
1204 820 1349 882 perquam
1373 799 1482 880 exigua

117 901 280 979 contingit,
308 903 372 982 jam
406 919 464 961 nou
498 900 632 981 loquor),
666 900 719 963 sed
752 920 810 962 non
840 914 958 974 semper
986 891 1088 954 Solem
1121 891 1245 970 respicit
1254 909 1263 964 ;
1297 889 1481 951 transfertur

117 1008 249 1068 namque
271 990 374 1053 Tellus
398 1008 464 1051 cum
488 1008 543 1051 sua
567 991 774 1061 inclinatione,
802 1007 878 1068 quae
902 1001 1019 1062 semper
1050 981 1078 1042 in
1103 981 1225 1042 easdem
1250 977 1351 1040 mundi
1375 986 1481 1058 partes

117 1078 230 1158 vergit.
278 1079 383 1161 ltaque
411 1078 568 1142 inclinatio
597 1081 687 1156 haec,
721 1079 831 1143 eadem
860 1091 985 1139 manens
1019 1090 1086 1132 cum
1114 1071 1203 1148 plano
1229 1069 1311 1148 ipso,
1344 1067 1481 1128 diversos

117 1177 220 1229 tamen
247 1171 371 1247 angulos
395 1186 463 1231 cum
487 1169 614 1233 diversis
642 1169 723 1251 plani
749 1166 836 1230 lineis
861 1159 1032 1233 constituit,
1068 1169 1100 1220 ut
1130 1177 1166 1218 ex
1196 1155 1382 1236 geometrica
1404 1155 1481 1217 soli-

116 1257 223 1318 domm
249 1257 384 1320 doctrina
406 1265 538 1322 constat.

207 1347 355 1429 Adeoque
384 1347 433 1426 qni
466 1357 536 1428 epte
566 1348 623 1409 sibi
655 1346 785 1410 voluerit
817 1337 975 1421 imaginari
1009 1337 1136 1416 primum
1160 1343 1192 1397 et
1225 1333 1346 1395 tertium
1369 1332 1481 1393 Terrae

115 1442 230 1497 motum
256 1437 416 1499 secundum
442 1435 641 1518 Gopemicum
665 1435 816 1515 (quamvis
850 1427 960 1492 tertius
992 1425 1039 1487 hic
1067 1443 1122 1505 per
1144 1442 1177 1486 se
1202 1432 1301 1484 motus
1325 1439 1383 1482 non
1408 1423 1481 1505 est),

115 1526 140 1587 is
165 1525 334 1606 cylindrum
358 1524 435 1588 binis
457 1528 558 1607 planis
581 1525 737 1606 parallelis
761 1523 879 1602 oblique
904 1523 987 1578 secet
1002 1515 1039 1576 ad
1055 1513 1196 1593 angulum
1213 1506 1255 1574 66
1264 1503 1335 1588 ¹12⁰,
1360 1517 1393 1570 θῐ
1408 1509 1479 1589 quia

115 1616 171 1676 hoc
194 1622 289 1693 pacto
312 1631 482 1678 communes
505 1615 656 1678 sectiones
680 1635 734 1677 seu
756 1615 847 1676 bases
870 1608 945 1669 liant
1160 1650 1204 1700 „a
1220 1646 1241 1690 Β,

114 1703 252 1783 ellipseu,
273 1721 327 1784 per
341 1705 444 1768 coroll.
462 1700 513 1768 16.
530 1706 581 1768 lib.
598 1705 622 1766 l.
647 1702 753 1766 Sereni
768 1704 805 1764 de
820 1696 946 1781 cylindri

114 1793 273 1854 sectione:
302 1794 396 1872 lingat
418 1794 445 1856 is
467 1794 603 1868 interim,
634 1812 701 1855 esse
726 1792 854 1854 circulos
877 1805 949 1866 per-

117 1883 225 1944 lectos.
256 1879 343 1953 Quae
357 1882 449 1962 igitur
463 1891 511 1945 est
532 1882 562 1944 in
577 1881 819 1945 circumferentia
832 1877 951 1939 basium

114 1971 290 2050 superficies
305 1970 525 2046 alicubireota,
551 1971 698 2034 inclinata
713 1969 832 2043 alicubi,
857 1966 951 2028 talern

114 2061 304 2140 superficiem
325 2061 392 2122 axis
407 2061 519 2122 Terrae
538 2061 681 2123 inclinate
702 2058 879 2124 circumlata
893 2055 948 2115 de·
972 2092 990 2157 c

115 2148 232 2211 scribit.
280 2147 347 2222 Ac,
373 2150 431 2212 BD
453 2151 544 2212 bases
567 2149 707 2232 cylindri,
740 2149 793 2211 illa
815 2144 948 2214 inferior,

115 2239 191 2300 haec
225 2237 376 2320 superior,
413 2237 469 2301 CI)
502 2238 674 2319 superficies
708 2236 870 2318 aeqnealta
903 2231 953 2294 axi

116 2329 245 2397 Terrae,
275 2328 323 2389 hic
347 2335 396 2389 est
423 2328 570 2390 inclinata
601 2334 689 2390 utet
712 2327 741 2389 in
766 2326 837 2398 AB,
868 2327 954 2385 recta

114 2416 141 2479 in
164 2417 202 2491 E,
230 2418 266 2478 F.
304 2416 353 2478 lta
376 2414 442 2491 CD,
472 2417 529 2480 ΔΒ
553 2416 755 2480 solstitiorum
781 2421 851 2477 sunt
875 2414 952 2484 loca,
1219 2453 1239 2507 ι

114 2507 157 2581 Ε,
183 2508 211 2568 F
234 2506 498 2586 aequinoctiorum.

204 2596 272 2658 Nec
296 2594 425 2657 feliciter
438 2594 537 2658 Ursus
552 2591 692 2656 Graecas
708 2612 797 2655 voces
822 2593 927 2672 tetigit
949 2600 1073 2673 κυλισις,
1097 2605 1220 2678 demere,
1243 2603 1406 2679 potestque
1429 2598 1478 2661 vel

114 2684 170 2746 hoc
196 2685 263 2746 solo
289 2683 427 2747 Graecae
448 2684 567 2763 linguae
582 2684 681 2763 perito
707 2680 906 2761 Oopernicum
926 2687 1087 2750 obscurum
1102 2688 1237 2752 reddere.
1285 2686 1362 2761 Tibi,
1388 2686 1478 2761 Ursa,
1583 2763 1586 2767 β

114 2774 224 2847 Terra,
249 2774 293 2835 nti
317 2772 436 2854 quidem
460 2773 587 2848 statuis,
612 2773 641 2834 in
661 2771 788 2854 jactatis
812 2779 886 2839 ate
908 2774 1126 2857 hypothesibus
1151 2781 1280 2846 divertar,
1306 2775 1335 2837 in
1359 2773 1478 2855 (loper-

114 2863 180 2925 uico
204 2862 288 2925 orbis
317 2862 367 2944 qni
391 2863 516 2925 Terram
539 2861 637 2937 vehit,
671 2861 697 2923 si
721 2862 786 2941 quis
809 2862 973 2941 palpabilis
997 2875 1093 2941 esset,
1124 2872 1249 2929 devoror.
1296 2866 1331 2927 In
1354 2865 1478 2927 usitatis

114 2952 333 3037 hypothesibus
366 2970 470 3014 omnes
504 2952 593 3014 orbes
623 2957 655 3012 et
679 2949 854 3012 nominatim
884 2954 1011 3016 mundus
1039 2962 1122 3017 totns
1156 2961 1187 3014 et
1210 2952 1342 3032 sphaera
1365 2953 1481 3016 extima

114 3047 247 3110 katar,
281 3041 310 3103 in
344 3049 432 3105 torno
456 3040 564 3121 globus
593 3045 707 3103 aornar
741 3039 964 3119 quiescentibus
991 3043 1069 3124 polis
1098 3052 1131 3106 et
1158 3049 1297 3105 manente
1321 3041 1425 3104 mobili
1448 3041 1478 3104 in

114 3149 166 3191 sno
191 3131 270 3192 loco.
319 3131 413 3193 Terra
437 3149 508 3192 vero
533 3129 561 3191 in
579 3127 756 3208 (lopernico,
781 3129 805 3190 si
831 3129 926 3193 solum
951 3152 1079 3195 annuum
1095 3140 1207 3194 motum
1222 3140 1353 3212 spectes,
1377 3138 1478 3193 mente

114 3238 262 3300 separans
286 3219 431 3296 diurnum,
455 3219 633 3298 simpliciter
655 3238 852 3297 περιφερεεαι.
900 3219 953 3283 Sin
978 3228 1012 3282 tu
1036 3222 1137 3297 dicas,
1163 3219 1330 3301 Ooperuico
1354 3220 1479 3283 Terram

114 3313 275 3382 ιηεισθαι,
305 3327 364 3370 non
388 3327 445 3389 ego
470 3309 649 3370 intellexero
683 3308 719 3367 de
747 3315 830 3369 motu
855 3328 952 3371 annuo
986 3311 1040 3391 sed
1070 3312 1106 3372 de
1130 3311 1251 3384 diurno,
1285 3328 1352 3373 cum
1380 3309 1478 3371 abeo

114 3406 213 3460 mente
238 3416 415 3478 separamus
439 3415 578 3459 annuum.
626 3395 680 3458 Sin
699 3405 800 3458 autem
822 3396 906 3460 dicas
920 3403 1118 3476 retardandos,
1138 3401 1203 3480 jam
1221 3408 1377 3478 utrumqne
1393 3417 1478 3460 com-

114 3489 221 3566 plexus
245 3505 278 3548 es
302 3495 334 3549 et
356 3494 470 3549 motum
495 3485 633 3548 diurnum
657 3496 688 3547 et
711 3505 850 3546 annuum.
897 3488 1018 3551 Etenim
1042 3494 1165 3561 κυλισις,
1200 3488 1226 3550 si
1250 3487 1363 3561 nescis,
1394 3505 1478 3549 com-

115 3577 232 3655 positus
254 3583 304 3637 est
326 3583 425 3638 motus
457 3594 494 3637 ex
518 3597 601 3655 φορᾳ
633 3585 665 3638 et
688 3579 803 3652 dloquar.
850 3576 893 3638 Et
922 3581 1082 3640 κυλιεῦεται
1115 3577 1222 3658 globus
1255 3576 1306 3637 ille
1336 3577 1477 3650 lusorum,

115 3683 170 3745 quo
205 3664 244 3725 ad
270 3671 390 3727 stantes
423 3683 533 3727 cuneos
562 3664 740 3726 evertendos
773 3664 937 3728 collimant.
981 3666 1047 3730 Nec
1069 3680 1126 3728 'rne
1151 3665 1280 3728 Hercule
1304 3663 1477 3726 concinnius

115 3762 162 3816 est
184 3754 356 3834 exemplum
380 3761 479 3816 motus
495 3752 625 3815 Telluris
649 3754 816 3832 compositi,
841 3774 930 3835 qnam
954 3755 979 3815 si
1004 3755 1069 3835 quis
1093 3757 1198 3834 fingat,
1223 3753 1343 3832 globum
1363 3753 1476 3814 Terrae

115 3845 211 3904 instar
234 3843 381 3922 ejusmodi
406 3843 487 3923 globi
512 3842 613 3904 lusorii
638 3842 757 3922 obliquo
782 3851 882 3905 tamen
908 3844 956 3906 axi
981 3844 1118 3923 provolvi
1141 3844 1170 3905 in
1194 3843 1339 3904 directam
1355 3841 1475 3910 lineam,

115 3931 165 3993 sed
187 3950 338 4011 quaenou
355 3931 440 3994 sitin
455 3931 545 4011 plano
568 3951 668 3994 verum
692 3932 722 3992 in
751 3933 840 4010 globo
848 3952 858 4011 ;
882 3942 916 3996 ut
940 3933 965 3996 si
980 3933 1076 3995 Terra
1099 3933 1129 3994 in
1153 3930 1299 4011 superiori
1322 3931 1475 3992 schemate

115 4021 269 4101 superficie
283 4017 396 4084 EAFO
418 4020 648 4101 provolveretur
664 4021 712 4082 via
727 4020 830 4097 pom
854 4030 886 4084 et
910 4023 953 4085 sic
977 4029 1041 4085 tres
1058 4020 1217 4101 Oopernici
1240 4025 1338 4082 motus
1361 4019 1475 4082 in-um

115 4111 168 4172 hac
191 4109 402 4189 provolutione
425 4109 536 4171 insunt.
1531 4166 1533 4169 ,

200 4198 350 4260 Perduxit
371 4197 581 4282 hypothesium
605 4197 762 4260 historiam
776 4199 874 4263 Ursus
898 4219 990 4279 usque
1015 4200 1052 4262 ad
1073 4207 1210 4280 tempora
1225 4195 1350 4270 Christi,
1374 4194 1475 4278 quali-

115 4305 229 4369 cunque
254 4306 406 4351 successn.
455 4285 543 4358 Quod
567 4286 662 4350 sicubi
686 4309 704 4348 a
728 4306 820 4369 scopo
845 4289 969 4364 erravit,
995 4307 1077 4352 error
1100 4287 1221 4350 crimine
1245 4293 1347 4348 tamen
1372 4304 1475 4348 carere

115 4375 209 4439 rideri
232 4383 347 4457 potest
394 4377 456 4438 Per
478 4375 677 4453 ignorantiam
702 4377 779 4439 eninr
805 4395 907 4439 omues
939 4377 1135 4441 multifariam
1159 4375 1297 4438 labimur.
1345 4373 1390 4436 At
1408 4374 1473 4452 jam

115 4466 160 4528 ubi
184 4466 224 4527 ad
248 4465 443 4545 Apollonium
467 4465 633 4544 Pergaeum
658 4466 788 4542 devenit,
814 4467 890 4527 adeo
914 4468 988 4530 dura
1012 4468 1110 4528 fronte
1134 4474 1191 4538 est,
1217 4465 1351 4544 adeoque
1375 4480 1473 4541 nuga-

115 4553 265 4617 cissimam
296 4553 397 4616 sciens
421 4555 582 4633 volensque
614 4565 716 4618 narrat
747 4556 899 4631 fabulam,
933 4564 966 4618 ut
994 4555 1127 4622 nescias,
1160 4554 1300 4616 rideasne
1323 4549 1473 4612 hominem

115 4644 213 4724 potius
237 4663 276 4705 au
307 4643 459 4707 irascaris.
507 4641 749 4706 circumstantiis
773 4644 909 4706 omnibus
933 4645 1135 4706 narrationem
1159 4661 1244 4704 suam
1266 4639 1403 4714 instmit‚
1429 4647 1471 4712 nt,

115 4733 156 4795 cui
180 4732 220 4794 de
245 4751 277 4793 re
301 4732 368 4812 ipsa
391 4751 449 4794 non
475 4739 546 4794 ante
568 4740 701 4805 constat,
720 4734 826 4813 jurare
849 4734 947 4804 ausit,
973 4752 1030 4795 non
1055 4752 1123 4794 esse
1147 4730 1230 4793 nihili
1256 4746 1328 4804 rem,
1353 4729 1472 4810 quade

115 4822 253 4906 loquitur.
304 4819 376 4894 Qua
398 4821 429 4884 in
452 4840 484 4885 re
507 4840 574 4885 curn
591 4822 781 4903 praecipuum
797 4842 907 4886 causae
921 4842 994 4885 snae
1009 4822 1226 4885 firmamentum
1249 4825 1354 4900 ponat,
1378 4834 1470 4898 prae-
