3278 5542
735 289 816 355 ceo
834 288 854 339 1·
1414 289 1473 356 tat
1508 253 1512 260 ’

118 452 314 515 tardissimum
348 448 517 524 Copemicus
540 451 611 507 idem
635 459 766 523 praestat
796 469 847 523 per
870 452 1084 524 aberrationem¹
1101 453 1284 509 restitutionis
1314 453 1432 527 epioycli
1459 473 1478 511 a

118 532 296 588 restitutione
311 533 484 598 concentrici,
509 550 569 588 cum
589 533 626 586 sit
645 540 764 603 utraque
786 549 880 587 annua
893 534 960 587 iere.
1003 533 1183 587 Verisimilius
1203 541 1296 590 autern
1311 542 1362 600 est,
1387 543 1477 591 motus

118 615 177 668 llos
202 616 300 668 tardos
321 633 359 669 ex
381 614 558 669 aberratione
573 630 635 667 esse
659 618 740 683 quam
763 631 800 667 ex
813 620 888 667 motu
909 614 1038 683 positivo.
1080 615 1248 669 Praesertim
1272 633 1332 671 cum
1353 616 1477 688 epicyclo

118 700 204 749 motus
229 710 337 750 annum
360 700 468 749 tautum
489 700 618 764 respectu
642 693 787 748 ecoentrici
810 694 852 747 sui
876 693 953 758 insit,
979 711 1071 766 aquo
1093 695 1257 750 circumacto
1279 697 1421 766 epicyolus
1445 715 1475 751 se

118 775 221 829 evolvit
233 775 261 830 in
276 776 392 846 plegem
404 774 580 837 contrariam,
604 781 635 827 at
648 781 778 843 respectu
790 776 909 829 &mum
923 775 1023 846 quietis
1038 776 1129 845 potius
1145 776 1264 845 speciem
1285 793 1353 846 prae
1368 794 1398 832 se
1412 778 1476 841 fert,

118 856 179 926 qnia
202 855 233 908 in
253 856 307 909 hac
322 855 480 909 evolutione
502 855 541 919 tlt,
566 860 599 908 ut
613 855 726 908 caedem
740 854 858 924 epicycli
882 861 977 925 partes
996 856 1091 909 iisdem
1113 857 1231 910 lixarum
1252 857 1346 928 plagis
1369 875 1478 928 semper

118 938 312 1000 obvertuntur,
339 934 391 989 nisi
413 936 575 1007 quantulum
597 935 695 988 turbat
719 935 868 989 aberratio.
918 936 981 1006 Ego
1005 954 1070 989 voro
1095 936 1123 989 in
1146 936 1353 991 Commentariis
1378 937 1477 993 Martis

118 1023 142 1071 st
162 1016 191 1069 in
206 1015 286 1085 Epit.
308 1019 384 1070 Astr.
406 1015 478 1071 libro
492 1017 538 1070 [V.
562 1031 673 1069 causam
696 1017 775 1068 trado
799 1015 943 1085 physicam
964 1023 1020 1072 tam
1045 1017 1258 1071 eccentrioitatis
1281 1035 1362 1089 quam
1387 1025 1477 1073 trans-

118 1095 261 1168 positionis
276 1111 474 1167 apogaeorum,
498 1112 571 1167 quae
585 1112 672 1151 causa
694 1095 779 1152 insita
792 1102 837 1150 est
857 1096 883 1150 in
902 1097 978 1150 fibris
993 1097 1115 1166 corporis
1139 1099 1280 1167 planetae,
1306 1116 1357 1152 nec
1371 1099 1477 1171 indiget

118 1178 158 1232 rel
172 1176 364 1231 deferentibus
378 1177 423 1229 vel
438 1175 579 1251 epicyclis.
622 1175 676 1230 Sed
699 1176 751 1229 hoc
774 1178 931 1240 membrum,
956 1178 1048 1233 Solem
1070 1177 1160 1247 ipsum
1185 1173 1248 1246 (seu
1263 1176 1387 1245 Terram)
1411 1180 1476 1234 atti-

118 1275 189 1319 nens,
216 1255 348 1329 intellige
370 1256 461 1311 obiter
474 1257 575 1310 saltem
596 1257 783 1322 inculcatum,
800 1263 832 1310 ut
846 1274 882 1309 ex
897 1275 930 1311 eo
949 1258 1009 1326 jam
1025 1260 1196 1322 ostendatur,
1221 1259 1283 1328 quid
1304 1278 1340 1313 ex
1356 1259 1477 1332 apogaei

118 1337 185 1392 iulis
208 1336 425 1406 transpositione
445 1337 580 1391 redundet
599 1337 628 1390 in
649 1338 780 1405 planetas
801 1344 918 1391 ceteros.

195 1411 230 1485 n)
251 1418 331 1470 llaec
344 1415 506 1471 dilucidiora
518 1418 587 1470 flunt
600 1433 651 1486 per
665 1416 793 1470 intuitum
806 1418 853 1488 lig.
870 1416 908 1470 23
923 1425 952 1470 et
967 1415 1013 1471 24.
1054 1419 1109 1471 Est
1129 1417 1235 1488 quidem
1255 1418 1307 1471 hoc
1322 1419 1477 1484 vaticinari,

118 1498 207 1551 dicere
223 1497 287 1567 quid
310 1503 375 1566 post
393 1497 482 1550 multa
502 1497 599 1551 secula
616 1497 654 1550 sit
672 1496 807 1559 futurum
829 1514 889 1550 cum
912 1497 964 1551 iste
982 1499 1126 1568 scrupulus
1147 1499 1180 1550 de
1204 1499 1345 1567 praesenti
1361 1502 1478 1554 nondum

118 1586 220 1650 urgeat
234 1576 431 1631 astronomiam
443 1583 573 1631 veterem.
616 1577 668 1630 Sed
679 1577 718 1629 sic
732 1584 921 1647 comparatum
936 1586 980 1631 est
997 1595 1056 1631 cum
1079 1579 1293 1632 transsumtione
1315 1581 1479 1648 placitorum

118 1657 272 1712 Ptolemaei
286 1657 495 1727 particularium
509 1657 536 1712 in
551 1657 720 1728 hypothesin
736 1657 886 1726 Copernici,
909 1664 941 1711 ut
955 1676 1009 1711 non
1033 1658 1156 1728 potuerit
1176 1675 1194 1712 a
1208 1676 1250 1712 mc
1265 1660 1353 1714 omitti
1377 1662 1479 1715 mentio

118 1738 177 1794 ista.
223 1739 295 1792 Nam
316 1737 400 1791 etiam
414 1736 581 1807 Copernicus
603 1737 823 1791 eccentricitates
846 1739 964 1809 quinque
987 1740 1162 1809 planetarum
1181 1741 1353 1809 computavit
1371 1743 1449 1795 velut
1463 1759 1481 1795 a

119 1827 211 1873 centro
234 1818 309 1872 orbis
332 1817 440 1889 magui:
472 1817 550 1888 quasi
580 1817 648 1870 illud
673 1815 738 1880 (non
765 1834 831 1871 vero
854 1818 944 1888 ipsum
967 1819 1038 1873 Solis
1069 1826 1191 1873 centrum
1216 1820 1418 1885 vicinissimnm)
1443 1822 1480 1875 sit

121 1900 239 1970 genuina
253 1897 329 1952 basis
345 1897 505 1968 systematis
527 1897 686 1967 planetarii.
730 1897 785 1951 Per
808 1899 859 1951 hos
874 1916 940 1953 vero
955 1899 992 1953 25
1010 1916 1105 1963 annos,
1131 1918 1235 1972 exque
1259 1900 1383 1956 libellum
1407 1903 1480 1956 hunc

124 1980 195 2042 edidi,
222 1980 262 2033 sic
276 1985 409 2033 estams
431 1978 584 2032 constituta
602 1976 778 2041 astronomia,
804 1984 835 2031 ut
855 1979 1075 2033 occentricitates
1092 1998 1184 2034 omnes
1197 1976 1402 2049 (primariorum
1417 1984 1479 2051 pla-

124 2057 257 2125 netarum)
282 2061 316 2112 ad
340 2058 504 2128 ipsissimum
523 2059 596 2113 Solis
619 2066 742 2113 centrum
766 2075 817 2111 ceu
840 2076 933 2114 seram
954 2061 1044 2114 mundi
1068 2060 1148 2114 basin
1172 2061 1338 2115 referantur.
1382 2063 1479 2132 ltaque

129 2157 229 2194 manere
251 2145 369 2209 possunt
390 2138 611 2193 eccentricitates
634 2140 811 2208 planetarum
826 2141 952 2204 omnium,
977 2158 1213 2211 quorsumcunque
1234 2158 1264 2194 se
1278 2141 1397 2211 recipiat
1410 2159 1477 2212 apo·

131 2237 219 2292 gaeum
242 2219 324 2273 Solis.
365 2218 435 2272 Vide
458 2218 486 2273 in
509 2219 685 2273 Martialibus
700 2219 908 2273 Commentariis
933 2229 1041 2291 partem
1065 2221 1179 2292 primam
1203 2224 1236 2275 dc
1261 2221 1479 2293 aequipollentia

133 2300 325 2370 hypothesium,
349 2299 512 2370 praesertim
535 2300 628 2370 Caput
649 2300 697 2352 Vl.

125 2413 130 2426 ·
199 2378 225 2445 o)
248 2381 328 2434 Haec
351 2397 388 2432 ex
409 2379 593 2434 admonitione
616 2379 702 2449 ipsius
717 2379 858 2450 Copernici
884 2380 1053 2450 transcripta
1074 2389 1145 2435 sunt.
1189 2382 1227 2435 Et
1248 2398 1341 2436 verum
1359 2389 1411 2447 est,
1434 2384 1480 2454 qui

139 2465 241 2514 anuum
266 2459 339 2514 orbis
354 2458 426 2513 Solis
450 2460 593 2529 aTellure
609 2459 665 2526 (vel
680 2461 798 2513 Telluris
822 2456 933 2529 aSole)
957 2461 1067 2515 nimium
1091 2462 1219 2525 dimovet,
1243 2469 1275 2515 ut
1298 2461 1396 2517 secisse
1416 2482 1479 2517 con·

141 2543 204 2594 tendo
216 2541 406 2595 Ptolemaeum
432 2546 462 2594 et
474 2540 673 2611 Hipparchum,
698 2540 721 2593 is
745 2541 767 2593 si
791 2542 967 2610 planetarum
982 2542 1203 2596 eccentricitates
1222 2545 1256 2596 ad
1278 2544 1331 2596 hoc
1349 2550 1479 2613 punctum

141 2620 214 2683 selem,
238 2621 309 2674 alias
334 2620 367 2674 iis
382 2621 556 2690 quantitates
580 2620 719 2694 largiatur
742 2639 855 2675 necesse
879 2629 932 2684 est,
957 2639 1038 2693 quam
1063 2623 1108 2693 qui
1129 2623 1210 2676 hodie
1231 2623 1302 2677 Solis
1322 2625 1479 2678 occentrici·

145 2707 211 2754 ιειεει
222 2702 395 2755 emendatam
410 2702 508 2755 babet.
551 2706 591 2755 At
604 2702 627 2755 si
652 2701 873 2756 eccontricitatcs
894 2708 1086 2772 computentur
1105 2704 1141 2757 ab
1161 2704 1220 2773 ipso
1234 2711 1329 2757 centro
1343 2705 1424 2768 Solis,
1449 2713 1481 2759 ut

147 2781 268 2850 uguiccio,
293 2780 440 2835 tuncnihil
466 2782 530 2835 illas
555 2781 658 2836 attinet
680 2783 752 2836 haec
774 2783 890 2837 mutatio
912 2782 1126 2837 eccentricitatis
1141 2783 1212 2837 Solis
1232 2801 1281 2835 seu
1296 2785 1407 2848 Terrae,
1431 2803 1480 2839 seu

147 2876 195 2913 sera
213 2862 260 2916 illa
274 2862 319 2924 sit,
344 2868 376 2914 ut
397 2862 512 2917 credidit
527 2862 702 2932 Copernicus,
725 2879 783 2925 seu,
808 2871 839 2916 ut
863 2881 925 2935 ego,
951 2864 1024 2916 falsa
1047 2871 1076 2916 et
1099 2863 1279 2932 persuasione
1308 2867 1381 2919 nuda
1404 2865 1479 2919 nixa.
1544 2892 1546 2897 r
1594 2886 1598 2893 ·

150 2937 227 3008 lupico
250 2959 334 3011 super
349 2942 402 2995 hac
415 2958 445 2996 re
465 2943 512 3013 lig.
529 2941 567 2996 23
589 2949 618 3001 et
632 2942 679 2996 24.
695 2948 725 2996 ει
739 2943 924 2997 narrationem
939 2943 1056 3015 Rhetici,
1082 2950 1113 2996 ut
1133 2951 1162 2997 et
1176 2943 1346 2998 Martialium
1360 2962 1480 2999 meorum

151 3028 212 3087 caput
227 3023 360 3076 ultimum.

205 3097 232 3170 p)
255 3101 451 3174 lmagn’nationi
465 3101 528 3155 huic
552 3118 649 3156 ansam
673 3102 804 3172 praebuit
819 3103 1000 3172 Copernicus:
1031 3120 1079 3156 seu
1108 3102 1211 3157 servire
1239 3103 1360 3157 voluerit
1373 3105 1476 3174 captui,

152 3175 190 3230 sire
207 3199 301 3237 revera
324 3189 354 3236 et
374 3179 434 3252 ipse
457 3182 582 3237 haeserit
605 3181 632 3235 in
651 3182 840 3252 perplexitate
862 3184 910 3246 rei,
936 3200 1007 3254 quae
1022 3184 1209 3237 schematibus
1233 3184 1324 3253 planis
1340 3185 1480 3240 sublevari

153 3261 226 3327 nquit,
248 3262 341 3316 solidis
364 3269 461 3332 posset
483 3262 599 3332 quidem,
623 3264 671 3316 sed
697 3263 747 3316 illa
771 3262 928 3317 difficillime
944 3269 1124 3333 apparantur.
1167 3264 1237 3318 Utut
1260 3282 1288 3317 se
1304 3281 1347 3318 res
1367 3266 1480 3329 habeat,

152 3344 214 3394 mohs
234 3344 285 3397 iste
306 3358 407 3397 revera
429 3348 518 3397 motus
542 3361 596 3397 non
620 3350 671 3406 est,
696 3343 773 3413 quies
796 3343 889 3412 potius
904 3344 1033 3398 dicenda:
1058 3362 1108 3397 neo
1131 3345 1228 3397 melius
1252 3346 1312 3398 ulla
1333 3362 1364 3399 re
1387 3353 1482 3415 potest

153 3423 329 3484 tumescenti
352 3438 435 3493 qnam
458 3422 598 3492 ipsissima
620 3439 672 3477 sua
694 3440 780 3477 causa
802 3423 933 3492 physica,
959 3441 1029 3494 quae
1045 3443 1082 3478 ex
1097 3425 1273 3479 Martialibus
1295 3432 1325 3478 et
1338 3426 1480 3496 Epitomes

152 3498 205 3551 Attr-
221 3504 266 3557 lib.
294 3505 317 3558 1.
338 3504 372 3558 ll.
395 3503 442 3557 lll.
465 3508 495 3557 et
508 3504 554 3558 Vl.
571 3511 615 3557 εει
633 3503 698 3558 ista.
740 3505 843 3559 Terrae
866 3506 967 3575 globus
991 3506 1054 3558 dum
1077 3522 1168 3559 annuo
1192 3512 1268 3559 motu
1292 3505 1482 3562 circumfertur

152 3574 202 3633 cirea
212 3583 307 3648 Solem,
335 3590 413 3637 tenet
435 3583 545 3638 interim
568 3601 651 3638 axem
674 3584 874 3638 convolutionis
898 3602 967 3639 suae
988 3585 1040 3638 sibi
1064 3584 1116 3654 ipsi
1136 3602 1244 3655 semper
1267 3588 1431 3654 paralellum
1453 3589 1480 3641 in
1556 3629 1560 3639 .

152 3655 236 3716 hienis
250 3665 358 3727 sitibus,
381 3669 496 3734 propter
509 3664 640 3718 fibrarum
654 3665 812 3718 naturalem
826 3672 855 3718 et
868 3665 1054 3736 magneticam
1069 3665 1274 3718 inclinationem
1289 3667 1323 3719 ad
1339 3667 1479 3736 quiescen-

152 3735 203 3796 un:
223 3746 264 3797 sel
286 3743 372 3800 etiam
395 3750 511 3813 propter
534 3744 744 3798 continuitatem
758 3744 871 3798 diurnae
887 3744 1087 3799 convolutionis
1107 3745 1180 3799 circa
1202 3746 1274 3798 huuc
1294 3762 1384 3809 axem,
1411 3764 1480 3817 quae

152 3812 205 3874 illum
223 3832 300 3878 tenet
322 3831 452 3888 erectum,
476 3830 509 3878 ut
531 3824 563 3878 fit
585 3824 613 3878 in
637 3824 747 3878 turbine
770 3824 884 3879 incitato
900 3832 929 3878 ει
943 3824 1145 3888 discursitante,
1189 3826 1281 3887 Quare
1305 3826 1378 3880 sicut
1391 3835 1480 3881 motus

152 3891 188 3950 itis
198 3920 287 3959 revera
310 3910 431 3966 nonest,
456 3906 503 3957 sed
519 3904 595 3976 quies
619 3902 720 3974 potius,
745 3905 784 3958 sic
803 3904 887 3958 etiam
908 3905 1031 3958 orbiculo
1050 3904 1233 3959 commentitio
1258 3906 1325 3961 nihil
1340 3914 1384 3961 cst
1398 3925 1480 3978 opus:

151 3979 234 4047 eijure
257 3985 368 4039 hicme
391 3984 522 4055 antiquae
545 3991 575 4038 et
597 4001 730 4038 erroneae
753 3986 939 4056 persuasionis
964 3987 996 4038 de
1021 3986 1161 4040 soliditate
1190 3985 1294 4039 orbium
1317 4004 1394 4043 reum
1421 3988 1482 4061 egit

151 4051 219 4125 Tycha
232 4066 367 4128 Braheus,
393 4064 438 4135 qui
462 4065 535 4119 lecto
557 4064 654 4119 libello
675 4065 773 4120 literas
797 4067 850 4119 hac
870 4069 903 4119 de
928 4082 1014 4120 causa
1038 4069 1071 4120 ad
1090 4083 1133 4120 me
1155 4066 1238 4119 dedit.
1282 4066 1432 4140 (Tycbonis
1447 4072 1480 4122 de

151 4130 187 4190 hbe
202 4160 225 4198 re
244 4146 344 4200 literae
365 4146 499 4216 leguntur
522 4146 550 4200 in
572 4145 711 4215 prooemio
734 4163 802 4217 pag.
825 4143 886 4210 44.)

120 4214 125 4220 ’
207 4222 234 4295 q)
256 4227 350 4281 Omnis
379 4226 504 4280 doctrina
522 4225 721 4295 praecessionis
746 4227 980 4297 aequinoctiorum
1004 4227 1236 4296 contemplatione
1265 4224 1327 4280 axis
1350 4228 1380 4275 ει
1402 4222 1479 4291 polo·

152 4309 191 4352 ΝΗ]
203 4305 314 4361 Telluris
339 4306 507 4368 absolvitur;
539 4313 572 4360 ut
593 4325 644 4359 nec
667 4323 740 4359 nona
763 4307 893 4376 sphaera,
922 4326 973 4360 neo
997 4307 1118 4361 orbiculo
1140 4307 1189 4361 illo
1213 4306 1286 4361 circa
1308 4305 1420 4357 Terram
1443 4303 1480 4356 sit

152 4389 207 4444 Tit
243 4388 312 4441 Vide
336 4388 485 4442 comment.
510 4386 608 4440 Martis
632 4394 740 4456 partem
762 4389 795 4441 V.
818 4395 848 4442 et
867 4387 943 4457 Epit.
968 4391 1044 4442 Astr.
1070 4387 1117 4441 lib.
1141 4388 1176 4442 ll.
1200 4388 1248 4441 lll.
1275 4392 1304 4439 et
1324 4383 1385 4436 Vll.

206 4462 230 4536 r)
250 4468 406 4522 Secundum
424 4474 527 4521 motum
550 4466 578 4521 in
603 4483 704 4521 meram
720 4468 782 4522 axis
797 4467 916 4537 quietem
939 4468 1105 4539 redegimus,
1129 4468 1228 4522 tertius
1250 4466 1309 4537 jam
1331 4465 1365 4517 ad
1383 4480 1478 4516 secun·

150 4533 194 4592 dm
211 4554 250 4601 cst
262 4549 434 4602 reducendus
458 4554 488 4601 et
511 4564 571 4611 cum
593 4565 625 4601 eo
641 4547 667 4600 in
683 4565 765 4602 uuum
779 4550 945 4602 conflandus.
988 4548 1016 4602 si
1041 4548 1112 4602 enim
1133 4564 1278 4602 causarum
1302 4544 1478 4615 physicarum

151 4613 277 4682 lbtitutione
301 4626 364 4685 axis
379 4627 498 4683 Telluris
521 4634 587 4697 post
607 4644 689 4682 unam
703 4627 902 4682 revolutionem
927 4645 1046 4683 annuam
1067 4628 1204 4683 invenitur
1218 4623 1369 4681 insensibili
1385 4623 1478 4694 aliquo

151 4701 271 4762 reirorsum
293 4707 443 4762 inclinatus
466 4724 485 4762 a
498 4707 554 4762 situ
575 4707 700 4778 pristino,
725 4715 755 4762 et
778 4708 801 4761 si
816 4714 909 4764 tuetur
932 4708 1106 4763 nihilominus
1128 4713 1300 4763 constantem
1324 4703 1478 4759 inclinatio·

151 4787 233 4840 nebad
247 4788 340 4843 latera
352 4787 454 4852 muudi,
479 4804 528 4843 seu
542 4789 621 4858 polos
636 4787 698 4842 viae
713 4787 819 4860 regiae,
845 4789 867 4843 si
892 4788 974 4844 tertio
998 4789 1082 4843 etiam
1102 4788 1241 4860 ecliptica,
1263 4786 1365 4858 quippe
1386 4784 1478 4838 orbita

150 4848 254 4934 Telituis,
284 4875 317 4924 ut
338 4867 507 4946 reliquorum
529 4869 706 4948 planetarum
729 4867 854 4934 orbitae,
886 4868 1048 4927 latitudines
1076 4885 1142 4927 suas
1165 4869 1255 4927 habet
1277 4882 1296 4929 a
1318 4864 1365 4921 via
1387 4861 1476 4939 ῐθεῑδ.
