<?xml version="1.0" encoding="UTF-8"?>
<!DOCTYPE html PUBLIC "-//W3C//DTD XHTML 1.0 Transitional//EN"
    "http://www.w3.org/TR/xhtml1/DTD/xhtml1-transitional.dtd">
<html xmlns="http://www.w3.org/1999/xhtml" xml:lang="en" lang="en">
 <head>
  <title>
</title>
<meta http-equiv="Content-Type" content="text/html;charset=utf-8" />
  <meta name='ocr-system' content='tesseract 3.04.00' />
  <meta name='ocr-capabilities' content='ocr_page ocr_carea ocr_par ocr_line ocrx_word'/>
</head>
<body>
  <div class='ocr_page' id='page_1' title='image "./joanniskepleria17frisgoog_0244.png"; bbox 0 0 3278 5542; ppageno 0'>
   <div class='ocr_carea' id='block_1_1' title="bbox 674 328 1436 399">
    <p class='ocr_par' dir='ltr' id='par_1_1' title="bbox 674 328 1436 399">
     <span class='ocr_line' id='line_1_1' title="bbox 674 328 1436 399; baseline 0.001 -1"><span class='ocrx_word' id='word_1_1' title='bbox 674 328 837 383; x_wconf 69' lang='lat' dir='ltr'>Prooemium·</span> <span class='ocrx_word' id='word_1_2' title='bbox 1375 332 1436 399; x_wconf 79' lang='lat' dir='ltr'>rar</span> 
     </span>
    </p>
   </div>
   <div class='ocr_carea' id='block_1_2' title="bbox 102 486 1563 568">
    <p class='ocr_par' dir='ltr' id='par_1_2' title="bbox 102 486 1563 568">
     <span class='ocr_line' id='line_1_2' title="bbox 102 486 1563 568; baseline 0.005 -19"><span class='ocrx_word' id='word_1_3' title='bbox 102 509 106 549; x_wconf 82' lang='lat' dir='ltr'>r</span> <span class='ocrx_word' id='word_1_4' title='bbox 137 506 171 550; x_wconf 87' lang='lat' dir='ltr'>re</span> <span class='ocrx_word' id='word_1_5' title='bbox 205 505 329 567; x_wconf 86' lang='lat' dir='ltr'>operam</span> <span class='ocrx_word' id='word_1_6' title='bbox 351 486 423 551; x_wconf 86' lang='lat' dir='ltr'>Ursi</span> <span class='ocrx_word' id='word_1_7' title='bbox 450 487 571 568; x_wconf 88' lang='lat' dir='ltr'>expetii.</span> <span class='ocrx_word' id='word_1_8' title='bbox 620 486 774 558; x_wconf 79' lang='lat' dir='ltr'><strong>Quantam</strong></span> <span class='ocrx_word' id='word_1_9' title='bbox 803 497 917 562; x_wconf 88' lang='lat' dir='ltr'>autem,</span> <span class='ocrx_word' id='word_1_10' title='bbox 951 506 1005 568; x_wconf 92' lang='lat' dir='ltr'>per</span> <span class='ocrx_word' id='word_1_11' title='bbox 1033 489 1131 550; x_wconf 90' lang='lat' dir='ltr'>Deum</span> <span class='ocrx_word' id='word_1_12' title='bbox 1162 490 1377 554; x_wconf 88' lang='lat' dir='ltr'>immortalem!</span> <span class='ocrx_word' id='word_1_13' title='bbox 1413 502 1444 556; x_wconf 92' lang='lat' dir='ltr'>et</span> <span class='ocrx_word' id='word_1_14' title='bbox 1561 498 1563 502; x_wconf 71' lang='lat'>‘</span> 
     </span>
    </p>
   </div>
   <div class='ocr_carea' id='block_1_3' title="bbox 101 575 1442 4914">
    <p class='ocr_par' dir='ltr' id='par_1_3' title="bbox 101 575 1442 3312">
     <span class='ocr_line' id='line_1_3' title="bbox 102 575 1441 659; baseline 0.004 -20"><span class='ocrx_word' id='word_1_15' title='bbox 102 592 168 639; x_wconf 81' lang='lat' dir='ltr'>nam</span> <span class='ocrx_word' id='word_1_16' title='bbox 191 575 387 655; x_wconf 80' lang='lat' dir='ltr'><strong>multiplicem</strong></span> <span class='ocrx_word' id='word_1_17' title='bbox 410 576 482 638; x_wconf 92' lang='lat' dir='ltr'>mihi</span> <span class='ocrx_word' id='word_1_18' title='bbox 506 576 580 638; x_wconf 83' lang='lat' dir='ltr'>iacit</span> <span class='ocrx_word' id='word_1_19' title='bbox 601 576 740 656; x_wconf 89' lang='lat' dir='ltr'>injuriam</span> <span class='ocrx_word' id='word_1_20' title='bbox 764 576 845 638; x_wconf 84' lang='lat' dir='ltr'>ferus</span> <span class='ocrx_word' id='word_1_21' title='bbox 869 576 980 638; x_wconf 86' lang='lat' dir='ltr'>homo?</span> <span class='ocrx_word' id='word_1_22' title='bbox 1025 577 1204 640; x_wconf 83' lang='lat' dir='ltr'>Ambiebam</span> <span class='ocrx_word' id='word_1_23' title='bbox 1239 580 1305 659; x_wconf 89' lang='lat' dir='ltr'>ejus</span> <span class='ocrx_word' id='word_1_24' title='bbox 1335 582 1441 644; x_wconf 91' lang='lat' dir='ltr'>amici-</span> 
     </span>
     <span class='ocr_line' id='line_1_4' title="bbox 102 663 1441 746; baseline 0.004 -19"><span class='ocrx_word' id='word_1_25' title='bbox 102 683 153 727; x_wconf 82' lang='lat' dir='ltr'>am</span> <span class='ocrx_word' id='word_1_26' title='bbox 176 665 270 726; x_wconf 85' lang='lat' dir='ltr'>missa</span> <span class='ocrx_word' id='word_1_27' title='bbox 293 665 432 746; x_wconf 72' lang='lat' dir='ltr'>epistola.</span> <span class='ocrx_word' id='word_1_28' title='bbox 472 663 513 733; x_wconf 89' lang='lat' dir='ltr'>&#39;Si</span> <span class='ocrx_word' id='word_1_29' title='bbox 536 664 714 745; x_wconf 81' lang='lat' dir='ltr'>petitionem</span> <span class='ocrx_word' id='word_1_30' title='bbox 738 683 837 726; x_wconf 90' lang='lat' dir='ltr'>meam</span> <span class='ocrx_word' id='word_1_31' title='bbox 860 665 994 740; x_wconf 84' lang='lat' dir='ltr'><strong>admisit,</strong></span> <span class='ocrx_word' id='word_1_32' title='bbox 1018 665 1106 727; x_wconf 89' lang='lat' dir='ltr'>fidem</span> <span class='ocrx_word' id='word_1_33' title='bbox 1126 666 1192 745; x_wconf 89' lang='lat' dir='ltr'>ejus</span> <span class='ocrx_word' id='word_1_34' title='bbox 1216 668 1370 731; x_wconf 91' lang='lat' dir='ltr'>desidero:</span> <span class='ocrx_word' id='word_1_35' title='bbox 1396 671 1441 733; x_wconf 88' lang='lat' dir='ltr'>siu</span> 
     </span>
     <span class='ocr_line' id='line_1_5' title="bbox 102 751 1440 838; baseline 0.004 -24"><span class='ocrx_word' id='word_1_36' title='bbox 102 753 213 822; x_wconf 83' lang='lat' dir='ltr'>rrevit,</span> <span class='ocrx_word' id='word_1_37' title='bbox 247 761 350 816; x_wconf 90' lang='lat' dir='ltr'>tamen</span> <span class='ocrx_word' id='word_1_38' title='bbox 381 752 559 816; x_wconf 89' lang='lat' dir='ltr'>inhumanus</span> <span class='ocrx_word' id='word_1_39' title='bbox 588 762 646 815; x_wconf 91' lang='lat' dir='ltr'>est.</span> <span class='ocrx_word' id='word_1_40' title='bbox 698 751 860 815; x_wconf 85' lang='lat' dir='ltr'><strong>Sermones</strong></span> <span class='ocrx_word' id='word_1_41' title='bbox 895 753 1072 828; x_wconf 90' lang='lat' dir='ltr'>amicornm,</span> <span class='ocrx_word' id='word_1_42' title='bbox 1107 754 1213 816; x_wconf 89' lang='lat' dir='ltr'>literae</span> <span class='ocrx_word' id='word_1_43' title='bbox 1246 757 1343 836; x_wconf 86' lang='lat' dir='ltr'>magis</span> <span class='ocrx_word' id='word_1_44' title='bbox 1375 760 1440 838; x_wconf 92' lang='lat' dir='ltr'>pri-</span> 
     </span>
     <span class='ocr_line' id='line_1_6' title="bbox 102 832 1441 921; baseline 0.004 -18"><span class='ocrx_word' id='word_1_45' title='bbox 102 849 169 903; x_wconf 84' lang='lat' dir='ltr'>rtae</span> <span class='ocrx_word' id='word_1_46' title='bbox 195 832 271 903; x_wconf 79' lang='lat' dir='ltr'>esee&#39;</span> <span class='ocrx_word' id='word_1_47' title='bbox 286 842 412 906; x_wconf 89' lang='lat' dir='ltr'>debent:</span> <span class='ocrx_word' id='word_1_48' title='bbox 436 842 493 903; x_wconf 89' lang='lat' dir='ltr'>bas</span> <span class='ocrx_word' id='word_1_49' title='bbox 516 833 567 903; x_wconf 87' lang='lat' dir='ltr'>ille</span> <span class='ocrx_word' id='word_1_50' title='bbox 591 841 768 921; x_wconf 86' lang='lat' dir='ltr'>publicavit,</span> <span class='ocrx_word' id='word_1_51' title='bbox 793 860 848 902; x_wconf 91' lang='lat' dir='ltr'>neo</span> <span class='ocrx_word' id='word_1_52' title='bbox 871 861 918 903; x_wconf 88' lang='lat' dir='ltr'>me</span> <span class='ocrx_word' id='word_1_53' title='bbox 942 842 1101 918; x_wconf 89' lang='lat' dir='ltr'>consuluit,</span> <span class='ocrx_word' id='word_1_54' title='bbox 1126 861 1181 903; x_wconf 92' lang='lat' dir='ltr'>neo</span> <span class='ocrx_word' id='word_1_55' title='bbox 1205 845 1361 921; x_wconf 81' lang='lat' dir='ltr'>facturum,</span> <span class='ocrx_word' id='word_1_56' title='bbox 1387 867 1441 908; x_wconf 91' lang='lat' dir='ltr'>nec</span> 
     </span>
     <span class='ocr_line' id='line_1_7' title="bbox 102 928 1439 1011; baseline 0.002 -18"><span class='ocrx_word' id='word_1_57' title='bbox 102 937 194 993; x_wconf 65' lang='lat' dir='ltr'>ictum</span> <span class='ocrx_word' id='word_1_58' title='bbox 216 930 384 1007; x_wconf 80' lang='lat' dir='ltr'>nunciavit,</span> <span class='ocrx_word' id='word_1_59' title='bbox 418 948 473 993; x_wconf 90' lang='lat' dir='ltr'>nec</span> <span class='ocrx_word' id='word_1_60' title='bbox 504 930 662 1011; x_wconf 84' lang='lat' dir='ltr'>exemplar</span> <span class='ocrx_word' id='word_1_61' title='bbox 689 929 782 990; x_wconf 89' lang='lat' dir='ltr'>misit.</span> <span class='ocrx_word' id='word_1_62' title='bbox 830 928 946 1000; x_wconf 86' lang='lat' dir='ltr'>Quibus</span> <span class='ocrx_word' id='word_1_63' title='bbox 974 939 1023 992; x_wconf 88' lang='lat' dir='ltr'>est</span> <span class='ocrx_word' id='word_1_64' title='bbox 1055 950 1143 993; x_wconf 89' lang='lat' dir='ltr'>curae</span> <span class='ocrx_word' id='word_1_65' title='bbox 1171 934 1309 1011; x_wconf 88' lang='lat' dir='ltr'>aequitas</span> <span class='ocrx_word' id='word_1_66' title='bbox 1340 954 1377 995; x_wconf 90' lang='lat' dir='ltr'>ne</span> <span class='ocrx_word' id='word_1_67' title='bbox 1411 936 1439 996; x_wconf 93' lang='lat' dir='ltr'>io</span> 
     </span>
     <span class='ocr_line' id='line_1_8' title="bbox 102 1017 1439 1099; baseline 0.002 -18"><span class='ocrx_word' id='word_1_68' title='bbox 102 1026 199 1081; x_wconf 83' lang='lat' dir='ltr'>›stem</span> <span class='ocrx_word' id='word_1_69' title='bbox 222 1018 342 1099; x_wconf 90' lang='lat' dir='ltr'>quidem</span> <span class='ocrx_word' id='word_1_70' title='bbox 364 1019 427 1081; x_wconf 89' lang='lat' dir='ltr'>tale</span> <span class='ocrx_word' id='word_1_71' title='bbox 457 1018 674 1099; x_wconf 81' lang='lat' dir='ltr'>quid&#39;audent.</span> <span class='ocrx_word' id='word_1_72' title='bbox 723 1018 908 1080; x_wconf 87' lang='lat' dir='ltr'>Remisisset</span> <span class='ocrx_word' id='word_1_73' title='bbox 935 1017 1023 1093; x_wconf 86' lang='lat' dir='ltr'>mihi,</span> <span class='ocrx_word' id='word_1_74' title='bbox 1057 1020 1137 1099; x_wconf 89' lang='lat' dir='ltr'>quod</span> <span class='ocrx_word' id='word_1_75' title='bbox 1159 1029 1279 1082; x_wconf 86' lang='lat' dir='ltr'>veteres</span> <span class='ocrx_word' id='word_1_76' title='bbox 1307 1022 1439 1096; x_wconf 80' lang='lat' dir='ltr'>aiebant,</span> 
     </span>
     <span class='ocr_line' id='line_1_9' title="bbox 102 1106 1442 1190; baseline 0.003 -21"><span class='ocrx_word' id='word_1_77' title='bbox 102 1107 230 1180; x_wconf 80' lang='lat' dir='ltr'>ruciam,</span> <span class='ocrx_word' id='word_1_78' title='bbox 263 1116 316 1168; x_wconf 92' lang='lat' dir='ltr'>aut</span> <span class='ocrx_word' id='word_1_79' title='bbox 345 1106 532 1169; x_wconf 77' lang='lat' dir='ltr'>abolevisset</span> <span class='ocrx_word' id='word_1_80' title='bbox 560 1106 718 1179; x_wconf 87' lang='lat' dir='ltr'>schedam,</span> <span class='ocrx_word' id='word_1_81' title='bbox 753 1106 780 1168; x_wconf 88' lang='lat' dir='ltr'>si</span> <span class='ocrx_word' id='word_1_82' title='bbox 807 1125 866 1167; x_wconf 94' lang='lat' dir='ltr'>non</span> <span class='ocrx_word' id='word_1_83' title='bbox 895 1107 1011 1186; x_wconf 84' lang='lat' dir='ltr'>placuit</span> <span class='ocrx_word' id='word_1_84' title='bbox 1038 1107 1160 1170; x_wconf 85' lang='lat' dir='ltr'>amicos.</span> <span class='ocrx_word' id='word_1_85' title='bbox 1207 1107 1386 1190; x_wconf 81' lang='lat' dir='ltr'>Quanquam</span> <span class='ocrx_word' id='word_1_86' title='bbox 1414 1115 1442 1173; x_wconf 88' lang='lat' dir='ltr'>si</span> 
     </span>
     <span class='ocr_line' id='line_1_10' title="bbox 102 1195 1440 1276; baseline 0.001 -18"><span class='ocrx_word' id='word_1_87' title='bbox 102 1196 172 1258; x_wconf 78' lang='lat' dir='ltr'>teris</span> <span class='ocrx_word' id='word_1_88' title='bbox 197 1196 261 1275; x_wconf 89' lang='lat' dir='ltr'>ejus</span> <span class='ocrx_word' id='word_1_89' title='bbox 285 1196 325 1258; x_wconf 90' lang='lat' dir='ltr'>ad</span> <span class='ocrx_word' id='word_1_90' title='bbox 347 1214 395 1257; x_wconf 91' lang='lat' dir='ltr'>me</span> <span class='ocrx_word' id='word_1_91' title='bbox 419 1196 516 1257; x_wconf 88' lang='lat' dir='ltr'>altero</span> <span class='ocrx_word' id='word_1_92' title='bbox 540 1195 664 1256; x_wconf 87' lang='lat' dir='ltr'>taudem</span> <span class='ocrx_word' id='word_1_93' title='bbox 688 1214 768 1256; x_wconf 93' lang='lat' dir='ltr'>auno</span> <span class='ocrx_word' id='word_1_94' title='bbox 792 1195 929 1276; x_wconf 89' lang='lat' dir='ltr'>scriptis,</span> <span class='ocrx_word' id='word_1_95' title='bbox 960 1195 986 1256; x_wconf 93' lang='lat' dir='ltr'>si</span> <span class='ocrx_word' id='word_1_96' title='bbox 1006 1195 1121 1274; x_wconf 90' lang='lat' dir='ltr'>judicio</span> <span class='ocrx_word' id='word_1_97' title='bbox 1144 1197 1209 1276; x_wconf 90' lang='lat' dir='ltr'>ejus</span> <span class='ocrx_word' id='word_1_98' title='bbox 1233 1198 1270 1259; x_wconf 92' lang='lat' dir='ltr'>de</span> <span class='ocrx_word' id='word_1_99' title='bbox 1294 1217 1342 1259; x_wconf 92' lang='lat' dir='ltr'>me</span> <span class='ocrx_word' id='word_1_100' title='bbox 1364 1200 1440 1260; x_wconf 85' lang='lat' dir='ltr'>fides</span> 
     </span>
     <span class='ocr_line' id='line_1_11' title="bbox 102 1282 1439 1364; baseline 0.003 -18"><span class='ocrx_word' id='word_1_101' title='bbox 102 1282 181 1346; x_wconf 71' lang='lat' dir='ltr'>iberi</span> <span class='ocrx_word' id='word_1_102' title='bbox 209 1292 329 1364; x_wconf 89' lang='lat' dir='ltr'>potest:</span> <span class='ocrx_word' id='word_1_103' title='bbox 363 1291 396 1346; x_wconf 88' lang='lat' dir='ltr'>et</span> <span class='ocrx_word' id='word_1_104' title='bbox 421 1284 536 1363; x_wconf 85' lang='lat' dir='ltr'>placuit</span> <span class='ocrx_word' id='word_1_105' title='bbox 564 1283 710 1356; x_wconf 91' lang='lat' dir='ltr'>conditio,</span> <span class='ocrx_word' id='word_1_106' title='bbox 751 1292 783 1345; x_wconf 89' lang='lat' dir='ltr'>et</span> <span class='ocrx_word' id='word_1_107' title='bbox 799 1295 802 1298; x_wconf 76' lang='grc'>’</span> <span class='ocrx_word' id='word_1_108' title='bbox 816 1283 980 1345; x_wconf 89' lang='lat' dir='ltr'>amicitiam</span> <span class='ocrx_word' id='word_1_109' title='bbox 1012 1285 1111 1346; x_wconf 91' lang='lat' dir='ltr'>colere</span> <span class='ocrx_word' id='word_1_110' title='bbox 1144 1284 1329 1349; x_wconf 87' lang='lat' dir='ltr'>instituerat.</span> <span class='ocrx_word' id='word_1_111' title='bbox 1377 1286 1439 1350; x_wconf 89' lang='lat' dir='ltr'>Sed</span> 
     </span>
     <span class='ocr_line' id='line_1_12' title="bbox 102 1371 1440 1453; baseline 0.002 -18"><span class='ocrx_word' id='word_1_112' title='bbox 102 1388 151 1435; x_wconf 83' lang='lat' dir='ltr'>rec</span> <span class='ocrx_word' id='word_1_113' title='bbox 174 1372 258 1434; x_wconf 92' lang='lat' dir='ltr'>levia</span> <span class='ocrx_word' id='word_1_114' title='bbox 280 1381 360 1447; x_wconf 88' lang='lat' dir='ltr'>snut,</span> <span class='ocrx_word' id='word_1_115' title='bbox 383 1372 437 1434; x_wconf 94' lang='lat' dir='ltr'>illa</span> <span class='ocrx_word' id='word_1_116' title='bbox 459 1372 556 1452; x_wconf 87' lang='lat' dir='ltr'>major</span> <span class='ocrx_word' id='word_1_117' title='bbox 578 1371 766 1453; x_wconf 85' lang='lat' dir='ltr'>improbitas,</span> <span class='ocrx_word' id='word_1_118' title='bbox 786 1372 855 1451; x_wconf 91' lang='lat' dir='ltr'>jure</span> <span class='ocrx_word' id='word_1_119' title='bbox 879 1373 982 1453; x_wconf 90' lang='lat' dir='ltr'>ntique</span> <span class='ocrx_word' id='word_1_120' title='bbox 996 1372 1186 1448; x_wconf 89' lang='lat' dir='ltr'>vindicanda,</span> <span class='ocrx_word' id='word_1_121' title='bbox 1211 1374 1237 1434; x_wconf 94' lang='lat' dir='ltr'>si</span> <span class='ocrx_word' id='word_1_122' title='bbox 1259 1375 1306 1436; x_wconf 92' lang='lat' dir='ltr'>cui</span> <span class='ocrx_word' id='word_1_123' title='bbox 1328 1374 1358 1436; x_wconf 91' lang='lat' dir='ltr'>in</span> <span class='ocrx_word' id='word_1_124' title='bbox 1375 1376 1440 1438; x_wconf 82' lang='lat' dir='ltr'>loro</span> 
     </span>
     <span class='ocr_line' id='line_1_13' title="bbox 102 1459 1437 1542; baseline 0.002 -19"><span class='ocrx_word' id='word_1_125' title='bbox 102 1469 129 1523; x_wconf 88' lang='lat' dir='ltr'>rt</span> <span class='ocrx_word' id='word_1_126' title='bbox 152 1480 227 1542; x_wconf 88' lang='lat' dir='ltr'>spes</span> <span class='ocrx_word' id='word_1_127' title='bbox 259 1471 313 1523; x_wconf 91' lang='lat' dir='ltr'>aut</span> <span class='ocrx_word' id='word_1_128' title='bbox 339 1459 521 1523; x_wconf 88' lang='lat' dir='ltr'>oblectatio:</span> <span class='ocrx_word' id='word_1_129' title='bbox 555 1460 703 1540; x_wconf 92' lang='lat' dir='ltr'>quodid,</span> <span class='ocrx_word' id='word_1_130' title='bbox 738 1461 818 1540; x_wconf 91' lang='lat' dir='ltr'>qood</span> <span class='ocrx_word' id='word_1_131' title='bbox 839 1481 1050 1540; x_wconf 72' lang='lat' dir='ltr'>yempnpoom</span> <span class='ocrx_word' id='word_1_132' title='bbox 1073 1461 1185 1523; x_wconf 91' lang='lat' dir='ltr'>dictum</span> <span class='ocrx_word' id='word_1_133' title='bbox 1210 1481 1265 1542; x_wconf 89' lang='lat' dir='ltr'>ego</span> <span class='ocrx_word' id='word_1_134' title='bbox 1289 1464 1437 1539; x_wconf 89' lang='lat' dir='ltr'>volebam,</span> 
     </span>
     <span class='ocr_line' id='line_1_14' title="bbox 102 1548 1438 1632; baseline 0.003 -21"><span class='ocrx_word' id='word_1_135' title='bbox 102 1567 143 1611; x_wconf 77' lang='lat' dir='ltr'>ee</span> <span class='ocrx_word' id='word_1_136' title='bbox 167 1549 226 1612; x_wconf 87' lang='lat' dir='ltr'>sibi</span> <span class='ocrx_word' id='word_1_137' title='bbox 250 1549 457 1625; x_wconf 86' lang='lat' dir='ltr'>maledicenti,</span> <span class='ocrx_word' id='word_1_138' title='bbox 481 1551 559 1628; x_wconf 89' lang='lat' dir='ltr'>quod</span> <span class='ocrx_word' id='word_1_139' title='bbox 575 1548 697 1624; x_wconf 90' lang='lat' dir='ltr'>scribis,</span> <span class='ocrx_word' id='word_1_140' title='bbox 722 1550 864 1628; x_wconf 87' lang='lat' dir='ltr'>applicat.</span> <span class='ocrx_word' id='word_1_141' title='bbox 922 1550 1162 1612; x_wconf 88' lang='lat' dir='ltr'>Acerbissimum</span> <span class='ocrx_word' id='word_1_142' title='bbox 1186 1551 1324 1628; x_wconf 91' lang='lat' dir='ltr'>omnium,</span> <span class='ocrx_word' id='word_1_143' title='bbox 1350 1555 1438 1632; x_wconf 91' lang='lat' dir='ltr'>quod,</span> 
     </span>
     <span class='ocr_line' id='line_1_15' title="bbox 102 1637 1440 1718; baseline 0.001 -18"><span class='ocrx_word' id='word_1_144' title='bbox 102 1657 164 1700; x_wconf 88' lang='lat' dir='ltr'>rem</span> <span class='ocrx_word' id='word_1_145' title='bbox 189 1637 380 1718; x_wconf 84' lang='lat' dir='ltr'>intelligebat</span> <span class='ocrx_word' id='word_1_146' title='bbox 403 1657 441 1701; x_wconf 83' lang='lat' dir='ltr'>ex</span> <span class='ocrx_word' id='word_1_147' title='bbox 463 1638 538 1699; x_wconf 90' lang='lat' dir='ltr'>meis</span> <span class='ocrx_word' id='word_1_148' title='bbox 561 1637 659 1700; x_wconf 90' lang='lat' dir='ltr'>literis</span> <span class='ocrx_word' id='word_1_149' title='bbox 683 1657 702 1698; x_wconf 97' lang='lat' dir='ltr'>a</span> <span class='ocrx_word' id='word_1_150' title='bbox 724 1657 773 1699; x_wconf 92' lang='lat' dir='ltr'>me</span> <span class='ocrx_word' id='word_1_151' title='bbox 799 1637 922 1699; x_wconf 82' lang='lat' dir='ltr'>maximi</span> <span class='ocrx_word' id='word_1_152' title='bbox 951 1638 1031 1711; x_wconf 84' lang='lat' dir='ltr'>fieri,</span> <span class='ocrx_word' id='word_1_153' title='bbox 1063 1638 1123 1700; x_wconf 93' lang='lat' dir='ltr'>illis</span> <span class='ocrx_word' id='word_1_154' title='bbox 1146 1638 1221 1718; x_wconf 90' lang='lat' dir='ltr'>ipsis</span> <span class='ocrx_word' id='word_1_155' title='bbox 1244 1640 1319 1702; x_wconf 92' lang='lat' dir='ltr'>meis</span> <span class='ocrx_word' id='word_1_156' title='bbox 1344 1642 1440 1703; x_wconf 91' lang='lat' dir='ltr'>literis</span> 
     </span>
     <span class='ocr_line' id='line_1_16' title="bbox 102 1725 1438 1807; baseline 0.002 -18"><span class='ocrx_word' id='word_1_157' title='bbox 102 1736 218 1789; x_wconf 75' lang='lat' dir='ltr'>rantum</span> <span class='ocrx_word' id='word_1_158' title='bbox 242 1728 342 1807; x_wconf 88' lang='lat' dir='ltr'>potuit</span> <span class='ocrx_word' id='word_1_159' title='bbox 364 1726 587 1789; x_wconf 87' lang='lat' dir='ltr'>dehonestavit.</span> <span class='ocrx_word' id='word_1_160' title='bbox 634 1725 686 1788; x_wconf 85' lang='lat' dir='ltr'>Sic</span> <span class='ocrx_word' id='word_1_161' title='bbox 711 1726 849 1787; x_wconf 89' lang='lat' dir='ltr'>nimirum</span> <span class='ocrx_word' id='word_1_162' title='bbox 872 1726 931 1806; x_wconf 90' lang='lat' dir='ltr'>ipsi</span> <span class='ocrx_word' id='word_1_163' title='bbox 954 1746 1001 1787; x_wconf 87' lang='lat' dir='ltr'>me</span> <span class='ocrx_word' id='word_1_164' title='bbox 1026 1726 1063 1787; x_wconf 92' lang='lat' dir='ltr'>de</span> <span class='ocrx_word' id='word_1_165' title='bbox 1085 1727 1211 1788; x_wconf 92' lang='lat' dir='ltr'>laudato</span> <span class='ocrx_word' id='word_1_166' title='bbox 1240 1728 1359 1791; x_wconf 90' lang='lat' dir='ltr'>inimico</span> <span class='ocrx_word' id='word_1_167' title='bbox 1384 1750 1438 1792; x_wconf 89' lang='lat' dir='ltr'>suo</span> 
     </span>
     <span class='ocr_line' id='line_1_17' title="bbox 102 1814 1439 1896; baseline 0.001 -18"><span class='ocrx_word' id='word_1_168' title='bbox 102 1815 191 1878; x_wconf 75' lang='lat' dir='ltr'>acuit</span> <span class='ocrx_word' id='word_1_169' title='bbox 222 1815 338 1877; x_wconf 87' lang='lat' dir='ltr'>ulcisci.</span> <span class='ocrx_word' id='word_1_170' title='bbox 384 1814 446 1878; x_wconf 88' lang='lat' dir='ltr'>Sed</span> <span class='ocrx_word' id='word_1_171' title='bbox 481 1834 576 1896; x_wconf 89' lang='lat' dir='ltr'>neque</span> <span class='ocrx_word' id='word_1_172' title='bbox 605 1815 682 1876; x_wconf 90' lang='lat' dir='ltr'>satis</span> <span class='ocrx_word' id='word_1_173' title='bbox 711 1814 812 1876; x_wconf 90' lang='lat' dir='ltr'>mirari</span> <span class='ocrx_word' id='word_1_174' title='bbox 844 1833 967 1894; x_wconf 92' lang='lat' dir='ltr'>possum</span> <span class='ocrx_word' id='word_1_175' title='bbox 999 1815 1158 1877; x_wconf 89' lang='lat' dir='ltr'>consilium</span> <span class='ocrx_word' id='word_1_176' title='bbox 1187 1815 1333 1878; x_wconf 88' lang='lat' dir='ltr'>hominis:</span> <span class='ocrx_word' id='word_1_177' title='bbox 1368 1819 1439 1880; x_wconf 90' lang='lat' dir='ltr'>dnm</span> 
     </span>
     <span class='ocr_line' id='line_1_18' title="bbox 102 1901 1439 1986; baseline 0.001 -20"><span class='ocrx_word' id='word_1_178' title='bbox 102 1904 231 1966; x_wconf 86' lang='lat' dir='ltr'>meilium</span> <span class='ocrx_word' id='word_1_179' title='bbox 255 1923 353 1966; x_wconf 89' lang='lat' dir='ltr'>meum</span> <span class='ocrx_word' id='word_1_180' title='bbox 375 1903 456 1967; x_wconf 87' lang='lat' dir='ltr'>illius</span> <span class='ocrx_word' id='word_1_181' title='bbox 480 1904 691 1986; x_wconf 89' lang='lat' dir='ltr'>hyperbolicae</span> <span class='ocrx_word' id='word_1_182' title='bbox 715 1904 899 1965; x_wconf 88' lang='lat' dir='ltr'>laudationis</span> <span class='ocrx_word' id='word_1_183' title='bbox 922 1904 1046 1965; x_wconf 85' lang='lat' dir='ltr'>ventilo.</span> <span class='ocrx_word' id='word_1_184' title='bbox 1094 1901 1195 1973; x_wconf 84' lang='lat' dir='ltr'>Quid?</span> <span class='ocrx_word' id='word_1_185' title='bbox 1221 1905 1347 1968; x_wconf 90' lang='lat' dir='ltr'>Tantine</span> <span class='ocrx_word' id='word_1_186' title='bbox 1365 1907 1439 1968; x_wconf 86' lang='lat' dir='ltr'>facit</span> 
     </span>
     <span class='ocr_line' id='line_1_19' title="bbox 102 1992 1436 2075; baseline 0.001 -20"><span class='ocrx_word' id='word_1_187' title='bbox 102 2000 135 2055; x_wconf 81' lang='lat' dir='ltr'>ta</span> <span class='ocrx_word' id='word_1_188' title='bbox 158 2012 228 2054; x_wconf 90' lang='lat' dir='ltr'>mea</span> <span class='ocrx_word' id='word_1_189' title='bbox 250 1993 431 2072; x_wconf 90' lang='lat' dir='ltr'>praeconia?</span> <span class='ocrx_word' id='word_1_190' title='bbox 459 1993 504 2054; x_wconf 83' lang='lat' dir='ltr'>At</span> <span class='ocrx_word' id='word_1_191' title='bbox 526 1993 610 2072; x_wconf 89' lang='lat' dir='ltr'>cujus</span> <span class='ocrx_word' id='word_1_192' title='bbox 635 1992 780 2053; x_wconf 90' lang='lat' dir='ltr'>hominis?</span> <span class='ocrx_word' id='word_1_193' title='bbox 818 1992 852 2053; x_wconf 91' lang='lat' dir='ltr'>Si</span> <span class='ocrx_word' id='word_1_194' title='bbox 876 1992 921 2052; x_wconf 91' lang='lat' dir='ltr'>vir</span> <span class='ocrx_word' id='word_1_195' title='bbox 945 2001 1043 2065; x_wconf 90' lang='lat' dir='ltr'>esset,</span> <span class='ocrx_word' id='word_1_196' title='bbox 1068 2000 1287 2067; x_wconf 86' lang='lat' dir='ltr'>contemneret,</span> <span class='ocrx_word' id='word_1_197' title='bbox 1314 1996 1340 2056; x_wconf 90' lang='lat' dir='ltr'>si</span> <span class='ocrx_word' id='word_1_198' title='bbox 1364 2014 1436 2075; x_wconf 91' lang='lat' dir='ltr'>pru-</span> 
     </span>
     <span class='ocr_line' id='line_1_20' title="bbox 102 2079 1438 2161; baseline 0.001 -19"><span class='ocrx_word' id='word_1_199' title='bbox 102 2101 161 2156; x_wconf 73' lang='lat' dir='ltr'>ine,</span> <span class='ocrx_word' id='word_1_200' title='bbox 187 2101 246 2142; x_wconf 92' lang='lat' dir='ltr'>uon</span> <span class='ocrx_word' id='word_1_201' title='bbox 270 2082 452 2143; x_wconf 85' lang='lat' dir='ltr'>venditaret.</span> <span class='ocrx_word' id='word_1_202' title='bbox 500 2079 690 2151; x_wconf 80' lang='lat' dir='ltr'>Quaerebam</span> <span class='ocrx_word' id='word_1_203' title='bbox 715 2080 858 2141; x_wconf 90' lang='lat' dir='ltr'>obscurus</span> <span class='ocrx_word' id='word_1_204' title='bbox 888 2099 943 2159; x_wconf 90' lang='lat' dir='ltr'>ego</span> <span class='ocrx_word' id='word_1_205' title='bbox 968 2081 1155 2161; x_wconf 86' lang='lat' dir='ltr'>laudatorem</span> <span class='ocrx_word' id='word_1_206' title='bbox 1179 2081 1291 2144; x_wconf 89' lang='lat' dir='ltr'>clarum</span> <span class='ocrx_word' id='word_1_207' title='bbox 1314 2083 1438 2144; x_wconf 88' lang='lat' dir='ltr'>vixdum</span> 
     </span>
     <span class='ocr_line' id='line_1_21' title="bbox 102 2169 1436 2247; baseline 0.001 -15"><span class='ocrx_word' id='word_1_208' title='bbox 102 2169 138 2232; x_wconf 85' lang='lat' dir='ltr'>rti</span> <span class='ocrx_word' id='word_1_209' title='bbox 161 2171 289 2243; x_wconf 86' lang='lat' dir='ltr'>inventi,</span> <span class='ocrx_word' id='word_1_210' title='bbox 312 2170 520 2231; x_wconf 81' lang='lat' dir='ltr'>mendicabam</span> <span class='ocrx_word' id='word_1_211' title='bbox 544 2170 582 2230; x_wconf 90' lang='lat' dir='ltr'>ab</span> <span class='ocrx_word' id='word_1_212' title='bbox 607 2170 672 2247; x_wconf 92' lang='lat' dir='ltr'>ipso</span> <span class='ocrx_word' id='word_1_213' title='bbox 697 2170 815 2247; x_wconf 89' lang='lat' dir='ltr'>stipem,</span> <span class='ocrx_word' id='word_1_214' title='bbox 841 2186 910 2229; x_wconf 88' lang='lat' dir='ltr'>ecce</span> <span class='ocrx_word' id='word_1_215' title='bbox 936 2169 1045 2247; x_wconf 87' lang='lat' dir='ltr'>stipem</span> <span class='ocrx_word' id='word_1_216' title='bbox 1065 2169 1130 2247; x_wconf 90' lang='lat' dir='ltr'>ipse</span> <span class='ocrx_word' id='word_1_217' title='bbox 1147 2170 1282 2231; x_wconf 89' lang='lat' dir='ltr'>mendico</span> <span class='ocrx_word' id='word_1_218' title='bbox 1298 2173 1436 2234; x_wconf 86' lang='lat' dir='ltr'>extorsit.</span> 
     </span>
     <span class='ocr_line' id='line_1_22' title="bbox 102 2256 1436 2336; baseline 0 -16"><span class='ocrx_word' id='word_1_219' title='bbox 102 2268 308 2336; x_wconf 75' lang='lat' dir='ltr'>raeceptorem</span> <span class='ocrx_word' id='word_1_220' title='bbox 324 2257 402 2332; x_wconf 79' lang='lat' dir='ltr'>diai3</span> <span class='ocrx_word' id='word_1_221' title='bbox 426 2277 483 2319; x_wconf 91' lang='lat' dir='ltr'>nae</span> <span class='ocrx_word' id='word_1_222' title='bbox 505 2276 629 2336; x_wconf 89' lang='lat' dir='ltr'>parvam</span> <span class='ocrx_word' id='word_1_223' title='bbox 655 2257 737 2318; x_wconf 86' lang='lat' dir='ltr'>laudi</span> <span class='ocrx_word' id='word_1_224' title='bbox 758 2257 962 2318; x_wconf 90' lang='lat' dir='ltr'>accessionem</span> <span class='ocrx_word' id='word_1_225' title='bbox 986 2256 1060 2317; x_wconf 86' lang='lat' dir='ltr'>facit</span> <span class='ocrx_word' id='word_1_226' title='bbox 1083 2275 1120 2319; x_wconf 85' lang='lat' dir='ltr'>ex</span> <span class='ocrx_word' id='word_1_227' title='bbox 1145 2258 1318 2320; x_wconf 85' lang='lat' dir='ltr'>adulatione</span> <span class='ocrx_word' id='word_1_228' title='bbox 1343 2260 1436 2322; x_wconf 89' lang='lat' dir='ltr'>disci-</span> 
     </span>
     <span class='ocr_line' id='line_1_23' title="bbox 102 2345 1436 2425; baseline 0.001 -15"><span class='ocrx_word' id='word_1_229' title='bbox 102 2346 146 2411; x_wconf 87' lang='lat' dir='ltr'>rli.</span> <span class='ocrx_word' id='word_1_230' title='bbox 196 2345 333 2417; x_wconf 84' lang='lat' dir='ltr'>Quaerat</span> <span class='ocrx_word' id='word_1_231' title='bbox 356 2365 457 2408; x_wconf 91' lang='lat' dir='ltr'>eorum</span> <span class='ocrx_word' id='word_1_232' title='bbox 487 2345 664 2424; x_wconf 89' lang='lat' dir='ltr'>praeconia,</span> <span class='ocrx_word' id='word_1_233' title='bbox 695 2345 800 2424; x_wconf 91' lang='lat' dir='ltr'>quise</span> <span class='ocrx_word' id='word_1_234' title='bbox 828 2355 1040 2423; x_wconf 87' lang='lat' dir='ltr'>praeceptores</span> <span class='ocrx_word' id='word_1_235' title='bbox 1074 2345 1168 2425; x_wconf 89' lang='lat' dir='ltr'>ipsius</span> <span class='ocrx_word' id='word_1_236' title='bbox 1192 2347 1300 2410; x_wconf 83' lang='lat' dir='ltr'>serunt.</span> <span class='ocrx_word' id='word_1_237' title='bbox 1348 2346 1436 2418; x_wconf 86' lang='lat' dir='ltr'>Quod</span> 
     </span>
     <span class='ocr_line' id='line_1_24' title="bbox 123 2434 1435 2514; baseline 0.001 -17"><span class='ocrx_word' id='word_1_238' title='bbox 123 2436 199 2497; x_wconf 90' lang='lat' dir='ltr'>mihi</span> <span class='ocrx_word' id='word_1_239' title='bbox 222 2444 325 2514; x_wconf 90' lang='lat' dir='ltr'>partes</span> <span class='ocrx_word' id='word_1_240' title='bbox 345 2435 456 2514; x_wconf 89' lang='lat' dir='ltr'>judicis</span> <span class='ocrx_word' id='word_1_241' title='bbox 479 2434 576 2495; x_wconf 90' lang='lat' dir='ltr'>tradit</span> <span class='ocrx_word' id='word_1_242' title='bbox 599 2435 668 2508; x_wconf 90' lang='lat' dir='ltr'>(nec</span> <span class='ocrx_word' id='word_1_243' title='bbox 692 2434 826 2511; x_wconf 84' lang='lat' dir='ltr'>apertius</span> <span class='ocrx_word' id='word_1_244' title='bbox 849 2434 880 2494; x_wconf 93' lang='lat' dir='ltr'>id</span> <span class='ocrx_word' id='word_1_245' title='bbox 902 2434 1066 2512; x_wconf 88' lang='lat' dir='ltr'>potuisset,</span> <span class='ocrx_word' id='word_1_246' title='bbox 1101 2453 1188 2513; x_wconf 89' lang='lat' dir='ltr'>quam</span> <span class='ocrx_word' id='word_1_247' title='bbox 1211 2435 1255 2496; x_wconf 90' lang='lat' dir='ltr'>sic</span> <span class='ocrx_word' id='word_1_248' title='bbox 1279 2442 1435 2499; x_wconf 87' lang='lat' dir='ltr'>ostentata</span> 
     </span>
     <span class='ocr_line' id='line_1_25' title="bbox 102 2521 1433 2605; baseline 0.001 -19"><span class='ocrx_word' id='word_1_249' title='bbox 102 2543 142 2587; x_wconf 87' lang='lat' dir='ltr'>ea</span> <span class='ocrx_word' id='word_1_250' title='bbox 165 2524 326 2605; x_wconf 90' lang='lat' dir='ltr'>epistola),</span> <span class='ocrx_word' id='word_1_251' title='bbox 351 2523 438 2597; x_wconf 90' lang='lat' dir='ltr'>sciat,</span> <span class='ocrx_word' id='word_1_252' title='bbox 458 2524 521 2603; x_wconf 89' lang='lat' dir='ltr'>jam</span> <span class='ocrx_word' id='word_1_253' title='bbox 546 2522 617 2583; x_wconf 91' lang='lat' dir='ltr'>mihi</span> <span class='ocrx_word' id='word_1_254' title='bbox 642 2521 717 2583; x_wconf 88' lang='lat' dir='ltr'>alios</span> <span class='ocrx_word' id='word_1_255' title='bbox 741 2539 830 2601; x_wconf 86' lang='lat' dir='ltr'>quam</span> <span class='ocrx_word' id='word_1_256' title='bbox 855 2521 992 2604; x_wconf 89' lang='lat' dir='ltr'>discipuli</span> <span class='ocrx_word' id='word_1_257' title='bbox 1020 2542 1118 2583; x_wconf 91' lang='lat' dir='ltr'>mores</span> <span class='ocrx_word' id='word_1_258' title='bbox 1143 2532 1322 2602; x_wconf 87' lang='lat' dir='ltr'>competere.</span> <span class='ocrx_word' id='word_1_259' title='bbox 1370 2526 1433 2587; x_wconf 90' lang='lat' dir='ltr'>To-</span> 
     </span>
     <span class='ocr_line' id='line_1_26' title="bbox 102 2610 1433 2692; baseline 0 -17"><span class='ocrx_word' id='word_1_260' title='bbox 102 2622 189 2675; x_wconf 83' lang='lat' dir='ltr'>ratur</span> <span class='ocrx_word' id='word_1_261' title='bbox 211 2613 241 2674; x_wconf 93' lang='lat' dir='ltr'>iu</span> <span class='ocrx_word' id='word_1_262' title='bbox 268 2612 414 2692; x_wconf 90' lang='lat' dir='ltr'>discipulo</span> <span class='ocrx_word' id='word_1_263' title='bbox 438 2621 586 2690; x_wconf 88' lang='lat' dir='ltr'>utcunque</span> <span class='ocrx_word' id='word_1_264' title='bbox 606 2610 749 2683; x_wconf 90' lang='lat' dir='ltr'>adulatio,</span> <span class='ocrx_word' id='word_1_265' title='bbox 776 2611 802 2670; x_wconf 92' lang='lat' dir='ltr'>si</span> <span class='ocrx_word' id='word_1_266' title='bbox 826 2630 864 2670; x_wconf 86' lang='lat' dir='ltr'>ex</span> <span class='ocrx_word' id='word_1_267' title='bbox 887 2610 1024 2688; x_wconf 91' lang='lat' dir='ltr'>opinione</span> <span class='ocrx_word' id='word_1_268' title='bbox 1039 2613 1253 2690; x_wconf 86' lang='lat' dir='ltr'>praeceptoris,</span> <span class='ocrx_word' id='word_1_269' title='bbox 1279 2631 1317 2674; x_wconf 83' lang='lat' dir='ltr'>ex</span> <span class='ocrx_word' id='word_1_270' title='bbox 1332 2633 1433 2675; x_wconf 87' lang='lat' dir='ltr'>amore</span> 
     </span>
     <span class='ocr_line' id='line_1_27' title="bbox 102 2698 1433 2778; baseline -0.001 -13"><span class='ocrx_word' id='word_1_271' title='bbox 102 2702 213 2765; x_wconf 80' lang='lat' dir='ltr'>retecta</span> <span class='ocrx_word' id='word_1_272' title='bbox 232 2702 271 2762; x_wconf 91' lang='lat' dir='ltr'>ad</span> <span class='ocrx_word' id='word_1_273' title='bbox 295 2702 383 2762; x_wconf 89' lang='lat' dir='ltr'>finem</span> <span class='ocrx_word' id='word_1_274' title='bbox 407 2700 542 2761; x_wconf 88' lang='lat' dir='ltr'>discendi</span> <span class='ocrx_word' id='word_1_275' title='bbox 561 2699 717 2778; x_wconf 81' lang='lat' dir='ltr'>dirigatur.</span> <span class='ocrx_word' id='word_1_276' title='bbox 763 2699 797 2759; x_wconf 93' lang='lat' dir='ltr'>lu</span> <span class='ocrx_word' id='word_1_277' title='bbox 816 2698 918 2778; x_wconf 88' lang='lat' dir='ltr'>judice</span> <span class='ocrx_word' id='word_1_278' title='bbox 937 2700 1072 2760; x_wconf 87' lang='lat' dir='ltr'>adulatio</span> <span class='ocrx_word' id='word_1_279' title='bbox 1087 2700 1233 2778; x_wconf 89' lang='lat' dir='ltr'>flagitium</span> <span class='ocrx_word' id='word_1_280' title='bbox 1250 2710 1307 2763; x_wconf 88' lang='lat' dir='ltr'>est.</span> <span class='ocrx_word' id='word_1_281' title='bbox 1346 2701 1433 2772; x_wconf 87' lang='lat' dir='ltr'>Quae</span> 
     </span>
     <span class='ocr_line' id='line_1_28' title="bbox 102 2787 1433 2867; baseline -0.001 -14"><span class='ocrx_word' id='word_1_282' title='bbox 102 2790 302 2853; x_wconf 73' lang='lat' dir='ltr'>&#39;rescribenda</span> <span class='ocrx_word' id='word_1_283' title='bbox 330 2789 421 2862; x_wconf 85' lang='lat' dir='ltr'>duri,</span> <span class='ocrx_word' id='word_1_284' title='bbox 455 2797 489 2849; x_wconf 90' lang='lat' dir='ltr'>ut</span> <span class='ocrx_word' id='word_1_285' title='bbox 512 2788 650 2867; x_wconf 89' lang='lat' dir='ltr'>quamvis</span> <span class='ocrx_word' id='word_1_286' title='bbox 681 2794 819 2866; x_wconf 87' lang='lat' dir='ltr'>praestat</span> <span class='ocrx_word' id='word_1_287' title='bbox 847 2787 1020 2849; x_wconf 88' lang='lat' dir='ltr'>securitatis</span> <span class='ocrx_word' id='word_1_288' title='bbox 1048 2807 1155 2863; x_wconf 88' lang='lat' dir='ltr'>causa,</span> <span class='ocrx_word' id='word_1_289' title='bbox 1189 2790 1433 2852; x_wconf 88' lang='lat' dir='ltr'>nocentissimum</span> 
     </span>
     <span class='ocr_line' id='line_1_29' title="bbox 102 2875 1431 2960; baseline 0.001 -21"><span class='ocrx_word' id='word_1_290' title='bbox 102 2897 218 2960; x_wconf 85' lang='lat' dir='ltr'>nemque</span> <span class='ocrx_word' id='word_1_291' title='bbox 238 2878 310 2939; x_wconf 92' lang='lat' dir='ltr'>mihi</span> <span class='ocrx_word' id='word_1_292' title='bbox 333 2878 486 2938; x_wconf 91' lang='lat' dir='ltr'>minimum</span> <span class='ocrx_word' id='word_1_293' title='bbox 511 2876 619 2948; x_wconf 89' lang='lat' dir='ltr'>irasci,</span> <span class='ocrx_word' id='word_1_294' title='bbox 642 2883 743 2937; x_wconf 88' lang='lat' dir='ltr'>tamen</span> <span class='ocrx_word' id='word_1_295' title='bbox 767 2876 793 2936; x_wconf 91' lang='lat' dir='ltr'>si</span> <span class='ocrx_word' id='word_1_296' title='bbox 817 2894 874 2935; x_wconf 95' lang='lat' dir='ltr'>uou</span> <span class='ocrx_word' id='word_1_297' title='bbox 900 2875 989 2938; x_wconf 90' lang='lat' dir='ltr'>aliter</span> <span class='ocrx_word' id='word_1_298' title='bbox 1012 2876 1116 2937; x_wconf 91' lang='lat' dir='ltr'>honori</span> <span class='ocrx_word' id='word_1_299' title='bbox 1141 2884 1192 2938; x_wconf 93' lang='lat' dir='ltr'>tuo</span> <span class='ocrx_word' id='word_1_300' title='bbox 1217 2878 1331 2939; x_wconf 91' lang='lat' dir='ltr'>consuli</span> <span class='ocrx_word' id='word_1_301' title='bbox 1357 2898 1431 2959; x_wconf 90' lang='lat' dir='ltr'>pos-</span> 
     </span>
     <span class='ocr_line' id='line_1_30' title="bbox 101 2963 1434 3044; baseline 0.001 -17"><span class='ocrx_word' id='word_1_302' title='bbox 101 2965 133 3041; x_wconf 85' lang='lat' dir='ltr'>it,</span> <span class='ocrx_word' id='word_1_303' title='bbox 163 2968 291 3029; x_wconf 88' lang='lat' dir='ltr'>haberes</span> <span class='ocrx_word' id='word_1_304' title='bbox 324 2966 479 3028; x_wconf 88' lang='lat' dir='ltr'>arbitrium</span> <span class='ocrx_word' id='word_1_305' title='bbox 511 2966 683 3044; x_wconf 90' lang='lat' dir='ltr'>publicatae</span> <span class='ocrx_word' id='word_1_306' title='bbox 717 2964 882 3025; x_wconf 88' lang='lat' dir='ltr'>calumniae</span> <span class='ocrx_word' id='word_1_307' title='bbox 912 2963 1031 3042; x_wconf 90' lang='lat' dir='ltr'>publice</span> <span class='ocrx_word' id='word_1_308' title='bbox 1063 2963 1181 3024; x_wconf 90' lang='lat' dir='ltr'>obviam</span> <span class='ocrx_word' id='word_1_309' title='bbox 1216 2966 1314 3027; x_wconf 91' lang='lat' dir='ltr'>eundi.</span> <span class='ocrx_word' id='word_1_310' title='bbox 1367 2966 1434 3030; x_wconf 78' lang='lat' dir='ltr'>sed</span> 
     </span>
     <span class='ocr_line' id='line_1_31' title="bbox 102 3053 1433 3134; baseline 0.004 -22"><span class='ocrx_word' id='word_1_311' title='bbox 102 3053 194 3118; x_wconf 83' lang='lat' dir='ltr'>nissum</span> <span class='ocrx_word' id='word_1_312' title='bbox 217 3056 339 3117; x_wconf 88' lang='lat' dir='ltr'>tandem</span> <span class='ocrx_word' id='word_1_313' title='bbox 363 3055 461 3133; x_wconf 92' lang='lat' dir='ltr'>ipsum</span> <span class='ocrx_word' id='word_1_314' title='bbox 486 3055 644 3115; x_wconf 81' lang='lat' dir='ltr'>faciamus.</span> <span class='ocrx_word' id='word_1_315' title='bbox 686 3054 750 3114; x_wconf 76' lang='lat' dir='ltr'>Nec</span> <span class='ocrx_word' id='word_1_316' title='bbox 774 3053 852 3113; x_wconf 89' lang='lat' dir='ltr'>euim</span> <span class='ocrx_word' id='word_1_317' title='bbox 877 3071 967 3131; x_wconf 91' lang='lat' dir='ltr'>quam</span> <span class='ocrx_word' id='word_1_318' title='bbox 991 3053 1055 3131; x_wconf 91' lang='lat' dir='ltr'>ipse</span> <span class='ocrx_word' id='word_1_319' title='bbox 1073 3053 1160 3128; x_wconf 90' lang='lat' dir='ltr'>male,</span> <span class='ocrx_word' id='word_1_320' title='bbox 1186 3054 1238 3114; x_wconf 90' lang='lat' dir='ltr'>sed</span> <span class='ocrx_word' id='word_1_321' title='bbox 1264 3073 1352 3134; x_wconf 92' lang='lat' dir='ltr'>quam</span> <span class='ocrx_word' id='word_1_322' title='bbox 1376 3074 1433 3134; x_wconf 86' lang='lat' dir='ltr'>ego</span> 
     </span>
     <span class='ocr_line' id='line_1_32' title="bbox 102 3140 1432 3224; baseline 0.003 -22"><span class='ocrx_word' id='word_1_323' title='bbox 102 3160 149 3205; x_wconf 81' lang='lat' dir='ltr'>ere</span> <span class='ocrx_word' id='word_1_324' title='bbox 171 3145 301 3218; x_wconf 86' lang='lat' dir='ltr'>iecerim,</span> <span class='ocrx_word' id='word_1_325' title='bbox 326 3143 488 3224; x_wconf 91' lang='lat' dir='ltr'>quaeritur.</span> <span class='ocrx_word' id='word_1_326' title='bbox 534 3143 576 3204; x_wconf 87' lang='lat' dir='ltr'>Et</span> <span class='ocrx_word' id='word_1_327' title='bbox 598 3150 680 3203; x_wconf 88' lang='lat' dir='ltr'>sunt·</span> <span class='ocrx_word' id='word_1_328' title='bbox 693 3140 810 3219; x_wconf 91' lang='lat' dir='ltr'>quidem</span> <span class='ocrx_word' id='word_1_329' title='bbox 834 3141 864 3202; x_wconf 93' lang='lat' dir='ltr'>iu</span> <span class='ocrx_word' id='word_1_330' title='bbox 878 3141 932 3202; x_wconf 92' lang='lat' dir='ltr'>illa</span> <span class='ocrx_word' id='word_1_331' title='bbox 946 3160 1014 3201; x_wconf 91' lang='lat' dir='ltr'>mea</span> <span class='ocrx_word' id='word_1_332' title='bbox 1028 3141 1157 3220; x_wconf 88' lang='lat' dir='ltr'>epistola</span> <span class='ocrx_word' id='word_1_333' title='bbox 1179 3143 1331 3223; x_wconf 88' lang='lat' dir='ltr'>pleraque,</span> <span class='ocrx_word' id='word_1_334' title='bbox 1357 3163 1432 3224; x_wconf 90' lang='lat' dir='ltr'>quae</span> 
     </span>
     <span class='ocr_line' id='line_1_33' title="bbox 102 3227 1431 3312; baseline 0.005 -24"><span class='ocrx_word' id='word_1_335' title='bbox 102 3227 201 3306; x_wconf 81' lang='lat' dir='ltr'>lelandi,</span> <span class='ocrx_word' id='word_1_336' title='bbox 226 3234 337 3311; x_wconf 86' lang='lat' dir='ltr'>aliqua,</span> <span class='ocrx_word' id='word_1_337' title='bbox 363 3252 438 3312; x_wconf 92' lang='lat' dir='ltr'>quae</span> <span class='ocrx_word' id='word_1_338' title='bbox 454 3230 602 3304; x_wconf 80' lang='lat' dir='ltr'>excusari,</span> <span class='ocrx_word' id='word_1_339' title='bbox 617 3230 727 3309; x_wconf 90' lang='lat' dir='ltr'>aliqua,</span> <span class='ocrx_word' id='word_1_340' title='bbox 752 3248 828 3310; x_wconf 89' lang='lat' dir='ltr'>quae</span> <span class='ocrx_word' id='word_1_341' title='bbox 842 3230 975 3308; x_wconf 88' lang='lat' dir='ltr'>pessima</span> <span class='ocrx_word' id='word_1_342' title='bbox 989 3230 1158 3308; x_wconf 89' lang='lat' dir='ltr'>suspicione</span> <span class='ocrx_word' id='word_1_343' title='bbox 1173 3231 1294 3293; x_wconf 88' lang='lat' dir='ltr'>liberari</span> <span class='ocrx_word' id='word_1_344' title='bbox 1310 3231 1431 3294; x_wconf 88' lang='lat' dir='ltr'>debent.</span> 
     </span>
    </p>

    <p class='ocr_par' dir='ltr' id='par_1_4' title="bbox 102 3318 1430 4914">
     <span class='ocr_line' id='line_1_34' title="bbox 160 3318 1430 3400; baseline 0 -17"><span class='ocrx_word' id='word_1_345' title='bbox 160 3321 321 3384; x_wconf 88' lang='lat' dir='ltr'>Ordiamur</span> <span class='ocrx_word' id='word_1_346' title='bbox 352 3322 390 3382; x_wconf 91' lang='lat' dir='ltr'>ab</span> <span class='ocrx_word' id='word_1_347' title='bbox 424 3340 473 3395; x_wconf 91' lang='lat' dir='ltr'>eo,</span> <span class='ocrx_word' id='word_1_348' title='bbox 508 3320 586 3400; x_wconf 91' lang='lat' dir='ltr'>qnod</span> <span class='ocrx_word' id='word_1_349' title='bbox 619 3318 829 3398; x_wconf 89' lang='lat' dir='ltr'>gravissimum</span> <span class='ocrx_word' id='word_1_350' title='bbox 863 3327 925 3379; x_wconf 85' lang='lat' dir='ltr'>est:</span> <span class='ocrx_word' id='word_1_351' title='bbox 961 3320 1041 3397; x_wconf 93' lang='lat' dir='ltr'>quod</span> <span class='ocrx_word' id='word_1_352' title='bbox 1072 3337 1180 3398; x_wconf 91' lang='lat' dir='ltr'>nempe</span> <span class='ocrx_word' id='word_1_353' title='bbox 1213 3320 1329 3382; x_wconf 89' lang='lat' dir='ltr'>crimini</span> <span class='ocrx_word' id='word_1_354' title='bbox 1359 3322 1430 3383; x_wconf 91' lang='lat' dir='ltr'>mihi</span> 
     </span>
     <span class='ocr_line' id='line_1_35' title="bbox 102 3403 1430 3491; baseline 0.003 -23"><span class='ocrx_word' id='word_1_355' title='bbox 102 3403 139 3484; x_wconf 81' lang='lat' dir='ltr'>ius,</span> <span class='ocrx_word' id='word_1_356' title='bbox 161 3420 371 3489; x_wconf 91' lang='lat' dir='ltr'>contraquam</span> <span class='ocrx_word' id='word_1_357' title='bbox 389 3408 535 3471; x_wconf 89' lang='lat' dir='ltr'>senserim</span> <span class='ocrx_word' id='word_1_358' title='bbox 559 3408 587 3469; x_wconf 92' lang='lat' dir='ltr'>iu</span> <span class='ocrx_word' id='word_1_359' title='bbox 609 3427 642 3469; x_wconf 92' lang='lat' dir='ltr'>os</span> <span class='ocrx_word' id='word_1_360' title='bbox 667 3407 726 3487; x_wconf 87' lang='lat' dir='ltr'>ipsi</span> <span class='ocrx_word' id='word_1_361' title='bbox 749 3409 891 3468; x_wconf 89' lang='lat' dir='ltr'>locutum.</span> <span class='ocrx_word' id='word_1_362' title='bbox 940 3405 1028 3477; x_wconf 84' lang='lat' dir='ltr'>Quod</span> <span class='ocrx_word' id='word_1_363' title='bbox 1052 3408 1120 3468; x_wconf 92' lang='lat' dir='ltr'>dum</span> <span class='ocrx_word' id='word_1_364' title='bbox 1144 3409 1225 3487; x_wconf 88' lang='lat' dir='ltr'>agis,</span> <span class='ocrx_word' id='word_1_365' title='bbox 1256 3410 1302 3470; x_wconf 90' lang='lat' dir='ltr'>ita</span> <span class='ocrx_word' id='word_1_366' title='bbox 1325 3410 1430 3491; x_wconf 91' lang='lat' dir='ltr'>loque-</span> 
     </span>
     <span class='ocr_line' id='line_1_36' title="bbox 102 3492 1430 3578; baseline -0.001 -17"><span class='ocrx_word' id='word_1_367' title='bbox 102 3492 180 3571; x_wconf 74' lang='lat' dir='ltr'>iant</span> <span class='ocrx_word' id='word_1_368' title='bbox 203 3499 277 3560; x_wconf 87' lang='lat' dir='ltr'>milri</span> <span class='ocrx_word' id='word_1_369' title='bbox 300 3498 555 3560; x_wconf 88' lang='lat' dir='ltr'>absolutissimum</span> <span class='ocrx_word' id='word_1_370' title='bbox 579 3497 616 3558; x_wconf 92' lang='lat' dir='ltr'>de</span> <span class='ocrx_word' id='word_1_371' title='bbox 640 3497 708 3557; x_wconf 84' lang='lat' dir='ltr'>aliis</span> <span class='ocrx_word' id='word_1_372' title='bbox 733 3496 880 3575; x_wconf 90' lang='lat' dir='ltr'>judicium</span> <span class='ocrx_word' id='word_1_373' title='bbox 905 3496 1035 3557; x_wconf 92' lang='lat' dir='ltr'>tribuere</span> <span class='ocrx_word' id='word_1_374' title='bbox 1059 3496 1203 3558; x_wconf 89' lang='lat' dir='ltr'>videaris.</span> <span class='ocrx_word' id='word_1_375' title='bbox 1251 3495 1350 3567; x_wconf 91' lang='lat' dir='ltr'>Quam</span> <span class='ocrx_word' id='word_1_376' title='bbox 1375 3517 1430 3578; x_wconf 92' lang='lat' dir='ltr'>ego</span> 
     </span>
     <span class='ocr_line' id='line_1_37' title="bbox 102 3584 1429 3667; baseline -0.001 -17"><span class='ocrx_word' id='word_1_377' title='bbox 102 3589 270 3667; x_wconf 71' lang='lat' dir='ltr'>marcionem</span> <span class='ocrx_word' id='word_1_378' title='bbox 294 3587 363 3656; x_wconf 90' lang='lat' dir='ltr'>sia</span> <span class='ocrx_word' id='word_1_379' title='bbox 385 3606 441 3659; x_wconf 91' lang='lat' dir='ltr'>me,</span> <span class='ocrx_word' id='word_1_380' title='bbox 467 3586 545 3666; x_wconf 91' lang='lat' dir='ltr'>quod</span> <span class='ocrx_word' id='word_1_381' title='bbox 567 3605 712 3667; x_wconf 90' lang='lat' dir='ltr'>perquam</span> <span class='ocrx_word' id='word_1_382' title='bbox 736 3584 824 3646; x_wconf 86' lang='lat' dir='ltr'>facile</span> <span class='ocrx_word' id='word_1_383' title='bbox 849 3592 906 3655; x_wconf 86' lang='lat' dir='ltr'>est,</span> <span class='ocrx_word' id='word_1_384' title='bbox 929 3603 1092 3659; x_wconf 86' lang='lat' dir='ltr'>removero,</span> <span class='ocrx_word' id='word_1_385' title='bbox 1117 3604 1228 3664; x_wconf 90' lang='lat' dir='ltr'>magua</span> <span class='ocrx_word' id='word_1_386' title='bbox 1246 3594 1333 3664; x_wconf 91' lang='lat' dir='ltr'>parte</span> <span class='ocrx_word' id='word_1_387' title='bbox 1356 3606 1429 3665; x_wconf 92' lang='lat' dir='ltr'>pur-</span> 
     </span>
     <span class='ocr_line' id='line_1_38' title="bbox 102 3673 1428 3753; baseline -0.006 -11"><span class='ocrx_word' id='word_1_388' title='bbox 102 3677 198 3744; x_wconf 71' lang='lat' dir='ltr'>ttlionis</span> <span class='ocrx_word' id='word_1_389' title='bbox 229 3697 276 3738; x_wconf 92' lang='lat' dir='ltr'>me</span> <span class='ocrx_word' id='word_1_390' title='bbox 310 3676 483 3738; x_wconf 90' lang='lat' dir='ltr'>defunctum</span> <span class='ocrx_word' id='word_1_391' title='bbox 507 3694 574 3736; x_wconf 90' lang='lat' dir='ltr'>esse</span> <span class='ocrx_word' id='word_1_392' title='bbox 608 3674 728 3753; x_wconf 86' lang='lat' dir='ltr'>putabo.</span> <span class='ocrx_word' id='word_1_393' title='bbox 775 3673 895 3733; x_wconf 84' lang='lat' dir='ltr'>Etenim</span> <span class='ocrx_word' id='word_1_394' title='bbox 924 3673 973 3751; x_wconf 94' lang='lat' dir='ltr'>qui</span> <span class='ocrx_word' id='word_1_395' title='bbox 998 3673 1043 3733; x_wconf 90' lang='lat' dir='ltr'>vir</span> <span class='ocrx_word' id='word_1_396' title='bbox 1074 3674 1115 3734; x_wconf 91' lang='lat' dir='ltr'>sit</span> <span class='ocrx_word' id='word_1_397' title='bbox 1139 3674 1253 3746; x_wconf 88' lang='lat' dir='ltr'>Ursus,</span> <span class='ocrx_word' id='word_1_398' title='bbox 1283 3674 1428 3752; x_wconf 89' lang='lat' dir='ltr'>jamnon</span> 
     </span>
     <span class='ocr_line' id='line_1_39' title="bbox 102 3757 1430 3844; baseline -0.004 -15"><span class='ocrx_word' id='word_1_399' title='bbox 102 3757 223 3844; x_wconf 74' lang='lat' dir='ltr'>inputare</span> <span class='ocrx_word' id='word_1_400' title='bbox 247 3767 362 3844; x_wconf 88' lang='lat' dir='ltr'>placet,</span> <span class='ocrx_word' id='word_1_401' title='bbox 396 3774 479 3826; x_wconf 91' lang='lat' dir='ltr'>certe</span> <span class='ocrx_word' id='word_1_402' title='bbox 503 3783 560 3843; x_wconf 94' lang='lat' dir='ltr'>qno</span> <span class='ocrx_word' id='word_1_403' title='bbox 584 3774 718 3842; x_wconf 89' lang='lat' dir='ltr'>ternpore</span> <span class='ocrx_word' id='word_1_404' title='bbox 742 3761 901 3839; x_wconf 90' lang='lat' dir='ltr'>epistolam</span> <span class='ocrx_word' id='word_1_405' title='bbox 929 3761 1012 3822; x_wconf 89' lang='lat' dir='ltr'>illam</span> <span class='ocrx_word' id='word_1_406' title='bbox 1035 3761 1156 3840; x_wconf 91' lang='lat' dir='ltr'>scripsi,</span> <span class='ocrx_word' id='word_1_407' title='bbox 1186 3769 1218 3822; x_wconf 88' lang='lat' dir='ltr'>et</span> <span class='ocrx_word' id='word_1_408' title='bbox 1239 3762 1430 3824; x_wconf 86' lang='lat' dir='ltr'>imbecilliori</span> 
     </span>
     <span class='ocr_line' id='line_1_40' title="bbox 102 3848 1429 3936; baseline -0.003 -19"><span class='ocrx_word' id='word_1_409' title='bbox 102 3867 154 3917; x_wconf 76' lang='lat' dir='ltr'>tam</span> <span class='ocrx_word' id='word_1_410' title='bbox 171 3855 296 3936; x_wconf 89' lang='lat' dir='ltr'>judicio,</span> <span class='ocrx_word' id='word_1_411' title='bbox 320 3863 351 3916; x_wconf 90' lang='lat' dir='ltr'>et</span> <span class='ocrx_word' id='word_1_412' title='bbox 374 3872 431 3914; x_wconf 93' lang='lat' dir='ltr'>uon</span> <span class='ocrx_word' id='word_1_413' title='bbox 457 3871 561 3931; x_wconf 90' lang='lat' dir='ltr'>parum</span> <span class='ocrx_word' id='word_1_414' title='bbox 581 3852 637 3933; x_wconf 91' lang='lat' dir='ltr'>ipsi</span> <span class='ocrx_word' id='word_1_415' title='bbox 652 3852 715 3929; x_wconf 90' lang='lat' dir='ltr'>jaru</span> <span class='ocrx_word' id='word_1_416' title='bbox 740 3850 790 3909; x_wconf 92' lang='lat' dir='ltr'>diu</span> <span class='ocrx_word' id='word_1_417' title='bbox 814 3850 987 3910; x_wconf 89' lang='lat' dir='ltr'>tribueram.</span> <span class='ocrx_word' id='word_1_418' title='bbox 1035 3849 1130 3910; x_wconf 87' lang='lat' dir='ltr'>Venit</span> <span class='ocrx_word' id='word_1_419' title='bbox 1154 3848 1293 3912; x_wconf 88' lang='lat' dir='ltr'>Gratium</span> <span class='ocrx_word' id='word_1_420' title='bbox 1313 3851 1429 3913; x_wconf 90' lang='lat' dir='ltr'>Doctor</span> 
     </span>
     <span class='ocr_line' id='line_1_41' title="bbox 102 3938 1428 4024; baseline -0.003 -18"><span class='ocrx_word' id='word_1_421' title='bbox 102 3942 218 4024; x_wconf 76' lang='lat' dir='ltr'>llispiam</span> <span class='ocrx_word' id='word_1_422' title='bbox 243 3963 280 4004; x_wconf 85' lang='lat' dir='ltr'>ex</span> <span class='ocrx_word' id='word_1_423' title='bbox 303 3943 394 4004; x_wconf 91' lang='lat' dir='ltr'>ltalia</span> <span class='ocrx_word' id='word_1_424' title='bbox 417 3960 570 4016; x_wconf 89' lang='lat' dir='ltr'>reversus,</span> <span class='ocrx_word' id='word_1_425' title='bbox 606 3940 712 4002; x_wconf 92' lang='lat' dir='ltr'>librum</span> <span class='ocrx_word' id='word_1_426' title='bbox 736 3938 802 4018; x_wconf 89' lang='lat' dir='ltr'>ejus</span> <span class='ocrx_word' id='word_1_427' title='bbox 831 3938 902 3999; x_wconf 86' lang='lat' dir='ltr'>milri</span> <span class='ocrx_word' id='word_1_428' title='bbox 926 3938 1085 4014; x_wconf 88' lang='lat' dir='ltr'>exhibens,</span> <span class='ocrx_word' id='word_1_429' title='bbox 1119 3958 1205 4018; x_wconf 90' lang='lat' dir='ltr'>quem</span> <span class='ocrx_word' id='word_1_430' title='bbox 1229 3940 1330 4001; x_wconf 90' lang='lat' dir='ltr'>triduo</span> <span class='ocrx_word' id='word_1_431' title='bbox 1354 3959 1428 4003; x_wconf 91' lang='lat' dir='ltr'>con-</span> 
     </span>
     <span class='ocr_line' id='line_1_42' title="bbox 102 4027 1428 4113; baseline -0.002 -19"><span class='ocrx_word' id='word_1_432' title='bbox 102 4044 156 4095; x_wconf 78' lang='lat' dir='ltr'>tero</span> <span class='ocrx_word' id='word_1_433' title='bbox 178 4033 288 4113; x_wconf 86' lang='lat' dir='ltr'>raptim</span> <span class='ocrx_word' id='word_1_434' title='bbox 310 4050 524 4113; x_wconf 87' lang='lat' dir='ltr'>percurrerem,</span> <span class='ocrx_word' id='word_1_435' title='bbox 570 4031 604 4092; x_wconf 94' lang='lat' dir='ltr'>ln</span> <span class='ocrx_word' id='word_1_436' title='bbox 629 4048 664 4090; x_wconf 91' lang='lat' dir='ltr'>eo</span> <span class='ocrx_word' id='word_1_437' title='bbox 688 4028 837 4089; x_wconf 87' lang='lat' dir='ltr'>salutatos</span> <span class='ocrx_word' id='word_1_438' title='bbox 861 4027 1082 4089; x_wconf 88' lang='lat' dir='ltr'>schematismis</span> <span class='ocrx_word' id='word_1_439' title='bbox 1110 4027 1226 4106; x_wconf 90' lang='lat' dir='ltr'>reperio</span> <span class='ocrx_word' id='word_1_440' title='bbox 1251 4029 1428 4109; x_wconf 86' lang='lat' dir='ltr'>praecipuos</span> 
     </span>
     <span class='ocr_line' id='line_1_43' title="bbox 103 4116 1428 4201; baseline 0.001 -23"><span class='ocrx_word' id='word_1_441' title='bbox 103 4118 157 4198; x_wconf 80' lang='lat' dir='ltr'>rjus</span> <span class='ocrx_word' id='word_1_442' title='bbox 179 4121 324 4201; x_wconf 89' lang='lat' dir='ltr'>temporis</span> <span class='ocrx_word' id='word_1_443' title='bbox 348 4119 588 4192; x_wconf 88' lang='lat' dir='ltr'>mathematicos,</span> <span class='ocrx_word' id='word_1_444' title='bbox 613 4117 729 4196; x_wconf 88' lang='lat' dir='ltr'>reperio</span> <span class='ocrx_word' id='word_1_445' title='bbox 754 4116 944 4195; x_wconf 86' lang='lat' dir='ltr'>magnificam</span> <span class='ocrx_word' id='word_1_446' title='bbox 968 4117 997 4177; x_wconf 93' lang='lat' dir='ltr'>in</span> <span class='ocrx_word' id='word_1_447' title='bbox 1022 4117 1210 4195; x_wconf 82' lang='lat' dir='ltr'>praefatione</span> <span class='ocrx_word' id='word_1_448' title='bbox 1233 4118 1428 4197; x_wconf 89' lang='lat' dir='ltr'>provocatio-</span> 
     </span>
     <span class='ocr_line' id='line_1_44' title="bbox 102 4205 1428 4290; baseline 0.001 -24"><span class='ocrx_word' id='word_1_449' title='bbox 102 4224 139 4270; x_wconf 87' lang='lat' dir='ltr'>em</span> <span class='ocrx_word' id='word_1_450' title='bbox 159 4212 198 4273; x_wconf 90' lang='lat' dir='ltr'>ad</span> <span class='ocrx_word' id='word_1_451' title='bbox 221 4211 318 4272; x_wconf 88' lang='lat' dir='ltr'>simile</span> <span class='ocrx_word' id='word_1_452' title='bbox 343 4208 414 4290; x_wconf 94' lang='lat' dir='ltr'>quid</span> <span class='ocrx_word' id='word_1_453' title='bbox 437 4208 615 4282; x_wconf 89' lang='lat' dir='ltr'>audendum,</span> <span class='ocrx_word' id='word_1_454' title='bbox 640 4206 679 4266; x_wconf 95' lang='lat' dir='ltr'>ad</span> <span class='ocrx_word' id='word_1_455' title='bbox 703 4206 919 4266; x_wconf 90' lang='lat' dir='ltr'>astronomiam</span> <span class='ocrx_word' id='word_1_456' title='bbox 944 4224 960 4266; x_wconf 92' lang='lat' dir='ltr'>e</span> <span class='ocrx_word' id='word_1_457' title='bbox 985 4205 1188 4266; x_wconf 81' lang='lat' dir='ltr'>fundamentis</span> <span class='ocrx_word' id='word_1_458' title='bbox 1205 4207 1428 4282; x_wconf 78' lang='lat' dir='ltr'>exstruendam,</span> 
     </span>
     <span class='ocr_line' id='line_1_45' title="bbox 102 4293 1430 4381; baseline -0.005 -19"><span class='ocrx_word' id='word_1_459' title='bbox 102 4301 183 4375; x_wconf 74' lang='lat' dir='ltr'>tperio</span> <span class='ocrx_word' id='word_1_460' title='bbox 215 4297 393 4381; x_wconf 89' lang='lat' dir='ltr'>compendia</span> <span class='ocrx_word' id='word_1_461' title='bbox 427 4296 576 4377; x_wconf 88' lang='lat' dir='ltr'>quaedam</span> <span class='ocrx_word' id='word_1_462' title='bbox 609 4314 714 4368; x_wconf 90' lang='lat' dir='ltr'>aurea,</span> <span class='ocrx_word' id='word_1_463' title='bbox 750 4313 825 4373; x_wconf 85' lang='lat' dir='ltr'>quae</span> <span class='ocrx_word' id='word_1_464' title='bbox 857 4293 1010 4374; x_wconf 89' lang='lat' dir='ltr'>Tubingae</span> <span class='ocrx_word' id='word_1_465' title='bbox 1044 4302 1075 4355; x_wconf 91' lang='lat' dir='ltr'>a&#39;</span> <span class='ocrx_word' id='word_1_466' title='bbox 1090 4294 1253 4355; x_wconf 90' lang='lat' dir='ltr'>Maestlino</span> <span class='ocrx_word' id='word_1_467' title='bbox 1283 4295 1430 4356; x_wconf 89' lang='lat' dir='ltr'>celebrari</span> 
     </span>
     <span class='ocr_line' id='line_1_46' title="bbox 102 4382 1429 4466; baseline -0.001 -20"><span class='ocrx_word' id='word_1_468' title='bbox 102 4385 276 4461; x_wconf 75' lang='lat' dir='ltr'>eminerem,</span> <span class='ocrx_word' id='word_1_469' title='bbox 311 4387 427 4466; x_wconf 86' lang='lat' dir='ltr'>reperio</span> <span class='ocrx_word' id='word_1_470' title='bbox 457 4385 625 4448; x_wconf 88' lang='lat' dir='ltr'>doctrinam</span> <span class='ocrx_word' id='word_1_471' title='bbox 657 4384 789 4456; x_wconf 89' lang='lat' dir='ltr'>sinuum,</span> <span class='ocrx_word' id='word_1_472' title='bbox 823 4383 989 4444; x_wconf 91' lang='lat' dir='ltr'>doctrinam</span> <span class='ocrx_word' id='word_1_473' title='bbox 1022 4382 1253 4462; x_wconf 89' lang='lat' dir='ltr'>triangulorum,</span> <span class='ocrx_word' id='word_1_474' title='bbox 1293 4384 1429 4462; x_wconf 87' lang='lat' dir='ltr'>vulgaria</span> 
     </span>
     <span class='ocr_line' id='line_1_47' title="bbox 102 4471 1427 4554; baseline -0.002 -18"><span class='ocrx_word' id='word_1_475' title='bbox 102 4473 199 4554; x_wconf 79' lang='lat' dir='ltr'>tidem,</span> <span class='ocrx_word' id='word_1_476' title='bbox 233 4477 289 4538; x_wconf 87' lang='lat' dir='ltr'>sed</span> <span class='ocrx_word' id='word_1_477' title='bbox 319 4494 398 4537; x_wconf 87' lang='lat' dir='ltr'>nova</span> <span class='ocrx_word' id='word_1_478' title='bbox 427 4475 498 4536; x_wconf 88' lang='lat' dir='ltr'>milri</span> <span class='ocrx_word' id='word_1_479' title='bbox 533 4474 641 4545; x_wconf 91' lang='lat' dir='ltr'>ornuia,</span> <span class='ocrx_word' id='word_1_480' title='bbox 675 4481 711 4533; x_wconf 90' lang='lat' dir='ltr'>ut</span> <span class='ocrx_word' id='word_1_481' title='bbox 737 4472 856 4545; x_wconf 90' lang='lat' dir='ltr'>videas,</span> <span class='ocrx_word' id='word_1_482' title='bbox 892 4491 949 4551; x_wconf 93' lang='lat' dir='ltr'>quo</span> <span class='ocrx_word' id='word_1_483' title='bbox 982 4471 1093 4549; x_wconf 83' lang='lat' dir='ltr'>remige</span> <span class='ocrx_word' id='word_1_484' title='bbox 1128 4472 1240 4532; x_wconf 86' lang='lat' dir='ltr'>famam</span> <span class='ocrx_word' id='word_1_485' title='bbox 1271 4473 1427 4545; x_wconf 89' lang='lat' dir='ltr'>verberet;</span> 
     </span>
     <span class='ocr_line' id='line_1_48' title="bbox 102 4559 1426 4647; baseline -0.005 -20"><span class='ocrx_word' id='word_1_486' title='bbox 102 4577 138 4627; x_wconf 73' lang='lat' dir='ltr'>tm</span> <span class='ocrx_word' id='word_1_487' title='bbox 158 4569 301 4647; x_wconf 85' lang='lat' dir='ltr'>pleraque</span> <span class='ocrx_word' id='word_1_488' title='bbox 324 4572 433 4644; x_wconf 91' lang='lat' dir='ltr'>postea</span> <span class='ocrx_word' id='word_1_489' title='bbox 457 4564 486 4624; x_wconf 93' lang='lat' dir='ltr'>iu</span> <span class='ocrx_word' id='word_1_490' title='bbox 506 4563 633 4625; x_wconf 84' lang='lat' dir='ltr'>Euclide</span> <span class='ocrx_word' id='word_1_491' title='bbox 657 4568 689 4622; x_wconf 91' lang='lat' dir='ltr'>et</span> <span class='ocrx_word' id='word_1_492' title='bbox 703 4560 944 4638; x_wconf 87' lang='lat' dir='ltr'>Regiomontano</span> <span class='ocrx_word' id='word_1_493' title='bbox 968 4560 1076 4638; x_wconf 92' lang='lat' dir='ltr'>reperi,</span> <span class='ocrx_word' id='word_1_494' title='bbox 1100 4579 1176 4640; x_wconf 91' lang='lat' dir='ltr'>quae</span> <span class='ocrx_word' id='word_1_495' title='bbox 1200 4568 1263 4620; x_wconf 88' lang='lat' dir='ltr'>tum</span> <span class='ocrx_word' id='word_1_496' title='bbox 1286 4559 1345 4640; x_wconf 90' lang='lat' dir='ltr'>ipsi</span> <span class='ocrx_word' id='word_1_497' title='bbox 1369 4561 1426 4621; x_wconf 93' lang='lat' dir='ltr'>tri-</span> 
     </span>
     <span class='ocr_line' id='line_1_49' title="bbox 102 4648 1428 4734; baseline -0.002 -21"><span class='ocrx_word' id='word_1_498' title='bbox 102 4654 203 4720; x_wconf 78' lang='lat' dir='ltr'>utam.</span> <span class='ocrx_word' id='word_1_499' title='bbox 250 4654 356 4734; x_wconf 87' lang='lat' dir='ltr'>Neque</span> <span class='ocrx_word' id='word_1_500' title='bbox 379 4659 511 4727; x_wconf 89' lang='lat' dir='ltr'>metuas,</span> <span class='ocrx_word' id='word_1_501' title='bbox 542 4660 589 4727; x_wconf 94' lang='lat' dir='ltr'>ut,</span> <span class='ocrx_word' id='word_1_502' title='bbox 622 4649 783 4730; x_wconf 88' lang='lat' dir='ltr'>quaejam</span> <span class='ocrx_word' id='word_1_503' title='bbox 807 4648 883 4724; x_wconf 79' lang='lat' dir='ltr'>dixi,</span> <span class='ocrx_word' id='word_1_504' title='bbox 915 4649 991 4711; x_wconf 89' lang='lat' dir='ltr'>bene</span> <span class='ocrx_word' id='word_1_505' title='bbox 1020 4667 1086 4710; x_wconf 91' lang='lat' dir='ltr'>cum</span> <span class='ocrx_word' id='word_1_506' title='bbox 1109 4649 1231 4710; x_wconf 89' lang='lat' dir='ltr'>invento</span> <span class='ocrx_word' id='word_1_507' title='bbox 1254 4668 1321 4711; x_wconf 91' lang='lat' dir='ltr'>meo</span> <span class='ocrx_word' id='word_1_508' title='bbox 1345 4657 1428 4711; x_wconf 88' lang='lat' dir='ltr'>stare</span> 
     </span>
     <span class='ocr_line' id='line_1_50' title="bbox 102 4736 1424 4822; baseline -0.003 -19"><span class='ocrx_word' id='word_1_509' title='bbox 102 4752 188 4808; x_wconf 71' lang='lat' dir='ltr'>mant.</span> <span class='ocrx_word' id='word_1_510' title='bbox 234 4741 328 4805; x_wconf 91' lang='lat' dir='ltr'>Dicat</span> <span class='ocrx_word' id='word_1_511' title='bbox 349 4742 414 4822; x_wconf 89' lang='lat' dir='ltr'>ipse</span> <span class='ocrx_word' id='word_1_512' title='bbox 437 4759 491 4819; x_wconf 94' lang='lat' dir='ltr'>pro</span> <span class='ocrx_word' id='word_1_513' title='bbox 515 4760 563 4803; x_wconf 90' lang='lat' dir='ltr'>me</span> <span class='ocrx_word' id='word_1_514' title='bbox 585 4738 782 4811; x_wconf 87' lang='lat' dir='ltr'>Maestliuus,</span> <span class='ocrx_word' id='word_1_515' title='bbox 808 4756 898 4816; x_wconf 91' lang='lat' dir='ltr'>quam</span> <span class='ocrx_word' id='word_1_516' title='bbox 922 4736 1062 4799; x_wconf 89' lang='lat' dir='ltr'>tenuibus</span> <span class='ocrx_word' id='word_1_517' title='bbox 1085 4736 1239 4817; x_wconf 89' lang='lat' dir='ltr'>principiis</span> <span class='ocrx_word' id='word_1_518' title='bbox 1263 4737 1424 4800; x_wconf 87' lang='lat' dir='ltr'>institeriru</span> 
     </span>
     <span class='ocr_line' id='line_1_51' title="bbox 102 4825 1426 4914; baseline -0.002 -24"><span class='ocrx_word' id='word_1_519' title='bbox 102 4825 169 4911; x_wconf 86' lang='lat' dir='ltr'>itio,</span> <span class='ocrx_word' id='word_1_520' title='bbox 202 4831 254 4914; x_wconf 91' lang='lat' dir='ltr'>qui</span> <span class='ocrx_word' id='word_1_521' title='bbox 283 4831 435 4913; x_wconf 82' lang='lat' dir='ltr'>prolecto,</span> <span class='ocrx_word' id='word_1_522' title='bbox 458 4829 485 4892; x_wconf 88' lang='lat' dir='ltr'>ei</span> <span class='ocrx_word' id='word_1_523' title='bbox 512 4838 577 4891; x_wconf 92' lang='lat' dir='ltr'>tam</span> <span class='ocrx_word' id='word_1_524' title='bbox 600 4828 737 4910; x_wconf 86' lang='lat' dir='ltr'>jejunum</span> <span class='ocrx_word' id='word_1_525' title='bbox 764 4844 811 4888; x_wconf 89' lang='lat' dir='ltr'>me</span> <span class='ocrx_word' id='word_1_526' title='bbox 839 4827 972 4889; x_wconf 88' lang='lat' dir='ltr'>secundo</span> <span class='ocrx_word' id='word_1_527' title='bbox 996 4825 1180 4900; x_wconf 85' lang='lat' dir='ltr'>dimisisset,</span> <span class='ocrx_word' id='word_1_528' title='bbox 1214 4845 1303 4907; x_wconf 90' lang='lat' dir='ltr'>quam</span> <span class='ocrx_word' id='word_1_529' title='bbox 1330 4826 1426 4908; x_wconf 91' lang='lat' dir='ltr'>primo</span> 
     </span>
    </p>
   </div>
   <div class='ocr_carea' id='block_1_4' title="bbox 0 0 1644 5542">
    <p class='ocr_par' dir='ltr' id='par_1_5' title="bbox 0 0 1644 5542">
     <span class='ocr_line' id='line_1_52' title="bbox 0 0 1644 5542; baseline 0 1"><span class='ocrx_word' id='word_1_530' title='bbox 0 0 1644 5542; x_wconf 95' lang='lat' dir='ltr'> </span> 
     </span>
    </p>
   </div>
  </div>
 </body>
</html>
