3278 5542
142 301 208 370 348
571 307 672 357 Litorse
690 308 794 373 Kepleri
813 309 963 375 aliorumque
980 315 1083 361 mutuae
1138 266 1148 348 *Ι

145 465 273 546 Optici'e.
321 468 364 529 Tu
389 476 495 529 contra
519 468 579 529 ais:
608 466 639 541 l)
664 468 812 546 puriorem
837 469 897 531 illis
921 489 989 531 esse
1013 477 1124 532 adrem.
1170 472 1215 533 At
1239 488 1300 532 uon
1324 471 1491 552 sequituret

142 556 337 617 humiliorem.
386 555 479 619 Calor
502 565 664 630 extenuat,
699 558 837 620 tenuiora
858 559 989 638 puriora.
1038 557 1130 622 Calor
1153 578 1242 638 ergo,
1277 559 1329 639 qui
1352 559 1489 640 puritatis,

142 646 222 707 idem
238 645 404 707 altitudinis
419 665 520 720 causa,
538 645 607 726 quia
622 655 713 724 auget
728 654 848 708 aerem:
875 646 904 708 in
920 653 991 709 a'e're
1012 647 1091 710 enim
1106 647 1241 728 quotidie
1257 647 1402 728 gignitur,
1423 649 1490 728 quod

143 735 172 796 in
198 743 285 796 nocte
308 735 417 797 itemm
440 735 558 815 cogitur
582 736 713 796 inseres
737 754 791 814 per
815 736 909 814 frigus
932 755 1102 814 supernum.
1150 734 1187 811 2)
1212 735 1291 798 Ais:
1317 736 1380 798 cito
1393 756 1490 816 perra-

143 824 213 885 dere
237 831 452 904 tempestates,
484 844 552 885 esse
576 823 668 903 igitur
692 824 832 885 humilem
857 824 897 885 ibi
922 832 1033 888 adrem.
1080 827 1196 888 Bonum
1220 834 1443 904 argumentum,
1468 826 1490 887 si

143 913 250 974 bonurn
274 920 358 974 esset
381 921 556 976 assumtum.
595 912 674 974 Nam
697 932 763 974 curn
786 913 817 974 in
841 913 972 975 borealis
996 914 1101 976 oceani
1117 912 1313 993 derigat-ione
1334 915 1403 995 lego
1416 914 1489 976 subi-

142 1011 191 1061 tas
215 1009 425 1081 tempestates,
451 1010 643 1082 argumentor
666 1001 730 1081 ipse
755 1022 882 1083 quoque,
908 1001 1047 1065 humilem
1070 1023 1138 1066 esse
1162 1009 1274 1076 aerem,
1299 1002 1349 1065 ita
1361 1012 1396 1066 nt
1408 1022 1489 1083 vapor

142 1111 179 1152 rx
204 1101 287 1153 terra
310 1091 476 1154 ascendens
501 1091 600 1152 subito
624 1090 652 1151 in
678 1089 773 1170 frigus
797 1091 970 1154 aethereum
995 1092 1142 1166 incurrat,
1177 1099 1324 1173 superato
1349 1092 1426 1155 aeris
1448 1092 1487 1153 fa·

143 1179 244 1259 stigio.
290 1180 331 1241 Et
354 1188 387 1241 tu
409 1181 564 1259 pulchram
593 1180 834 1242 observationem
865 1180 965 1253 addis,
995 1181 1184 1243 utilissimam
1214 1180 1415 1261 speculationi
1437 1182 1482 1243 ful·

143 1267 264 1338 minum,
290 1269 366 1348 quod
391 1269 470 1349 apud
495 1290 548 1330 vos
572 1289 629 1329 non
654 1268 699 1330 ita
722 1269 914 1330 fulminantur
937 1277 1031 1344 tecta,
1056 1278 1089 1332 ut
1103 1269 1132 1332 in
1149 1267 1319 1332 Germania
1338 1271 1486 1350 superiore.

144 1355 246 1420 Causa
278 1366 379 1419 tamen
411 1359 501 1439 paulo
530 1358 618 1419 aliter
650 1358 843 1437 accipienda,
877 1378 982 1439 nempe
1017 1377 1075 1420 non
1108 1365 1306 1433 aerternae,
1342 1360 1397 1421 sed
1419 1368 1488 1421 tem

143 1447 205 1508 adri
230 1455 278 1508 est
300 1447 429 1526 propior.
474 1447 566 1509 Afris
590 1466 703 1526 aequor
726 1447 876 1527 aequabili
899 1447 1071 1528 superficie,
1100 1448 1213 1509 Terrae
1241 1458 1315 1510 sunt
1341 1448 1486 1528 profundi-

141 1545 240 1608 tates,
275 1545 308 1598 ut
335 1543 479 1597 montana
503 1537 565 1597 sint
588 1535 674 1616 quasi
703 1536 836 1615 scopuli,
865 1544 897 1597 et
920 1536 1056 1615 superior
1085 1535 1251 1598 Germania
1279 1538 1368 1616 quasi
1390 1549 1485 1618 syrtes.

140 1624 181 1685 Et
204 1625 287 1684 soleo
311 1623 379 1685 hinc
403 1624 615 1703 argumentari,
640 1642 732 1703 quare
756 1625 913 1687 cacumina
937 1625 1146 1687 fulminantur:
1177 1625 1301 1703 spiritus
1327 1626 1404 1688 enirn
1427 1645 1485 1705 per-

141 1713 251 1793 rumpit
275 1713 425 1775 hurnidunr
451 1720 563 1787 adrem,
599 1732 657 1791 qua
681 1714 884 1776 tenuissimus.
933 1712 995 1776 Sed
1019 1721 1119 1776 tamen
1144 1713 1219 1775 haec
1244 1714 1369 1776 obstare
1393 1715 1485 1776 viden·

139 1810 206 1863 tur:
248 1800 281 1874 1)
305 1802 451 1863 Bohemia
475 1822 531 1863 nou
555 1803 659 1863 crebro
684 1802 796 1881 petitur
820 1803 1002 1875 fulminibus,
1028 1811 1200 1865 esttamen
1226 1804 1310 1878 alta,
1336 1805 1376 1865 ad
1400 1803 1486 1865 fontes

139 1910 182 1952 ec.
207 1890 311 1965 Albis;
337 1891 365 1951 id
389 1890 567 1972 praesertim
582 1891 663 1952 circa
677 1892 817 1971 Pragam.
864 1890 899 1965 2)
924 1890 1065 1953 Secunda
1085 1912 1186 1967 causa,
1210 1910 1264 1954 cur
1277 1902 1424 1955 montana
1437 1892 1486 1954 ful·

138 1979 296 2054 minentur,
321 1989 378 2054 est,
404 1980 474 2061 quia
497 1988 615 2041 montes
640 1988 710 2041 snut
733 1980 871 2042 officinae
895 1990 1106 2043 meteororum.
1155 1977 1192 2054 3)
1217 1979 1299 2043 Sunt
1311 1991 1415 2044 certae
1431 2002 1486 2043 ma·

139 2068 245 2143 teriae,
270 2088 345 2147 quae
370 2071 474 2131 crebro
500 2069 703 2131 fulminantur.
751 2071 848 2149 Igitur
871 2070 1010 2131 videntur
1034 2070 1172 2131 emittere
1197 2069 1395 2151 spirituosum
1416 2070 1485 2132 hali-

140 2167 211 2232 tum,
236 2157 284 2238 qui
309 2158 464 2221 fulminum
487 2158 631 2238 impetum
654 2157 684 2217 in
709 2178 776 2220 sese
801 2158 994 2220 similitudine
1010 2158 1155 2220 materiae
1177 2158 1319 2221 inritant.
1365 2156 1402 2233 4)
1425 2159 1486 2221 Ful·

139 2246 249 2308 minum
272 2256 382 2308 natura
405 2248 521 2321 eadem,
547 2266 623 2327 quae
648 2246 712 2308 auri
737 2247 869 2309 fulminei
894 2245 1128 2326 (Schlaggold);
1160 2246 1315 2308 incensum
1340 2249 1417 2310 enirn
1441 2266 1487 2308 non

139 2355 256 2396 sursum
281 2335 396 2408 nititur,
422 2337 474 2397 sed
499 2337 648 2408 deorsum,
674 2335 703 2397 in
724 2338 882 2398 adversum
902 2337 988 2416 quasi
1007 2336 1130 2397 humori.
1178 2336 1219 2397 Et
1242 2335 1272 2396 in
1289 2336 1401 2399 fodinis
1416 2336 1485 2397 auri·

141 2424 212 2485 feris
242 2425 342 2485 solent
369 2445 407 2485 ex
432 2425 568 2503 fuligine,
604 2444 679 2505 quae
713 2425 857 2487 lateribus
891 2426 1067 2506 abyssorum
1102 2423 1309 2500 adhaerescit,
1344 2427 1484 2506 ingruente

139 2512 261 2574 humida
285 2521 465 2592 tempestate
490 2513 621 2576 existere
646 2534 736 2575 casus
759 2514 912 2577 fulminum
936 2512 1087 2583 similium,
1113 2512 1162 2594 qui
1177 2521 1288 2576 necant
1312 2514 1446 2577 homines
1463 2512 1484 2573 iu

139 2607 294 2681 puteorum
320 2600 485 2677 (Schacht)
510 2603 620 2664 fundis.
668 2601 803 2665 Censent
826 2602 998 2676 metallarii,
1023 2602 1177 2683 fuliginem
1192 2602 1274 2664 illam
1300 2623 1421 2665 auream
1440 2603 1484 2664 hr-

139 2690 218 2751 mido
242 2697 312 2771 aere
337 2691 474 2765 incendi,
509 2712 600 2772 qnare
624 2692 672 2754 hic
704 2710 819 2772 quoque
849 2692 960 2754 fulmen
995 2691 1051 2752 hoc
1085 2709 1207 2753 aureum
1234 2692 1384 2773 profunde
1411 2692 1482 2772 petit.

141 2778 205 2839 Hae
230 2779 414 2858 objectiones
439 2781 561 2861 ancipiti
595 2790 626 2842 et
658 2800 750 2842 caeca
781 2800 883 2860 pugna
919 2782 1054 2841 feruntur
1087 2780 1115 2841 in
1140 2800 1263 2842 causam
1287 2790 1390 2854 tuam,
1422 2798 1483 2861 quae

139 2867 216 2929 alitis
240 2869 310 2930 mihi
335 2887 449 2948 quoque
474 2888 532 2930 non
556 2869 704 2947 displicet.
753 2867 813 2929 Sed
839 2878 905 2929 utut
929 2869 978 2942 sit,
1005 2879 1081 2940 esto,
1107 2868 1154 2930 ubi
1181 2870 1260 2931 citae
1284 2878 1482 2950 tempestates,

140 2966 173 3017 ut
196 2957 235 3017 ibi
261 2958 380 3019 humilis
405 2966 466 3030 adr,
493 2958 559 3018 dico
584 2959 648 3021 tibi.
673 2958 728 3018 sub
752 2960 867 3019 torrida
891 2977 947 3017 non
973 2958 1051 3018 citas
1066 2966 1277 3036 tempestates.
1318 2960 1396 3021 Nam
1419 2958 1480 3020 unde

138 3054 169 3106 tu
193 3046 324 3124 probas?
361 3045 441 3117 Quia
464 3048 615 3109 adortum
636 3047 800 3107 nubeculae
823 3048 928 3109 statim
944 3047 1034 3107 adest
1058 3047 1138 3108 furor
1160 3055 1328 3111 ventorum.
1367 3047 1480 3110 Pulchra

139 3135 326 3206 observatio;
350 3135 461 3197 similia
483 3135 512 3197 in
537 3135 633 3197 sacris
657 3135 811 3209 habemus,
837 3155 903 3197 cum
926 3135 1013 3196 Elias
1036 3135 1153 3197 coelum
1167 3135 1339 3199 recluderet
1352 3136 1478 3200 imbuen-

140 3242 195 3302 que
221 3223 248 3283 in
273 3222 393 3284 Achabi
417 3231 508 3303 caput
531 3223 755 3305 praecipitaret.
803 3222 865 3285 Sed
895 3242 952 3284 non
976 3223 1069 3285 vincit
1097 3224 1295 3302 propositum
1341 3224 1480 3288 Nubecula

140 3311 257 3389 signum
281 3319 330 3372 est
353 3312 579 3393 copiosissimae
599 3312 754 3386 materiae,
774 3314 838 3391 jam
862 3312 890 3373 in
907 3312 1061 3392 procinctu
1085 3313 1206 3387 stantis,
1232 3332 1290 3374 non
1313 3334 1414 3388 cansa,
1438 3330 1479 3373 nor

138 3408 246 3462 mater.
294 3398 346 3462 Sic
371 3401 399 3462 in
424 3400 542 3484 Styria,
567 3421 633 3463 cnm
657 3420 743 3463 mons
768 3401 897 3464 Schelrel
922 3400 1001 3481 pileo
1026 3401 1156 3479 tegitur,
1190 3401 1294 3480 phrasi
1323 3402 1478 3473 incolarum,

137 3496 277 3551 manente
299 3489 379 3570 pileo
402 3511 458 3553 nec
482 3511 630 3572 quoquam
646 3491 770 3565 dimoto,
795 3490 900 3552 existit
913 3489 1027 3569 pluvia,
1052 3488 1187 3551 oriuntur
1210 3491 1249 3552 ad
1265 3491 1385 3554 oculum
1404 3490 1480 3552 nubes

138 3578 165 3639 in
191 3579 326 3658 partibus
351 3579 427 3642 coeli
450 3581 573 3652 serenis,
598 3579 734 3641 collectis
758 3599 801 3640 sc.
827 3587 858 3641 et
881 3579 920 3640 ad
944 3579 1061 3640 oculum
1086 3578 1222 3641 densatis
1246 3580 1418 3660 vaporibus

208 3685 398 3736 Fabricius:
424 3684 488 3737 Solis
511 3692 538 3736 et
562 3686 650 3736 Lunae
674 3684 777 3749 eclipses
800 3684 976 3748 utplurimum
1002 3684 1125 3735 inducunt
1151 3684 1210 3735 illae
1239 3692 1338 3744 umus,
1363 3687 1480 3739 dedans

136 3757 185 3806 has
203 3756 371 3807 humiditates.
410 3758 447 3807 'fu
465 3760 491 3807 in
510 3759 588 3808 Terra
605 3758 765 3821 praeeipuam
784 3771 887 3807 causam
905 3756 1017 3821 qnaeris,
1043 3755 1087 3805 sed
1105 3755 1178 3806 valde
1197 3756 1312 3807 absurde.
1350 3757 1427 3808 Terra
1442 3756 1481 3821 qui·

137 3828 192 3877 dem
211 3841 313 3891 vapores
333 3835 359 3878 et
377 3829 427 3878 alia
445 3835 523 3886 creat,
543 3829 586 3878 sed
606 3844 622 3879 a
640 3829 758 3892 singulari
777 3830 866 3877 uirtute
886 3827 978 3877 Terrae
996 3826 1041 3876 illa
1059 3828 1154 3877 extrudi
1173 3843 1223 3876 non
1242 3827 1333 3885 credo:
1353 3829 1444 3878 coelum
1458 3839 1482 3874 es

137 3899 211 3948 elicit.
248 3896 385 3948 Ventomm
403 3915 498 3964 quoque
523 3901 597 3951 flatus
616 3900 704 3949 diversi
726 3900 808 3949 irritas
827 3913 903 3962 saepe
926 3898 1032 3948 reddunt
1056 3905 1203 3961 aspectuum
1221 3900 1387 3963 operationes.
1423 3898 1481 3949 vius,

137 3983 168 4017 ne
188 3982 275 4017 noram
293 3972 466 4020 constituendo
485 3973 686 4036 meteorologiam
711 3971 780 4020 coelo
799 3972 913 4033 injuriam
932 3970 1026 4026 facias,
1046 3983 1089 4032 pro
1108 3969 1215 4034 planede
1234 3971 1340 4020 inducas
1356 3970 1483 4036 Neptunum

137 4046 164 4088 et
182 4039 245 4089 alios
263 4039 340 4089 Deos.

225 4127 429 4207 Keplerus:
454 4131 685 4192 Absurditatem
700 4130 841 4210 Neptuno
865 4149 932 4191 meo
957 4127 1120 4208 ιἠοσιγαιῳ
1136 4129 1285 4210 imputas,¹
1303 4150 1401 4194 cansa
1416 4131 1485 4193 nulla

138 4216 253 4288 allata;
278 4216 427 4279 tacuisses
443 4220 548 4280 eodem
563 4220 693 4281 foenore.
733 4219 828 4298 Igitur
850 4219 944 4280 verba
959 4226 1012 4279 tua
1026 4219 1188 4298 usurpabo,
1214 4221 1371 4283 senmntia
1389 4238 1484 4283 rerss:

137 4304 252 4366 coelum
277 4306 396 4386 quidem
420 4308 558 4370 stimulat
579 4309 712 4381 Terram,
738 4309 792 4369 sed
817 4328 835 4369 a
858 4307 1004 4388 singulari
1028 4307 1158 4387 quadarn
1183 4307 1296 4372 virtute
1321 4311 1399 4372 coeli
1422 4311 1487 4372 citra

137 4394 266 4456 Telluris
290 4413 412 4475 operam
435 4415 564 4478 vapores
589 4417 625 4458 ex
650 4398 745 4458 Terra
767 4396 836 4458 elici
859 4415 916 4457 non
942 4396 1049 4469 credo;
1074 4397 1169 4457 Terra
1189 4396 1245 4459 'eos
1269 4400 1419 4463 extrudit.

226 4484 273 4546 De
304 4493 460 4547 ventomm
489 4486 614 4567 irnperio
643 4487 672 4547 in
701 4492 903 4565 tempestates
932 4484 1029 4547 sentio
1059 4493 1168 4547 tecum.
1216 4488 1261 4549 At
1284 4488 1444 4552 circuitum
1463 4496 1489 4548 et

136 4572 219 4633 vices
234 4592 336 4635 eorum
361 4593 464 4636 omnes
488 4575 682 4654 inquirendas
706 4575 908 4654 relinquamus
932 4573 1045 4635 nostris
1068 4575 1210 4654 posteris.
1258 4575 1365 4640 Pauca
1388 4580 1489 4642 scimus

138 4661 174 4722 de
200 4662 421 4724 universalibus
445 4684 482 4724 ex
508 4662 747 4726 CostaJesuita.

207 4768 389 4818 fabricius:
418 4769 564 4830 Quaeritur.
594 4784 625 4819 an
644 4771 727 4820 lumen
746 4770 785 4818 sel
810 4769 878 4819 calor
897 4769 960 4819 Solis
986 4775 1012 4818 st
1030 4768 1158 4818 stellarum
1183 4770 1215 4817 sit
1242 4770 1386 4821 uehiculum
1404 4771 1492 4823 uirtutis

135 4838 200 4888 illius
218 4839 316 4890 astrahs
335 4840 373 4891 vel
391 4841 537 4892 influentiae
556 4843 730 4908 astrologicae.
769 4840 834 4891 Sunt
851 4840 971 4898 nonnulli,
991 4840 1033 4906 qni
1051 4845 1154 4905 negant.
1174 4848 1274 4905 praeter
1286 4842 1351 4893 lucis
1370 4850 1400 4895 et
1411 4845 1493 4895 csluris
