3278 5542
628 333 710 402 capnt
726 333 793 388 m.
812 336 891 388 xxn.

425 521 471 586 ΙΝ
495 520 635 586 CAPUT
658 519 899 586 VICESIMUM
920 523 1092 590 PRIMUM

600 645 716 697 noran
737 645 915 700 lucrosus.

153 749 186 819 a)
208 751 389 824 Supervacua
411 751 473 823 jam
499 771 582 825 porro
603 761 647 810 εει
675 755 748 810 haec
776 755 953 825 conjectatio.
995 758 1071 812 Vera
1098 755 1169 812 enim
1198 757 1375 828 proportione
1396 758 1437 812 in·

106 836 169 899 m
191 833 220 888 in
241 849 297 905 qua
317 833 442 889 deiectus
463 835 546 904 plane
568 834 669 899 nullus,
691 834 755 906 quid
776 836 841 890 mihi
863 853 933 907 opus
955 845 1000 892 est
1020 838 1091 891 falso
1112 838 1243 892 deiectu?

152 908 188 982 h)
211 911 284 978 Quia
312 931 364 968 nee
393 930 509 985 corpora
536 933 586 971 seu
611 916 719 988 figurae
749 916 827 970 solae
849 917 969 973 formant
995 917 1146 972 intervalla
1165 918 1355 988 planetarum,
1387 935 1439 974 neo

106 996 198 1051 mum
219 994 285 1049 talis
305 994 334 1049 in
354 993 492 1049 individuo
512 1001 557 1050 est
577 996 729 1066 proportio.
771 996 817 1050 Ita
836 1002 983 1069 utrumqne
1005 997 1033 1053 in
1054 1014 1147 1052 errore
1167 999 1342 1054 versabatur.

153 1070 182 1140 o)
206 1073 363 1142 Condliata
382 1080 447 1129 sunt
466 1074 540 1130 inter
560 1093 590 1130 se
611 1076 682 1131 libro
703 1076 737 1130 V.
759 1075 997 1134 Harmonicorum.

153 1149 186 1223 d)
206 1154 302 1210 Posito
332 1155 399 1209 orbe
429 1156 565 1225 perihelio
586 1155 716 1219 Veneris,
747 1156 791 1210 eui
821 1160 970 1213 octatdron
1000 1158 1168 1213 inscribatur
1196 1156 1318 1229 partium
1349 1158 1436 1221 1000,

106 1239 173 1291 nors
193 1234 319 1291 oaseori
339 1235 485 1299 distabunt
504 1251 523 1290 a
543 1244 638 1292 centro
659 1235 822 1309 systematis
847 1238 976 1308 partibus
999 1237 1070 1301 559,
1101 1254 1162 1291 enm
1182 1236 1312 1293 Mercurii
1333 1252 1438 1292 summa

106 1317 211 1371 mutia
232 1333 271 1371 ex
284 1314 435 1387 Cepernioo
458 1323 602 1386 promatur
617 1316 683 1381 723,
707 1316 799 1371 media
813 1319 879 1382 500,
901 1319 996 1390 itaque
1019 1325 1159 1388 punctum,
1184 1319 1232 1373 ubi
1254 1317 1436 1373 terminantur

106 1402 170 1451 utos
195 1395 263 1459 550,
288 1402 333 1450 εει
355 1395 465 1466 inipso
489 1396 582 1466 spatio
604 1414 655 1451 seu
679 1397 857 1468 spissitudine
881 1398 970 1462 orbis;
991 1404 1023 1454 at
1044 1416 1098 1454 non
1121 1398 1149 1453 in
1171 1397 1268 1462 medio,
1292 1399 1341 1452 sed
1363 1397 1437 1453 inter

106 1476 192 1532 adun
214 1476 273 1532 500
297 1482 327 1530 ει
347 1492 480 1531 summum
504 1475 570 1532 723.

155 1553 185 1625 e)
205 1557 267 1610 Hos
279 1555 404 1611 nimirum
417 1555 566 1612 limandum
580 1563 650 1622 erat,
674 1558 881 1628 proportionem
896 1559 1015 1615 alteram
1029 1576 1090 1614 esse
1114 1559 1229 1614 alterius
1244 1576 1299 1614 non
1313 1558 1434 1629 duplam,

106 1637 367 1708 adsesquialterann

133 1713 183 1782 ⁵1)
207 1717 246 1771 Ut
268 1716 374 1771 clarum
395 1713 449 1770 feci
472 1715 558 1785 priori
583 1716 676 1786 oapite
697 1717 726 1771 in
750 1716 986 1772 annotationibus.

153 1791 188 1868 g)
211 1795 334 1851 Vidimus
357 1802 423 1867 post
436 1795 474 1850 22
488 1812 576 1850 annos
597 1803 627 1850 et
648 1796 741 1868 gavisi
761 1798 862 1860 sumus,
887 1798 986 1852 saltem
1010 1813 1073 1868 ego,
1098 1803 1166 1867 puto
1181 1804 1211 1852 et
1225 1798 1391 1852 Maestlinus
1405 1802 1436 1852 et

106 1874 184 1932 lurimi
209 1876 266 1940 alii,
292 1875 337 1947 qui
361 1877 410 1931 lib.
434 1876 467 1930 V.
494 1876 626 1931 Hermon.
650 1883 716 1930 sunt
738 1877 846 1940 lecturi,
869 1876 1020 1948 participes
1044 1884 1126 1931 erunt
1142 1878 1247 1950 gaudii.

155 1953 186 2021 h)
208 1957 254 2010 lta
276 1957 447 2012 somniabam
471 1956 505 2010 de
526 1956 655 2020 veritate,
680 1956 778 2028 opinor
802 1958 873 2012 bono
887 1959 948 2012 Deo
971 1957 1134 2027 inspirante.
1175 1958 1279 2013 Elicita
1302 1963 1356 2021 εει,
1379 1973 1434 2011 non

106 2033 267 2107 itaquidem,
292 2039 341 2091 sed
363 2055 401 2092 ex
423 2036 581 2100 harmoniis,
604 2038 678 2092 ratio
699 2037 944 2100 eooentricitatum,
973 2039 1020 2090 sed
1044 2043 1137 2092 tamen
1157 2039 1296 2093 mediante
1318 2038 1371 2091 hoo
1393 2037 1433 2091 in·

106 2123 173 2178 tuto:
195 2134 248 2171 nec
268 2116 338 2172 illud
361 2122 428 2173 ante
449 2115 509 2171 fleri
532 2116 632 2187 potuit,
657 2133 740 2189 quam
761 2119 814 2172 hoc
837 2120 1010 2172 emendatum
1032 2116 1193 2172 haberetur.
1235 2118 1306 2173 Nam
1328 2117 1376 2172 lib.
1399 2116 1432 2172 V.

106 2209 171 2252 una
185 2213 248 2266 esp.
263 2195 290 2251 3.
304 2197 417 2267 ponitur
430 2195 504 2251 inter
516 2197 653 2267 principia
666 2197 907 2252 demonstrationis
922 2196 993 2251 haec
1006 2197 1194 2268 sesquialtera
1206 2196 1357 2268 proportio.

157 2271 179 2345 i)
201 2277 256 2331 Pro
275 2277 319 2331 his
339 2294 395 2331 non
418 2276 550 2347 perfectis
564 2277 720 2333 intervallis
739 2295 777 2333 ex
791 2278 942 2348 Gopernico
962 2277 1050 2331 habes
1064 2278 1160 2333 Harm.
1176 2278 1224 2332 lib.
1239 2278 1273 2332 V.
1288 2276 1432 2348 perfectis·

106 2369 149 2412 ua
160 2375 196 2412 ex
209 2356 380 2413 astronomia
392 2374 444 2427 per
458 2356 667 2412 observationes
681 2358 845 2413 Braheanas
859 2363 1028 2412 restaurata.

156 2433 189 2506 k)
211 2437 330 2492 Rursum
344 2436 514 2492 somniabam
527 2438 561 2491 de
575 2437 705 2493 veritate.
738 2438 808 2493 Vide
825 2440 1000 2494 emendatum
1014 2438 1121 2491 modum
1134 2438 1208 2491 hunc
1221 2434 1270 2490 lib.
1286 2435 1320 2489 V.
1335 2435 1431 2490 Herm.

106 2530 141 2585 p.
155 2517 180 2572 0.
195 2534 273 2588 prop.
289 2518 337 2574 46.
353 2516 401 2574 47.
417 2517 464 2573 48.
480 2516 528 2573 49.

156 2594 178 2662 l)
202 2598 294 2652 cubus
309 2597 479 2653 exteriorum
501 2603 531 2651 et
554 2598 703 2651 octaedron
722 2596 881 2652 interiorum
903 2596 1018 2652 ultimae
1037 2595 1171 2660 similiter,
1195 2596 1221 2650 id
1245 2601 1290 2649 est
1302 2600 1432 2665 penetra·

106 2689 136 2730 re
156 2677 299 2740 intersunt.
325 2683 357 2732 at
378 2695 434 2731 non
456 2676 646 2732 intermedias
662 2677 818 2742 distantias,
840 2677 949 2732 nimium
970 2678 1031 2732 hoc.
1059 2677 1122 2731 Duo
1136 2693 1202 2731 vero
1217 2675 1358 2738 interiora,
1386 2674 1433 2728 do·

106 2759 227 2811 mtdron
242 2763 272 2810 et
285 2757 456 2821 icosaedrom
471 2756 580 2820 similia,
595 2773 703 2811 rursum
716 2757 854 2822 similiter,
870 2758 897 2811 id
911 2763 956 2811 est
969 2756 1118 2821 defective,
1139 2763 1170 2811 at
1183 2772 1238 2811 non
1251 2756 1325 2809 inter
1338 2760 1431 2809 extre·

106 2848 149 2891 am
161 2844 189 2891 et
201 2837 326 2900 mediam,
350 2852 458 2891 rursum
480 2837 533 2891 hoc
546 2837 656 2892 nimium
671 2843 724 2892 est.
762 2838 933 2892 Tetratdron
947 2854 1012 2892 vero
1032 2837 1140 2892 omnino
1159 2854 1209 2891 suo
1224 2836 1324 2890 fruitur
1347 2834 1432 2888 etiam

106 2914 289 2989 iopririlegio,
313 2917 580 2989 interestqueinter
603 2923 744 2972 extremas
767 2918 931 2972 distantias:
955 2916 1036 2972 imam
1058 2917 1144 2981 iovis,
1169 2932 1300 2972 summam
1320 2913 1429 2970 Martis.

106 2991 141 3048 [oc
152 2997 187 3050 sic
199 3013 261 3051 esse
275 2998 377 3052 debere
391 2997 577 3053 demonstrari
592 2997 824 3068 propositionibus
834 2998 895 3067 jam
909 2998 1051 3069 allegatis.

157 3077 270 3132 Ceterae
292 3079 445 3133 errantium
458 3094 631 3133 numerorum
645 3079 680 3132 ad
694 3078 842 3134 veritatem
856 3078 1016 3141 allusiones,
1039 3094 1107 3149 quas
1126 3074 1229 3147 passim
1245 3076 1349 3148 allego,
1373 3073 1429 3128 ior·

106 3151 166 3211 litae
179 3164 249 3219 sunt.
274 3175 325 3212 neo
338 3158 449 3231 dignae,
471 3174 543 3229 quae
558 3158 750 3220 excutiantur;
771 3157 912 3227 jucundae
928 3166 1021 3213 tamen
1036 3157 1101 3213 mihi
1117 3155 1270 3228 recognitu,
1294 3153 1360 3227 quia
1372 3169 1429 3208 mo-

106 3240 161 3300 tui,
181 3238 277 3309 quibus
300 3237 464 3309 maeandris,
489 3237 762 3308 quorum'parietnm
783 3240 947 3310 palpatione
968 3255 1018 3309 per
1040 3240 1171 3293 tenebras
1194 3234 1371 3307 ignorantiae
1395 3235 1429 3287 ad

106 3310 215 3373 clinans
242 3318 343 3374 ostium
364 3317 493 3373 veritatis
520 3317 684 3372 devenerim.

655 3551 846 3567 ια*

614 3750 735 3852 Caput
760 3749 888 3826 XXII.

227 3905 370 3970 Panem
392 3928 451 3997 our
471 3889 566 3991 saper
588 3911 756 3992 aspirantis
778 3918 882 3974 centra
905 3907 1082 3990 capsuliter
1102 3883 1273 3972 moveatur.

161 4046 303 4111 Didicisti
324 4050 422 4125 modo,
448 4051 552 4124 lector,
576 4052 669 4113 etiarn
692 4052 871 4132 imperfecta
893 4069 1089 4130 cognoscere,
1115 4069 1172 4130 quo
1197 4049 1294 4114 minus
1318 4054 1429 4122 metuo,

135 4134 264 4200 utimum
285 4137 364 4200 hanc
387 4145 420 4201 et
443 4139 583 4220 frigidam
598 4140 813 4221 catastrophen
830 4140 1030 4221 explosorum.
1064 4138 1179 4202 Ultimo
1198 4145 1299 4201 antem
1317 4137 1430 4199 referre

106 4216 172 4297 dni,
203 4245 271 4288 cnm
298 4226 369 4306 qnia
390 4227 496 4291 ultimo
519 4230 585 4290 loco
608 4228 723 4304 habeo,
755 4236 819 4292 tum
842 4230 1002 4310 quiscum
1026 4228 1157 4291 motibus
1185 4227 1345 4303 cohaeret,
1374 4244 1430 4287 nec

106 4312 207 4391 potiri
228 4314 294 4377 sine
317 4311 371 4378 20.
396 4316 496 4397 capita
521 4313 636 4396 potest’,
666 4318 804 4398 quamuis
833 4319 871 4380 ad
903 4313 953 4380 ll.
983 4317 1101 4398 proprie
1124 4318 1293 4396 pertineat,
1327 4320 1363 4376 ut
1389 4312 1430 4375 ibi

106 4398 202 4465 udins
225 4422 270 4466 es.

163 4488 253 4567 Cum,
268 4491 345 4554 banc
372 4492 527 4572 figuralem
556 4495 704 4556 coelorum
732 4493 955 4575 proportionem
977 4492 1133 4556 Maestlini
1156 4490 1428 4570 censurae-subje-

106 4590 190 4654 usern,
213 4578 241 4640 is
264 4599 311 4641 sne
330 4580 368 4644 de
383 4582 567 4661 superiorum
586 4582 739 4665 epioyeliis
756 4583 879 4657 monuit,
905 4602 979 4664 quos
995 4581 1180 4662 (iopernicns
1204 4583 1269 4644 loco
1294 4599 1428 4660 aequan-

106 4674 152 4726 un
170 4667 355 4744 introduxit,
389 4670 497 4751 quique
531 4671 622 4753 duplo·
643 4671 787 4750 majorem
810 4671 945 4735 efficiant
967 4671 1033 4735 orbi
1063 4670 1307 4750 spissitudinem,
1342 4687 1430 4748 quam

106 4743 214 4819 iuuene
228 4776 373 4821 ascensus
388 4759 610 4841 descensusque
624 4760 757 4842 requirit.
791 4762 834 4825 Et
855 4760 885 4821 in
909 4761 1098 4824 inferioribus
1123 4759 1241 4841 quidem
1259 4758 1312 4821 alii
1330 4765 1430 4821 motus

106 4847 157 4918 tul,
178 4844 284 4925 quibus
307 4846 433 4927 planeta
455 4848 494 4910 ad
517 4868 636 4913 ornnem
657 4849 738 4913 illius
761 4849 888 4933 epicycli
910 4849 1102 4913 altitudinem
1125 4848 1275 4924 evehitur,
1300 4845 1340 4909 ad
1356 4842 1429 4907 om·
1505 4874 1509 4888 ι
