<?xml version="1.0" encoding="UTF-8"?>
<!DOCTYPE html PUBLIC "-//W3C//DTD XHTML 1.0 Transitional//EN"
    "http://www.w3.org/TR/xhtml1/DTD/xhtml1-transitional.dtd">
<html xmlns="http://www.w3.org/1999/xhtml" xml:lang="en" lang="en">
 <head>
  <title>
</title>
<meta http-equiv="Content-Type" content="text/html;charset=utf-8" />
  <meta name='ocr-system' content='tesseract 3.04.00' />
  <meta name='ocr-capabilities' content='ocr_page ocr_carea ocr_par ocr_line ocrx_word'/>
</head>
<body>
  <div class='ocr_page' id='page_1' title='image "./joanniskepleria17frisgoog_0263.png"; bbox 0 0 3278 5542; ppageno 0'>
   <div class='ocr_carea' id='block_1_1' title="bbox 52 300 944 384">
    <p class='ocr_par' dir='ltr' id='par_1_1' title="bbox 52 300 944 384">
     <span class='ocr_line' id='line_1_1' title="bbox 52 300 944 384; baseline 0 -2"><span class='ocrx_word' id='word_1_1' title='bbox 52 300 74 333; x_wconf 59' lang='lat'><em>⁴</em></span> <span class='ocrx_word' id='word_1_2' title='bbox 128 317 192 383; x_wconf 80' lang='lat' dir='ltr'>elo</span> <span class='ocrx_word' id='word_1_3' title='bbox 679 319 802 384; x_wconf 68' lang='lat' dir='ltr'>eroum</span> <span class='ocrx_word' id='word_1_4' title='bbox 820 317 944 382; x_wconf 71' lang='lat' dir='ltr'>neon·</span> 
     </span>
    </p>
   </div>
   <div class='ocr_carea' id='block_1_2' title="bbox 124 436 1489 4933">
    <p class='ocr_par' dir='ltr' id='par_1_2' title="bbox 324 436 333 463">
     <span class='ocr_line' id='line_1_2' title="bbox 324 436 333 463; baseline 0 0"><span class='ocrx_word' id='word_1_5' title='bbox 324 436 333 463; x_wconf 76' lang='grc' dir='ltr'><strong><em>Ι</em></strong></span> 
     </span>
    </p>

    <p class='ocr_par' dir='ltr' id='par_1_3' title="bbox 126 478 1487 1363">
     <span class='ocr_line' id='line_1_3' title="bbox 128 478 1485 555; baseline 0 -15"><span class='ocrx_word' id='word_1_6' title='bbox 128 481 187 541; x_wconf 89' lang='lat' dir='ltr'>rint</span> <span class='ocrx_word' id='word_1_7' title='bbox 210 478 471 552; x_wconf 82' lang='lat' dir='ltr'>accommodatae,</span> <span class='ocrx_word' id='word_1_8' title='bbox 506 496 618 539; x_wconf 89' lang='lat' dir='ltr'>morem</span> <span class='ocrx_word' id='word_1_9' title='bbox 646 478 722 540; x_wconf 93' lang='lat' dir='ltr'>hunc</span> <span class='ocrx_word' id='word_1_10' title='bbox 746 497 849 539; x_wconf 87' lang='lat' dir='ltr'>verum</span> <span class='ocrx_word' id='word_1_11' title='bbox 882 479 1077 541; x_wconf 88' lang='lat' dir='ltr'>concludendi</span> <span class='ocrx_word' id='word_1_12' title='bbox 1107 499 1165 542; x_wconf 93' lang='lat' dir='ltr'>non</span> <span class='ocrx_word' id='word_1_13' title='bbox 1195 479 1345 555; x_wconf 81' lang='lat' dir='ltr'><strong>retinent,</strong></span> <span class='ocrx_word' id='word_1_14' title='bbox 1382 480 1435 540; x_wconf 88' lang='lat' dir='ltr'>sed</span> <span class='ocrx_word' id='word_1_15' title='bbox 1456 499 1485 541; x_wconf 91' lang='lat' dir='ltr'>se</span> 
     </span>
     <span class='ocr_line' id='line_1_4' title="bbox 129 567 1485 648; baseline 0.001 -19"><span class='ocrx_word' id='word_1_16' title='bbox 129 571 209 647; x_wconf 89' lang='lat' dir='ltr'>ipsas</span> <span class='ocrx_word' id='word_1_17' title='bbox 233 569 371 648; x_wconf 91' lang='lat' dir='ltr'>produnt.</span> <span class='ocrx_word' id='word_1_18' title='bbox 419 568 468 627; x_wconf 92' lang='lat' dir='ltr'>lta</span> <span class='ocrx_word' id='word_1_19' title='bbox 491 567 614 628; x_wconf 90' lang='lat' dir='ltr'>tandem</span> <span class='ocrx_word' id='word_1_20' title='bbox 637 567 685 641; x_wconf 88' lang='lat' dir='ltr'>lit,</span> <span class='ocrx_word' id='word_1_21' title='bbox 711 575 834 647; x_wconf 89' lang='lat' dir='ltr'>propter</span> <span class='ocrx_word' id='word_1_22' title='bbox 858 568 1100 648; x_wconf 78' lang='lat' dir='ltr'>syllogismorum</span> <span class='ocrx_word' id='word_1_23' title='bbox 1124 571 1152 630; x_wconf 93' lang='lat' dir='ltr'>in</span> <span class='ocrx_word' id='word_1_24' title='bbox 1178 568 1485 631; x_wconf 79' lang='lat' dir='ltr'>demonstrationibus</span> 
     </span>
     <span class='ocr_line' id='line_1_5' title="bbox 127 656 1486 740; baseline 0.001 -22"><span class='ocrx_word' id='word_1_25' title='bbox 127 659 304 737; x_wconf 84' lang='lat' dir='ltr'>implexum,</span> <span class='ocrx_word' id='word_1_26' title='bbox 340 666 372 718; x_wconf 91' lang='lat' dir='ltr'>ut</span> <span class='ocrx_word' id='word_1_27' title='bbox 395 676 452 716; x_wconf 92' lang='lat' dir='ltr'>nno</span> <span class='ocrx_word' id='word_1_28' title='bbox 476 656 695 717; x_wconf 81' lang='lat' dir='ltr'>inconvenienti</span> <span class='ocrx_word' id='word_1_29' title='bbox 720 658 792 717; x_wconf 88' lang='lat' dir='ltr'>dato</span> <span class='ocrx_word' id='word_1_30' title='bbox 817 668 981 737; x_wconf 87' lang='lat' dir='ltr'>sequantur</span> <span class='ocrx_word' id='word_1_31' title='bbox 1010 659 1126 721; x_wconf 87' lang='lat' dir='ltr'>infiniti.</span> <span class='ocrx_word' id='word_1_32' title='bbox 1175 656 1252 721; x_wconf 87' lang='lat' dir='ltr'>Cum</span> <span class='ocrx_word' id='word_1_33' title='bbox 1277 659 1383 740; x_wconf 85' lang='lat' dir='ltr'>itaque</span> <span class='ocrx_word' id='word_1_34' title='bbox 1407 676 1486 719; x_wconf 88' lang='lat' dir='ltr'>nemo</span> 
     </span>
     <span class='ocr_line' id='line_1_6' title="bbox 127 746 1487 827; baseline 0 -19"><span class='ocrx_word' id='word_1_35' title='bbox 127 766 238 819; x_wconf 91' lang='lat' dir='ltr'>eorum,</span> <span class='ocrx_word' id='word_1_36' title='bbox 263 766 336 827; x_wconf 90' lang='lat' dir='ltr'>quos</span> <span class='ocrx_word' id='word_1_37' title='bbox 351 746 562 827; x_wconf 84' lang='lat' dir='ltr'>hypothesium</span> <span class='ocrx_word' id='word_1_38' title='bbox 578 754 715 810; x_wconf 83' lang='lat' dir='ltr'>auctores</span> <span class='ocrx_word' id='word_1_39' title='bbox 740 747 936 819; x_wconf 85' lang='lat' dir='ltr'>celebramus,</span> <span class='ocrx_word' id='word_1_40' title='bbox 967 748 998 808; x_wconf 93' lang='lat' dir='ltr'>in</span> <span class='ocrx_word' id='word_1_41' title='bbox 1022 748 1154 826; x_wconf 90' lang='lat' dir='ltr'>periculo</span> <span class='ocrx_word' id='word_1_42' title='bbox 1171 749 1286 810; x_wconf 79' lang='lat' dir='ltr'>versari</span> <span class='ocrx_word' id='word_1_43' title='bbox 1312 749 1388 810; x_wconf 77' lang='lat' dir='ltr'>velit</span> <span class='ocrx_word' id='word_1_44' title='bbox 1410 767 1487 808; x_wconf 82' lang='lat' dir='ltr'>erro·</span> 
     </span>
     <span class='ocr_line' id='line_1_7' title="bbox 128 834 1487 918; baseline -0.001 -20"><span class='ocrx_word' id='word_1_45' title='bbox 128 838 168 898; x_wconf 89' lang='lat' dir='ltr'>ris</span> <span class='ocrx_word' id='word_1_46' title='bbox 198 837 278 897; x_wconf 89' lang='lat' dir='ltr'>circa</span> <span class='ocrx_word' id='word_1_47' title='bbox 306 837 528 904; x_wconf 84' lang='lat' dir='ltr'>conclusiones,</span> <span class='ocrx_word' id='word_1_48' title='bbox 562 845 596 895; x_wconf 91' lang='lat' dir='ltr'>ut</span> <span class='ocrx_word' id='word_1_49' title='bbox 626 843 696 895; x_wconf 90' lang='lat' dir='ltr'>ante</span> <span class='ocrx_word' id='word_1_50' title='bbox 725 834 787 896; x_wconf 84' lang='lat' dir='ltr'>dixi</span> <span class='ocrx_word' id='word_1_51' title='bbox 828 836 976 915; x_wconf 91' lang='lat' dir='ltr'>sequitur,</span> <span class='ocrx_word' id='word_1_52' title='bbox 1011 845 1045 898; x_wconf 92' lang='lat' dir='ltr'>nt</span> <span class='ocrx_word' id='word_1_53' title='bbox 1074 856 1170 917; x_wconf 89' lang='lat' dir='ltr'>neque</span> <span class='ocrx_word' id='word_1_54' title='bbox 1202 838 1365 918; x_wconf 88' lang='lat' dir='ltr'>quisquam</span> <span class='ocrx_word' id='word_1_55' title='bbox 1394 856 1487 898; x_wconf 90' lang='lat' dir='ltr'>eorum</span> 
     </span>
     <span class='ocr_line' id='line_1_8' title="bbox 127 924 1485 1007; baseline 0 -21"><span class='ocrx_word' id='word_1_56' title='bbox 127 927 205 986; x_wconf 87' lang='lat' dir='ltr'>inter</span> <span class='ocrx_word' id='word_1_57' title='bbox 228 925 411 1007; x_wconf 87' lang='lat' dir='ltr'>hypotheses</span> <span class='ocrx_word' id='word_1_58' title='bbox 436 944 506 986; x_wconf 88' lang='lat' dir='ltr'>suas</span> <span class='ocrx_word' id='word_1_59' title='bbox 534 924 646 1004; x_wconf 89' lang='lat' dir='ltr'>aliquid</span> <span class='ocrx_word' id='word_1_60' title='bbox 675 924 751 985; x_wconf 84' lang='lat' dir='ltr'>velit</span> <span class='ocrx_word' id='word_1_61' title='bbox 779 925 911 1003; x_wconf 91' lang='lat' dir='ltr'>recipere</span> <span class='ocrx_word' id='word_1_62' title='bbox 942 925 1056 1000; x_wconf 91' lang='lat' dir='ltr'>sciens,</span> <span class='ocrx_word' id='word_1_63' title='bbox 1091 926 1170 1005; x_wconf 89' lang='lat' dir='ltr'>quod</span> <span class='ocrx_word' id='word_1_64' title='bbox 1197 927 1291 989; x_wconf 90' lang='lat' dir='ltr'>errori</span> <span class='ocrx_word' id='word_1_65' title='bbox 1325 926 1369 987; x_wconf 85' lang='lat' dir='ltr'>sit</span> <span class='ocrx_word' id='word_1_66' title='bbox 1397 927 1485 987; x_wconf 90' lang='lat' dir='ltr'>obno-</span> 
     </span>
     <span class='ocr_line' id='line_1_9' title="bbox 126 1014 1486 1094; baseline 0.001 -19"><span class='ocrx_word' id='word_1_67' title='bbox 126 1015 217 1076; x_wconf 84' lang='lat' dir='ltr'>xium.</span> <span class='ocrx_word' id='word_1_68' title='bbox 265 1014 411 1094; x_wconf 89' lang='lat' dir='ltr'>Adeoque</span> <span class='ocrx_word' id='word_1_69' title='bbox 436 1033 494 1074; x_wconf 94' lang='lat' dir='ltr'>non</span> <span class='ocrx_word' id='word_1_70' title='bbox 518 1021 636 1074; x_wconf 92' lang='lat' dir='ltr'>tantum</span> <span class='ocrx_word' id='word_1_71' title='bbox 661 1014 697 1074; x_wconf 92' lang='lat' dir='ltr'>de</span> <span class='ocrx_word' id='word_1_72' title='bbox 722 1014 1011 1075; x_wconf 85' lang='lat' dir='ltr'>demonstrationum</span> <span class='ocrx_word' id='word_1_73' title='bbox 1036 1022 1145 1076; x_wconf 91' lang='lat' dir='ltr'>eventu</span> <span class='ocrx_word' id='word_1_74' title='bbox 1176 1023 1208 1076; x_wconf 91' lang='lat' dir='ltr'>et</span> <span class='ocrx_word' id='word_1_75' title='bbox 1238 1014 1486 1087; x_wconf 89' lang='lat' dir='ltr'>conclusionibus,</span> 
     </span>
     <span class='ocr_line' id='line_1_10' title="bbox 127 1102 1487 1184; baseline 0 -19"><span class='ocrx_word' id='word_1_76' title='bbox 127 1105 181 1165; x_wconf 88' lang='lat' dir='ltr'>sed</span> <span class='ocrx_word' id='word_1_77' title='bbox 205 1122 296 1183; x_wconf 85' lang='lat' dir='ltr'>saepe</span> <span class='ocrx_word' id='word_1_78' title='bbox 319 1103 416 1182; x_wconf 83' lang='lat' dir='ltr'>magis</span> <span class='ocrx_word' id='word_1_79' title='bbox 441 1103 478 1163; x_wconf 93' lang='lat' dir='ltr'>de</span> <span class='ocrx_word' id='word_1_80' title='bbox 503 1102 646 1163; x_wconf 88' lang='lat' dir='ltr'>assumtis</span> <span class='ocrx_word' id='word_1_81' title='bbox 670 1102 887 1183; x_wconf 85' lang='lat' dir='ltr'>hypothesibus</span> <span class='ocrx_word' id='word_1_82' title='bbox 917 1103 1039 1165; x_wconf 86' lang='lat' dir='ltr'>solliciti</span> <span class='ocrx_word' id='word_1_83' title='bbox 1064 1111 1153 1165; x_wconf 91' lang='lat' dir='ltr'>sunt:</span> <span class='ocrx_word' id='word_1_84' title='bbox 1182 1105 1261 1166; x_wconf 90' lang='lat' dir='ltr'>adeo</span> <span class='ocrx_word' id='word_1_85' title='bbox 1285 1104 1374 1180; x_wconf 87' lang='lat' dir='ltr'>illas,</span> <span class='ocrx_word' id='word_1_86' title='bbox 1406 1112 1487 1184; x_wconf 80' lang='lat' dir='ltr'>quot</span> 
     </span>
     <span class='ocr_line' id='line_1_11' title="bbox 128 1192 1486 1276; baseline 0 -22"><span class='ocrx_word' id='word_1_87' title='bbox 128 1202 201 1273; x_wconf 91' lang='lat' dir='ltr'>quot</span> <span class='ocrx_word' id='word_1_88' title='bbox 229 1193 326 1253; x_wconf 90' lang='lat' dir='ltr'>adhuc</span> <span class='ocrx_word' id='word_1_89' title='bbox 359 1195 419 1252; x_wconf 86' lang='lat' dir='ltr'>lere</span> <span class='ocrx_word' id='word_1_90' title='bbox 445 1192 565 1253; x_wconf 82' lang='lat' dir='ltr'>fuerunt</span> <span class='ocrx_word' id='word_1_91' title='bbox 597 1200 737 1252; x_wconf 86' lang='lat' dir='ltr'>auctores</span> <span class='ocrx_word' id='word_1_92' title='bbox 762 1192 913 1265; x_wconf 89' lang='lat' dir='ltr'>celebres,</span> <span class='ocrx_word' id='word_1_93' title='bbox 950 1212 1015 1254; x_wconf 88' lang='lat' dir='ltr'>curn</span> <span class='ocrx_word' id='word_1_94' title='bbox 1044 1193 1236 1271; x_wconf 82' lang='lat' dir='ltr'>geometricis</span> <span class='ocrx_word' id='word_1_95' title='bbox 1270 1202 1337 1256; x_wconf 89' lang='lat' dir='ltr'>tum</span> <span class='ocrx_word' id='word_1_96' title='bbox 1360 1193 1486 1276; x_wconf 90' lang='lat' dir='ltr'>physicis</span> 
     </span>
     <span class='ocr_line' id='line_1_12' title="bbox 128 1281 1118 1363; baseline 0 -20"><span class='ocrx_word' id='word_1_97' title='bbox 128 1282 295 1344; x_wconf 89' lang='lat' dir='ltr'>rationibus</span> <span class='ocrx_word' id='word_1_98' title='bbox 319 1281 492 1360; x_wconf 91' lang='lat' dir='ltr'>expendunt</span> <span class='ocrx_word' id='word_1_99' title='bbox 515 1290 547 1342; x_wconf 90' lang='lat' dir='ltr'>et</span> <span class='ocrx_word' id='word_1_100' title='bbox 570 1281 760 1361; x_wconf 89' lang='lat' dir='ltr'>undiquaque</span> <span class='ocrx_word' id='word_1_101' title='bbox 785 1281 962 1342; x_wconf 91' lang='lat' dir='ltr'>conciliatas</span> <span class='ocrx_word' id='word_1_102' title='bbox 988 1282 1118 1363; x_wconf 83' lang='lat' dir='ltr'>cupiunt.</span> 
     </span>
    </p>

    <p class='ocr_par' dir='ltr' id='par_1_4' title="bbox 126 1369 1489 3949">
     <span class='ocr_line' id='line_1_13' title="bbox 218 1369 1485 1450; baseline 0.002 -20"><span class='ocrx_word' id='word_1_103' title='bbox 218 1369 298 1441; x_wconf 81' lang='lat' dir='ltr'>Quid</span> <span class='ocrx_word' id='word_1_104' title='bbox 321 1370 413 1448; x_wconf 85' lang='lat' dir='ltr'>igitur</span> <span class='ocrx_word' id='word_1_105' title='bbox 436 1377 499 1444; x_wconf 90' lang='lat' dir='ltr'>est,</span> <span class='ocrx_word' id='word_1_106' title='bbox 526 1370 629 1444; x_wconf 90' lang='lat' dir='ltr'>dicas,</span> <span class='ocrx_word' id='word_1_107' title='bbox 665 1371 743 1450; x_wconf 92' lang='lat' dir='ltr'>quod</span> <span class='ocrx_word' id='word_1_108' title='bbox 767 1389 834 1431; x_wconf 92' lang='lat' dir='ltr'>cum</span> <span class='ocrx_word' id='word_1_109' title='bbox 858 1389 960 1431; x_wconf 91' lang='lat' dir='ltr'>omnes</span> <span class='ocrx_word' id='word_1_110' title='bbox 985 1372 1107 1433; x_wconf 88' lang='lat' dir='ltr'>eosdem</span> <span class='ocrx_word' id='word_1_111' title='bbox 1138 1380 1239 1433; x_wconf 88' lang='lat' dir='ltr'>motus</span> <span class='ocrx_word' id='word_1_112' title='bbox 1263 1371 1417 1434; x_wconf 85' lang='lat' dir='ltr'>coelestes</span> <span class='ocrx_word' id='word_1_113' title='bbox 1439 1370 1485 1432; x_wconf 92' lang='lat' dir='ltr'>de·</span> 
     </span>
     <span class='ocr_line' id='line_1_14' title="bbox 128 1459 1485 1539; baseline -0.001 -17"><span class='ocrx_word' id='word_1_114' title='bbox 128 1467 316 1529; x_wconf 89' lang='lat' dir='ltr'>monstrent,</span> <span class='ocrx_word' id='word_1_115' title='bbox 351 1467 439 1520; x_wconf 92' lang='lat' dir='ltr'>tanta</span> <span class='ocrx_word' id='word_1_116' title='bbox 471 1467 571 1521; x_wconf 91' lang='lat' dir='ltr'>tamen</span> <span class='ocrx_word' id='word_1_117' title='bbox 606 1459 647 1520; x_wconf 90' lang='lat' dir='ltr'>sit</span> <span class='ocrx_word' id='word_1_118' title='bbox 680 1459 893 1539; x_wconf 89' lang='lat' dir='ltr'>hypothesium</span> <span class='ocrx_word' id='word_1_119' title='bbox 923 1460 1108 1522; x_wconf 84' lang='lat' dir='ltr'>diversitas?</span> <span class='ocrx_word' id='word_1_120' title='bbox 1153 1461 1222 1522; x_wconf 91' lang='lat' dir='ltr'>Non</span> <span class='ocrx_word' id='word_1_121' title='bbox 1256 1479 1331 1522; x_wconf 89' lang='lat' dir='ltr'>sane</span> <span class='ocrx_word' id='word_1_122' title='bbox 1364 1459 1397 1523; x_wconf 88' lang='lat' dir='ltr'>id</span> <span class='ocrx_word' id='word_1_123' title='bbox 1426 1460 1485 1521; x_wconf 85' lang='lat' dir='ltr'>inde</span> 
     </span>
     <span class='ocr_line' id='line_1_15' title="bbox 128 1548 1484 1630; baseline 0.001 -19"><span class='ocrx_word' id='word_1_124' title='bbox 128 1550 249 1611; x_wconf 84' lang='lat' dir='ltr'>evenire</span> <span class='ocrx_word' id='word_1_125' title='bbox 274 1548 506 1609; x_wconf 86' lang='lat' dir='ltr'>existimandum</span> <span class='ocrx_word' id='word_1_126' title='bbox 531 1557 593 1621; x_wconf 89' lang='lat' dir='ltr'>est,</span> <span class='ocrx_word' id='word_1_127' title='bbox 628 1549 706 1627; x_wconf 91' lang='lat' dir='ltr'>qnod</span> <span class='ocrx_word' id='word_1_128' title='bbox 731 1568 768 1608; x_wconf 87' lang='lat' dir='ltr'>ex</span> <span class='ocrx_word' id='word_1_129' title='bbox 792 1548 870 1608; x_wconf 91' lang='lat' dir='ltr'>falso</span> <span class='ocrx_word' id='word_1_130' title='bbox 896 1568 998 1610; x_wconf 87' lang='lat' dir='ltr'>verum</span> <span class='ocrx_word' id='word_1_131' title='bbox 1026 1569 1080 1629; x_wconf 90' lang='lat' dir='ltr'>per</span> <span class='ocrx_word' id='word_1_132' title='bbox 1104 1550 1244 1611; x_wconf 90' lang='lat' dir='ltr'>accidens</span> <span class='ocrx_word' id='word_1_133' title='bbox 1273 1550 1359 1630; x_wconf 90' lang='lat' dir='ltr'>sequi</span> <span class='ocrx_word' id='word_1_134' title='bbox 1384 1550 1484 1612; x_wconf 84' lang='lat' dir='ltr'>soleat</span> 
     </span>
     <span class='ocr_line' id='line_1_16' title="bbox 128 1637 1485 1721; baseline -0.001 -19"><span class='ocrx_word' id='word_1_135' title='bbox 128 1640 232 1713; x_wconf 89' lang='lat' dir='ltr'>Nam,</span> <span class='ocrx_word' id='word_1_136' title='bbox 254 1647 287 1698; x_wconf 91' lang='lat' dir='ltr'>ut</span> <span class='ocrx_word' id='word_1_137' title='bbox 310 1646 381 1697; x_wconf 89' lang='lat' dir='ltr'>anto</span> <span class='ocrx_word' id='word_1_138' title='bbox 407 1637 487 1706; x_wconf 83' lang='lat' dir='ltr'>dixi,</span> <span class='ocrx_word' id='word_1_139' title='bbox 519 1638 549 1698; x_wconf 91' lang='lat' dir='ltr'>in</span> <span class='ocrx_word' id='word_1_140' title='bbox 574 1639 663 1716; x_wconf 86' lang='lat' dir='ltr'>longo</span> <span class='ocrx_word' id='word_1_141' title='bbox 689 1638 979 1699; x_wconf 86' lang='lat' dir='ltr'>demonstrationum</span> <span class='ocrx_word' id='word_1_142' title='bbox 1006 1657 1061 1717; x_wconf 92' lang='lat' dir='ltr'>per</span> <span class='ocrx_word' id='word_1_143' title='bbox 1084 1640 1185 1701; x_wconf 88' lang='lat' dir='ltr'>varios</span> <span class='ocrx_word' id='word_1_144' title='bbox 1214 1638 1414 1721; x_wconf 83' lang='lat' dir='ltr'>syllogismos</span> <span class='ocrx_word' id='word_1_145' title='bbox 1438 1659 1485 1700; x_wconf 88' lang='lat' dir='ltr'>an·</span> 
     </span>
     <span class='ocr_line' id='line_1_17' title="bbox 127 1726 1485 1808; baseline -0.001 -18"><span class='ocrx_word' id='word_1_146' title='bbox 127 1730 239 1802; x_wconf 84' lang='lat' dir='ltr'>fractu,</span> <span class='ocrx_word' id='word_1_147' title='bbox 274 1727 377 1807; x_wconf 90' lang='lat' dir='ltr'>quales</span> <span class='ocrx_word' id='word_1_148' title='bbox 406 1728 505 1788; x_wconf 88' lang='lat' dir='ltr'>solent</span> <span class='ocrx_word' id='word_1_149' title='bbox 527 1726 557 1786; x_wconf 92' lang='lat' dir='ltr'>in</span> <span class='ocrx_word' id='word_1_150' title='bbox 587 1727 773 1788; x_wconf 89' lang='lat' dir='ltr'>astronomia</span> <span class='ocrx_word' id='word_1_151' title='bbox 796 1728 943 1796; x_wconf 86' lang='lat' dir='ltr'>existere,</span> <span class='ocrx_word' id='word_1_152' title='bbox 977 1728 1039 1788; x_wconf 89' lang='lat' dir='ltr'>fieri</span> <span class='ocrx_word' id='word_1_153' title='bbox 1064 1728 1114 1788; x_wconf 81' lang='lat' dir='ltr'>vix</span> <span class='ocrx_word' id='word_1_154' title='bbox 1142 1747 1273 1808; x_wconf 88' lang='lat' dir='ltr'>unquam</span> <span class='ocrx_word' id='word_1_155' title='bbox 1305 1737 1426 1808; x_wconf 88' lang='lat' dir='ltr'>potest,</span> <span class='ocrx_word' id='word_1_156' title='bbox 1458 1747 1485 1790; x_wconf 87' lang='lat' dir='ltr'>ac</span> 
     </span>
     <span class='ocr_line' id='line_1_18' title="bbox 126 1816 1485 1899; baseline 0.001 -21"><span class='ocrx_word' id='word_1_157' title='bbox 126 1818 198 1879; x_wconf 91' lang='lat' dir='ltr'>mihi</span> <span class='ocrx_word' id='word_1_158' title='bbox 222 1837 294 1878; x_wconf 89' lang='lat' dir='ltr'>sane</span> <span class='ocrx_word' id='word_1_159' title='bbox 319 1818 488 1896; x_wconf 89' lang='lat' dir='ltr'>exemplum</span> <span class='ocrx_word' id='word_1_160' title='bbox 511 1835 569 1876; x_wconf 95' lang='lat' dir='ltr'>non</span> <span class='ocrx_word' id='word_1_161' title='bbox 594 1816 733 1890; x_wconf 89' lang='lat' dir='ltr'>occurrit,</span> <span class='ocrx_word' id='word_1_162' title='bbox 759 1824 792 1877; x_wconf 91' lang='lat' dir='ltr'>ut</span> <span class='ocrx_word' id='word_1_163' title='bbox 817 1836 854 1877; x_wconf 88' lang='lat' dir='ltr'>ex</span> <span class='ocrx_word' id='word_1_164' title='bbox 878 1825 1016 1879; x_wconf 89' lang='lat' dir='ltr'>assumta</span> <span class='ocrx_word' id='word_1_165' title='bbox 1039 1836 1097 1878; x_wconf 92' lang='lat' dir='ltr'>non</span> <span class='ocrx_word' id='word_1_166' title='bbox 1117 1837 1193 1879; x_wconf 85' lang='lat' dir='ltr'>sana</span> <span class='ocrx_word' id='word_1_167' title='bbox 1207 1817 1373 1899; x_wconf 88' lang='lat' dir='ltr'>hypothesi</span> <span class='ocrx_word' id='word_1_168' title='bbox 1397 1817 1485 1879; x_wconf 84' lang='lat' dir='ltr'>exitus</span> 
     </span>
     <span class='ocr_line' id='line_1_19' title="bbox 128 1905 1483 1987; baseline -0.001 -18"><span class='ocrx_word' id='word_1_169' title='bbox 128 1908 317 1987; x_wconf 90' lang='lat' dir='ltr'>undiquaque</span> <span class='ocrx_word' id='word_1_170' title='bbox 342 1926 435 1967; x_wconf 88' lang='lat' dir='ltr'>sanus</span> <span class='ocrx_word' id='word_1_171' title='bbox 460 1913 491 1966; x_wconf 92' lang='lat' dir='ltr'>et</span> <span class='ocrx_word' id='word_1_172' title='bbox 514 1905 590 1966; x_wconf 90' lang='lat' dir='ltr'>coeli</span> <span class='ocrx_word' id='word_1_173' title='bbox 614 1905 746 1966; x_wconf 92' lang='lat' dir='ltr'>motibus</span> <span class='ocrx_word' id='word_1_174' title='bbox 772 1906 927 1984; x_wconf 87' lang='lat' dir='ltr'>analogus,</span> <span class='ocrx_word' id='word_1_175' title='bbox 954 1915 1007 1967; x_wconf 92' lang='lat' dir='ltr'>ant</span> <span class='ocrx_word' id='word_1_176' title='bbox 1030 1906 1111 1979; x_wconf 89' lang='lat' dir='ltr'>talis,</span> <span class='ocrx_word' id='word_1_177' title='bbox 1136 1907 1254 1987; x_wconf 90' lang='lat' dir='ltr'>qualem</span> <span class='ocrx_word' id='word_1_178' title='bbox 1277 1906 1345 1968; x_wconf 90' lang='lat' dir='ltr'>vult</span> <span class='ocrx_word' id='word_1_179' title='bbox 1369 1907 1483 1968; x_wconf 92' lang='lat' dir='ltr'>demon·</span> 
     </span>
     <span class='ocr_line' id='line_1_20' title="bbox 127 1993 1489 2078; baseline 0 -22"><span class='ocrx_word' id='word_1_180' title='bbox 127 2005 266 2068; x_wconf 90' lang='lat' dir='ltr'>stratum,</span> <span class='ocrx_word' id='word_1_181' title='bbox 291 2003 444 2075; x_wconf 86' lang='lat' dir='ltr'>sequatur.</span> <span class='ocrx_word' id='word_1_182' title='bbox 493 1993 554 2055; x_wconf 89' lang='lat' dir='ltr'>Sed</span> <span class='ocrx_word' id='word_1_183' title='bbox 579 2013 633 2054; x_wconf 92' lang='lat' dir='ltr'>nec</span> <span class='ocrx_word' id='word_1_184' title='bbox 658 2014 777 2073; x_wconf 87' lang='lat' dir='ltr'>semper</span> <span class='ocrx_word' id='word_1_185' title='bbox 800 1995 879 2055; x_wconf 88' lang='lat' dir='ltr'>idem</span> <span class='ocrx_word' id='word_1_186' title='bbox 903 1995 1032 2056; x_wconf 85' lang='lat' dir='ltr'>efficitur</span> <span class='ocrx_word' id='word_1_187' title='bbox 1060 2015 1114 2075; x_wconf 88' lang='lat' dir='ltr'>per</span> <span class='ocrx_word' id='word_1_188' title='bbox 1137 1997 1274 2057; x_wconf 90' lang='lat' dir='ltr'>diversas</span> <span class='ocrx_word' id='word_1_189' title='bbox 1299 1995 1489 2078; x_wconf 82' lang='lat' dir='ltr'>hypotheses,</span> 
     </span>
     <span class='ocr_line' id='line_1_21' title="bbox 127 2083 1485 2165; baseline -0.001 -18"><span class='ocrx_word' id='word_1_190' title='bbox 127 2085 245 2165; x_wconf 78' lang='lat' dir='ltr'>quoties</span> <span class='ocrx_word' id='word_1_191' title='bbox 270 2084 436 2163; x_wconf 90' lang='lat' dir='ltr'>imperitior</span> <span class='ocrx_word' id='word_1_192' title='bbox 460 2083 569 2163; x_wconf 89' lang='lat' dir='ltr'>aliquis</span> <span class='ocrx_word' id='word_1_193' title='bbox 594 2083 674 2144; x_wconf 90' lang='lat' dir='ltr'>idem</span> <span class='ocrx_word' id='word_1_194' title='bbox 698 2084 775 2144; x_wconf 86' lang='lat' dir='ltr'>effici</span> <span class='ocrx_word' id='word_1_195' title='bbox 799 2091 898 2163; x_wconf 91' lang='lat' dir='ltr'>putat.</span> <span class='ocrx_word' id='word_1_196' title='bbox 947 2083 1033 2155; x_wconf 81' lang='lat' dir='ltr'>Quae</span> <span class='ocrx_word' id='word_1_197' title='bbox 1055 2105 1092 2146; x_wconf 87' lang='lat' dir='ltr'>ex</span> <span class='ocrx_word' id='word_1_198' title='bbox 1107 2084 1306 2165; x_wconf 84' lang='lat' dir='ltr'>Copernici</span> <span class='ocrx_word' id='word_1_199' title='bbox 1332 2096 1485 2165; x_wconf 87' lang='lat' dir='ltr'>sequnntur</span> 
     </span>
     <span class='ocr_line' id='line_1_22' title="bbox 128 2173 1485 2256; baseline -0.002 -20"><span class='ocrx_word' id='word_1_200' title='bbox 128 2175 360 2256; x_wconf 86' lang='lat' dir='ltr'>hypothesibus,</span> <span class='ocrx_word' id='word_1_201' title='bbox 387 2194 424 2234; x_wconf 93' lang='lat' dir='ltr'>ea</span> <span class='ocrx_word' id='word_1_202' title='bbox 445 2173 618 2251; x_wconf 85' lang='lat' dir='ltr'>Maginus</span> <span class='ocrx_word' id='word_1_203' title='bbox 643 2193 680 2233; x_wconf 83' lang='lat' dir='ltr'>ex</span> <span class='ocrx_word' id='word_1_204' title='bbox 705 2173 773 2234; x_wconf 88' lang='lat' dir='ltr'>aliis</span> <span class='ocrx_word' id='word_1_205' title='bbox 797 2173 949 2246; x_wconf 88' lang='lat' dir='ltr'>similiter,</span> <span class='ocrx_word' id='word_1_206' title='bbox 974 2174 1071 2253; x_wconf 91' lang='lat' dir='ltr'>quoad</span> <span class='ocrx_word' id='word_1_207' title='bbox 1096 2193 1248 2248; x_wconf 90' lang='lat' dir='ltr'>numeros,</span> <span class='ocrx_word' id='word_1_208' title='bbox 1274 2174 1485 2236; x_wconf 71' lang='lat' dir='ltr'>demonstrarit</span> 
     </span>
     <span class='ocr_line' id='line_1_23' title="bbox 127 2258 1484 2345; baseline -0.001 -20"><span class='ocrx_word' id='word_1_209' title='bbox 127 2263 354 2345; x_wconf 90' lang='lat' dir='ltr'>hypothesibus,</span> <span class='ocrx_word' id='word_1_210' title='bbox 381 2282 456 2342; x_wconf 90' lang='lat' dir='ltr'>quae</span> <span class='ocrx_word' id='word_1_211' title='bbox 481 2261 675 2323; x_wconf 89' lang='lat' dir='ltr'>Ptolemaicis</span> <span class='ocrx_word' id='word_1_212' title='bbox 699 2270 802 2323; x_wconf 90' lang='lat' dir='ltr'>essent</span> <span class='ocrx_word' id='word_1_213' title='bbox 825 2263 1031 2341; x_wconf 89' lang='lat' dir='ltr'>utplurimum</span> <span class='ocrx_word' id='word_1_214' title='bbox 1046 2265 1223 2325; x_wconf 77' lang='lat' dir='ltr'>conformes.</span> <span class='ocrx_word' id='word_1_215' title='bbox 1238 2258 1264 2338; x_wconf 77' lang='lat'>¹)</span> <span class='ocrx_word' id='word_1_216' title='bbox 1312 2265 1394 2326; x_wconf 89' lang='lat' dir='ltr'>Num</span> <span class='ocrx_word' id='word_1_217' title='bbox 1418 2263 1484 2325; x_wconf 90' lang='lat' dir='ltr'>iden</span> 
     </span>
     <span class='ocr_line' id='line_1_24' title="bbox 126 2349 1483 2433; baseline -0.001 -19"><span class='ocrx_word' id='word_1_218' title='bbox 126 2362 250 2433; x_wconf 90' lang='lat' dir='ltr'>uterque</span> <span class='ocrx_word' id='word_1_219' title='bbox 274 2351 437 2432; x_wconf 87' lang='lat' dir='ltr'>praestat?</span> <span class='ocrx_word' id='word_1_220' title='bbox 482 2351 607 2412; x_wconf 89' lang='lat' dir='ltr'>Minime</span> <span class='ocrx_word' id='word_1_221' title='bbox 631 2352 777 2430; x_wconf 82' lang='lat' dir='ltr'>gentium.</span> <span class='ocrx_word' id='word_1_222' title='bbox 827 2349 1011 2430; x_wconf 83' lang='lat' dir='ltr'>Oopernicns</span> <span class='ocrx_word' id='word_1_223' title='bbox 1034 2353 1153 2432; x_wconf 88' lang='lat' dir='ltr'>quidem</span> <span class='ocrx_word' id='word_1_224' title='bbox 1176 2372 1300 2416; x_wconf 89' lang='lat' dir='ltr'>cansam</span> <span class='ocrx_word' id='word_1_225' title='bbox 1326 2352 1416 2416; x_wconf 89' lang='lat' dir='ltr'>simul</span> <span class='ocrx_word' id='word_1_226' title='bbox 1440 2353 1483 2414; x_wconf 88' lang='lat' dir='ltr'>de-</span> 
     </span>
     <span class='ocr_line' id='line_1_25' title="bbox 129 2440 1483 2522; baseline 0 -19"><span class='ocrx_word' id='word_1_227' title='bbox 129 2450 301 2503; x_wconf 90' lang='lat' dir='ltr'>monstrare</span> <span class='ocrx_word' id='word_1_228' title='bbox 325 2441 422 2500; x_wconf 86' lang='lat' dir='ltr'>voluit</span> <span class='ocrx_word' id='word_1_229' title='bbox 446 2447 478 2500; x_wconf 91' lang='lat' dir='ltr'>et</span> <span class='ocrx_word' id='word_1_230' title='bbox 500 2440 723 2514; x_wconf 90' lang='lat' dir='ltr'>necessitatem,</span> <span class='ocrx_word' id='word_1_231' title='bbox 750 2461 801 2502; x_wconf 89' lang='lat' dir='ltr'>cur</span> <span class='ocrx_word' id='word_1_232' title='bbox 824 2441 965 2519; x_wconf 91' lang='lat' dir='ltr'>planetae</span> <span class='ocrx_word' id='word_1_233' title='bbox 980 2443 1149 2521; x_wconf 88' lang='lat' dir='ltr'>superiores</span> <span class='ocrx_word' id='word_1_234' title='bbox 1173 2443 1202 2504; x_wconf 92' lang='lat' dir='ltr'>in</span> <span class='ocrx_word' id='word_1_235' title='bbox 1218 2443 1412 2522; x_wconf 90' lang='lat' dir='ltr'>oppositione</span> <span class='ocrx_word' id='word_1_236' title='bbox 1430 2460 1483 2503; x_wconf 89' lang='lat' dir='ltr'>curn</span> 
     </span>
     <span class='ocr_line' id='line_1_26' title="bbox 129 2529 1483 2613; baseline -0.001 -21"><span class='ocrx_word' id='word_1_237' title='bbox 129 2531 200 2592; x_wconf 88' lang='lat' dir='ltr'>Sole</span> <span class='ocrx_word' id='word_1_238' title='bbox 225 2549 343 2610; x_wconf 88' lang='lat' dir='ltr'>semper</span> <span class='ocrx_word' id='word_1_239' title='bbox 368 2538 471 2590; x_wconf 89' lang='lat' dir='ltr'>essent</span> <span class='ocrx_word' id='word_1_240' title='bbox 494 2529 596 2590; x_wconf 90' lang='lat' dir='ltr'>Terris</span> <span class='ocrx_word' id='word_1_241' title='bbox 620 2530 758 2609; x_wconf 82' lang='lat' dir='ltr'>proximi,</span> <span class='ocrx_word' id='word_1_242' title='bbox 783 2539 993 2613; x_wconf 90' lang='lat' dir='ltr'>praeterquam</span> <span class='ocrx_word' id='word_1_243' title='bbox 1018 2533 1095 2610; x_wconf 90' lang='lat' dir='ltr'>qnod</span> <span class='ocrx_word' id='word_1_244' title='bbox 1117 2531 1247 2594; x_wconf 90' lang='lat' dir='ltr'>numeris</span> <span class='ocrx_word' id='word_1_245' title='bbox 1271 2551 1377 2594; x_wconf 90' lang='lat' dir='ltr'>eorum</span> <span class='ocrx_word' id='word_1_246' title='bbox 1396 2540 1483 2594; x_wconf 87' lang='lat' dir='ltr'>motor</span> 
     </span>
     <span class='ocr_line' id='line_1_27' title="bbox 129 2619 1483 2702; baseline -0.001 -21"><span class='ocrx_word' id='word_1_247' title='bbox 129 2621 157 2681; x_wconf 93' lang='lat' dir='ltr'>in</span> <span class='ocrx_word' id='word_1_248' title='bbox 182 2630 336 2700; x_wconf 89' lang='lat' dir='ltr'>posterum</span> <span class='ocrx_word' id='word_1_249' title='bbox 360 2619 489 2680; x_wconf 83' lang='lat' dir='ltr'>voluerit</span> <span class='ocrx_word' id='word_1_250' title='bbox 513 2627 752 2698; x_wconf 88' lang='lat' dir='ltr'>repraesentare.</span> <span class='ocrx_word' id='word_1_251' title='bbox 800 2619 942 2699; x_wconf 84' lang='lat' dir='ltr'>Maginus</span> <span class='ocrx_word' id='word_1_252' title='bbox 966 2620 1079 2681; x_wconf 90' lang='lat' dir='ltr'>omisso</span> <span class='ocrx_word' id='word_1_253' title='bbox 1103 2621 1169 2694; x_wconf 92' lang='lat' dir='ltr'>illo,</span> <span class='ocrx_word' id='word_1_254' title='bbox 1203 2622 1280 2701; x_wconf 92' lang='lat' dir='ltr'>quod</span> <span class='ocrx_word' id='word_1_255' title='bbox 1307 2620 1483 2702; x_wconf 87' lang='lat' dir='ltr'>Copernicns</span> 
     </span>
     <span class='ocr_line' id='line_1_28' title="bbox 129 2708 1483 2790; baseline -0.001 -20"><span class='ocrx_word' id='word_1_256' title='bbox 129 2711 157 2770; x_wconf 86' lang='lat' dir='ltr'>in</span> <span class='ocrx_word' id='word_1_257' title='bbox 182 2708 377 2771; x_wconf 89' lang='lat' dir='ltr'>Ptolemaicis</span> <span class='ocrx_word' id='word_1_258' title='bbox 403 2708 586 2769; x_wconf 90' lang='lat' dir='ltr'>desideravit</span> <span class='ocrx_word' id='word_1_259' title='bbox 614 2717 646 2768; x_wconf 93' lang='lat' dir='ltr'>et</span> <span class='ocrx_word' id='word_1_260' title='bbox 670 2708 698 2768; x_wconf 89' lang='lat' dir='ltr'>in</span> <span class='ocrx_word' id='word_1_261' title='bbox 722 2708 785 2769; x_wconf 89' lang='lat' dir='ltr'>suis</span> <span class='ocrx_word' id='word_1_262' title='bbox 814 2708 1070 2787; x_wconf 88' lang='lat' dir='ltr'>suppositionibus</span> <span class='ocrx_word' id='word_1_263' title='bbox 1095 2729 1151 2771; x_wconf 89' lang='lat' dir='ltr'>non</span> <span class='ocrx_word' id='word_1_264' title='bbox 1175 2711 1260 2790; x_wconf 87' lang='lat' dir='ltr'>parvi</span> <span class='ocrx_word' id='word_1_265' title='bbox 1289 2711 1379 2785; x_wconf 83' lang='lat' dir='ltr'>fecit,</span> <span class='ocrx_word' id='word_1_266' title='bbox 1415 2710 1483 2773; x_wconf 85' lang='lat' dir='ltr'>solus</span> 
     </span>
     <span class='ocr_line' id='line_1_29' title="bbox 129 2782 1483 2878; baseline -0.001 -18"><span class='ocrx_word' id='word_1_267' title='bbox 129 2818 267 2861; x_wconf 88' lang='lat' dir='ltr'>numeros</span> <span class='ocrx_word' id='word_1_268' title='bbox 292 2796 451 2877; x_wconf 88' lang='lat' dir='ltr'>Copernici</span> <span class='ocrx_word' id='word_1_269' title='bbox 477 2797 532 2859; x_wconf 85' lang='lat' dir='ltr'>fnit</span> <span class='ocrx_word' id='word_1_270' title='bbox 556 2798 702 2858; x_wconf 89' lang='lat' dir='ltr'>imitatus.</span> <span class='ocrx_word' id='word_1_271' title='bbox 751 2797 783 2857; x_wconf 94' lang='lat' dir='ltr'>ln</span> <span class='ocrx_word' id='word_1_272' title='bbox 810 2795 977 2876; x_wconf 88' lang='lat' dir='ltr'>Copernico</span> <span class='ocrx_word' id='word_1_273' title='bbox 1001 2782 1151 2878; x_wconf 77' lang='lat' dir='ltr'>s&#39;eqnitur,</span> <span class='ocrx_word' id='word_1_274' title='bbox 1176 2800 1309 2861; x_wconf 89' lang='lat' dir='ltr'>Martem</span> <span class='ocrx_word' id='word_1_275' title='bbox 1333 2800 1483 2862; x_wconf 86' lang='lat' dir='ltr'>admittere</span> 
     </span>
     <span class='ocr_line' id='line_1_30' title="bbox 128 2886 1482 2973; baseline 0.001 -23"><span class='ocrx_word' id='word_1_276' title='bbox 128 2888 297 2968; x_wconf 80' lang='lat' dir='ltr'>parallaxin</span> <span class='ocrx_word' id='word_1_277' title='bbox 322 2888 466 2965; x_wconf 91' lang='lat' dir='ltr'>majorem</span> <span class='ocrx_word' id='word_1_278' title='bbox 491 2886 574 2960; x_wconf 87' lang='lat' dir='ltr'>Sole,</span> <span class='ocrx_word' id='word_1_279' title='bbox 598 2887 626 2947; x_wconf 92' lang='lat' dir='ltr'>in</span> <span class='ocrx_word' id='word_1_280' title='bbox 642 2887 767 2965; x_wconf 86' lang='lat' dir='ltr'>Magino</span> <span class='ocrx_word' id='word_1_281' title='bbox 793 2887 848 2947; x_wconf 93' lang='lat' dir='ltr'>hoc</span> <span class='ocrx_word' id='word_1_282' title='bbox 872 2886 992 2949; x_wconf 91' lang='lat' dir='ltr'>minime</span> <span class='ocrx_word' id='word_1_283' title='bbox 1017 2890 1162 2968; x_wconf 89' lang='lat' dir='ltr'>sequitur.</span> <span class='ocrx_word' id='word_1_284' title='bbox 1210 2889 1311 2950; x_wconf 89' lang='lat' dir='ltr'>Multa</span> <span class='ocrx_word' id='word_1_285' title='bbox 1334 2888 1482 2973; x_wconf 82' lang='lat' dir='ltr'>hicprae·</span> 
     </span>
     <span class='ocr_line' id='line_1_31' title="bbox 127 2975 1482 3057; baseline -0.001 -16"><span class='ocrx_word' id='word_1_286' title='bbox 127 2991 221 3040; x_wconf 91' lang='lat' dir='ltr'>tereo.</span> <span class='ocrx_word' id='word_1_287' title='bbox 269 2978 317 3038; x_wconf 85' lang='lat' dir='ltr'>Ac</span> <span class='ocrx_word' id='word_1_288' title='bbox 342 2977 400 3037; x_wconf 93' lang='lat' dir='ltr'>etsi</span> <span class='ocrx_word' id='word_1_289' title='bbox 424 2977 562 3037; x_wconf 86' lang='lat' dir='ltr'>diversae</span> <span class='ocrx_word' id='word_1_290' title='bbox 587 2975 706 3056; x_wconf 91' lang='lat' dir='ltr'>aliquae</span> <span class='ocrx_word' id='word_1_291' title='bbox 730 2975 914 3057; x_wconf 89' lang='lat' dir='ltr'>hypotheses</span> <span class='ocrx_word' id='word_1_292' title='bbox 938 2977 1018 3038; x_wconf 90' lang='lat' dir='ltr'>idem</span> <span class='ocrx_word' id='word_1_293' title='bbox 1033 2977 1152 3038; x_wconf 91' lang='lat' dir='ltr'>omnino</span> <span class='ocrx_word' id='word_1_294' title='bbox 1168 2986 1329 3055; x_wconf 88' lang='lat' dir='ltr'>praestent</span> <span class='ocrx_word' id='word_1_295' title='bbox 1342 2980 1373 3040; x_wconf 92' lang='lat' dir='ltr'>in</span> <span class='ocrx_word' id='word_1_296' title='bbox 1394 2988 1482 3040; x_wconf 82' lang='lat' dir='ltr'>astre-</span> 
     </span>
     <span class='ocr_line' id='line_1_32' title="bbox 128 3063 1483 3147; baseline -0.003 -18"><span class='ocrx_word' id='word_1_297' title='bbox 128 3068 268 3140; x_wconf 77' lang='lat' dir='ltr'>comicis,</span> <span class='ocrx_word' id='word_1_298' title='bbox 293 3066 373 3145; x_wconf 91' lang='lat' dir='ltr'>quod</span> <span class='ocrx_word' id='word_1_299' title='bbox 398 3066 436 3126; x_wconf 91' lang='lat' dir='ltr'>de</span> <span class='ocrx_word' id='word_1_300' title='bbox 472 3085 528 3125; x_wconf 89' lang='lat' dir='ltr'>sna</span> <span class='ocrx_word' id='word_1_301' title='bbox 552 3063 825 3143; x_wconf 88' lang='lat' dir='ltr'>Copernicanarum</span> <span class='ocrx_word' id='word_1_302' title='bbox 848 3065 1014 3127; x_wconf 91' lang='lat' dir='ltr'>mutatione</span> <span class='ocrx_word' id='word_1_303' title='bbox 1034 3065 1285 3128; x_wconf 90' lang='lat' dir='ltr'>Rothmannus</span> <span class='ocrx_word' id='word_1_304' title='bbox 1310 3066 1340 3128; x_wconf 95' lang='lat' dir='ltr'>in</span> <span class='ocrx_word' id='word_1_305' title='bbox 1365 3066 1483 3147; x_wconf 83' lang='lat' dir='ltr'>epistola</span> 
     </span>
     <span class='ocr_line' id='line_1_33' title="bbox 128 3153 1482 3236; baseline -0.001 -19"><span class='ocrx_word' id='word_1_306' title='bbox 128 3158 166 3217; x_wconf 90' lang='lat' dir='ltr'>ad</span> <span class='ocrx_word' id='word_1_307' title='bbox 191 3158 228 3218; x_wconf 92' lang='lat' dir='ltr'>D.</span> <span class='ocrx_word' id='word_1_308' title='bbox 254 3155 427 3236; x_wconf 88' lang='lat' dir='ltr'>Tychonem</span> <span class='ocrx_word' id='word_1_309' title='bbox 446 3153 593 3233; x_wconf 88' lang='lat' dir='ltr'>jactavit,</span> <span class='ocrx_word' id='word_1_310' title='bbox 627 3153 798 3215; x_wconf 87' lang='lat' dir='ltr'>differentia</span> <span class='ocrx_word' id='word_1_311' title='bbox 827 3162 928 3215; x_wconf 90' lang='lat' dir='ltr'>tamen</span> <span class='ocrx_word' id='word_1_312' title='bbox 953 3174 1044 3235; x_wconf 89' lang='lat' dir='ltr'>saepe</span> <span class='ocrx_word' id='word_1_313' title='bbox 1070 3164 1117 3216; x_wconf 92' lang='lat' dir='ltr'>est</span> <span class='ocrx_word' id='word_1_314' title='bbox 1149 3156 1379 3219; x_wconf 88' lang='lat' dir='ltr'>conclusionum</span> <span class='ocrx_word' id='word_1_315' title='bbox 1402 3174 1482 3218; x_wconf 83' lang='lat' dir='ltr'>cansa</span> 
     </span>
     <span class='ocr_line' id='line_1_34' title="bbox 127 3235 1481 3326; baseline -0.001 -20"><span class='ocrx_word' id='word_1_316' title='bbox 127 3245 254 3323; x_wconf 86' lang='lat' dir='ltr'>alicujus</span> <span class='ocrx_word' id='word_1_317' title='bbox 271 3243 520 3305; x_wconf 87' lang='lat' dir='ltr'>considerationis</span> <span class='ocrx_word' id='word_1_318' title='bbox 536 3241 689 3322; x_wconf 88' lang='lat' dir='ltr'>physicae.</span> <span class='ocrx_word' id='word_1_319' title='bbox 702 3235 729 3321; x_wconf 82' lang='lat'>⁸)</span> <span class='ocrx_word' id='word_1_320' title='bbox 778 3242 829 3303; x_wconf 87' lang='lat' dir='ltr'>Sic</span> <span class='ocrx_word' id='word_1_321' title='bbox 853 3244 912 3304; x_wconf 89' lang='lat' dir='ltr'>etsi</span> <span class='ocrx_word' id='word_1_322' title='bbox 928 3245 1048 3305; x_wconf 91' lang='lat' dir='ltr'>omnino</span> <span class='ocrx_word' id='word_1_323' title='bbox 1064 3246 1186 3307; x_wconf 89' lang='lat' dir='ltr'>eosdem</span> <span class='ocrx_word' id='word_1_324' title='bbox 1199 3245 1328 3326; x_wconf 92' lang='lat' dir='ltr'>Tycho</span> <span class='ocrx_word' id='word_1_325' title='bbox 1353 3262 1481 3308; x_wconf 87' lang='lat' dir='ltr'>numeros</span> 
     </span>
     <span class='ocr_line' id='line_1_35' title="bbox 128 3331 1480 3416; baseline 0 -21"><span class='ocrx_word' id='word_1_326' title='bbox 128 3332 344 3416; x_wconf 88' lang='lat' dir='ltr'>hypothesibus</span> <span class='ocrx_word' id='word_1_327' title='bbox 368 3333 430 3393; x_wconf 89' lang='lat' dir='ltr'>suis</span> <span class='ocrx_word' id='word_1_328' title='bbox 455 3332 645 3410; x_wconf 87' lang='lat' dir='ltr'>exprimeret,</span> <span class='ocrx_word' id='word_1_329' title='bbox 666 3350 740 3410; x_wconf 91' lang='lat' dir='ltr'>quos</span> <span class='ocrx_word' id='word_1_330' title='bbox 763 3332 857 3393; x_wconf 90' lang='lat' dir='ltr'>habet</span> <span class='ocrx_word' id='word_1_331' title='bbox 873 3331 1069 3410; x_wconf 85' lang='lat' dir='ltr'>Copernicus,</span> <span class='ocrx_word' id='word_1_332' title='bbox 1094 3334 1143 3414; x_wconf 87' lang='lat' dir='ltr'>qui</span> <span class='ocrx_word' id='word_1_333' title='bbox 1163 3341 1265 3396; x_wconf 92' lang='lat' dir='ltr'>tamen</span> <span class='ocrx_word' id='word_1_334' title='bbox 1290 3334 1399 3397; x_wconf 86' lang='lat' dir='ltr'>vitiosi</span> <span class='ocrx_word' id='word_1_335' title='bbox 1414 3341 1480 3406; x_wconf 84' lang='lat' dir='ltr'>sunt</span> 
     </span>
     <span class='ocr_line' id='line_1_36' title="bbox 127 3421 1481 3505; baseline -0.001 -20"><span class='ocrx_word' id='word_1_336' title='bbox 127 3424 157 3485; x_wconf 92' lang='lat' dir='ltr'>in</span> <span class='ocrx_word' id='word_1_337' title='bbox 182 3424 238 3485; x_wconf 90' lang='lat' dir='ltr'>hoc</span> <span class='ocrx_word' id='word_1_338' title='bbox 262 3430 362 3483; x_wconf 92' lang='lat' dir='ltr'>tamen</span> <span class='ocrx_word' id='word_1_339' title='bbox 387 3422 522 3483; x_wconf 84' lang='lat' dir='ltr'>differret</span> <span class='ocrx_word' id='word_1_340' title='bbox 552 3421 698 3483; x_wconf 92' lang='lat' dir='ltr'>intentum</span> <span class='ocrx_word' id='word_1_341' title='bbox 728 3421 1015 3485; x_wconf 90' lang='lat' dir='ltr'>demonstrationum</span> <span class='ocrx_word' id='word_1_342' title='bbox 1039 3423 1190 3505; x_wconf 73' lang='lat' dir='ltr'>lychonis</span> <span class='ocrx_word' id='word_1_343' title='bbox 1219 3444 1239 3485; x_wconf 85' lang='lat' dir='ltr'>a</span> <span class='ocrx_word' id='word_1_344' title='bbox 1263 3422 1481 3503; x_wconf 85' lang='lat' dir='ltr'>Copernicanis,</span> 
     </span>
     <span class='ocr_line' id='line_1_37' title="bbox 126 3511 1481 3593; baseline 0.001 -20"><span class='ocrx_word' id='word_1_345' title='bbox 126 3513 203 3593; x_wconf 92' lang='lat' dir='ltr'>qnod</span> <span class='ocrx_word' id='word_1_346' title='bbox 227 3519 349 3591; x_wconf 91' lang='lat' dir='ltr'>praeter</span> <span class='ocrx_word' id='word_1_347' title='bbox 371 3511 606 3590; x_wconf 88' lang='lat' dir='ltr'>praedictionem</span> <span class='ocrx_word' id='word_1_348' title='bbox 639 3511 804 3571; x_wconf 82' lang='lat' dir='ltr'>futororum</span> <span class='ocrx_word' id='word_1_349' title='bbox 837 3518 971 3572; x_wconf 85' lang='lat' dir='ltr'>nrotuum</span> <span class='ocrx_word' id='word_1_350' title='bbox 994 3512 1078 3591; x_wconf 83' lang='lat' dir='ltr'>cupit</span> <span class='ocrx_word' id='word_1_351' title='bbox 1101 3514 1194 3575; x_wconf 89' lang='lat' dir='ltr'>etiam</span> <span class='ocrx_word' id='word_1_352' title='bbox 1218 3513 1336 3577; x_wconf 84' lang='lat' dir='ltr'>evitare</span> <span class='ocrx_word' id='word_1_353' title='bbox 1365 3513 1481 3576; x_wconf 88' lang='lat' dir='ltr'>immen-</span> 
     </span>
     <span class='ocr_line' id='line_1_38' title="bbox 127 3596 1484 3684; baseline -0.001 -21"><span class='ocrx_word' id='word_1_354' title='bbox 127 3603 249 3665; x_wconf 90' lang='lat' dir='ltr'>sitatem</span> <span class='ocrx_word' id='word_1_355' title='bbox 272 3601 354 3663; x_wconf 92' lang='lat' dir='ltr'>illam</span> <span class='ocrx_word' id='word_1_356' title='bbox 378 3601 503 3661; x_wconf 87' lang='lat' dir='ltr'>fixarum</span> <span class='ocrx_word' id='word_1_357' title='bbox 528 3599 645 3679; x_wconf 89' lang='lat' dir='ltr'>aliaque</span> <span class='ocrx_word' id='word_1_358' title='bbox 671 3618 746 3678; x_wconf 90' lang='lat' dir='ltr'>quae</span> <span class='ocrx_word' id='word_1_359' title='bbox 763 3596 946 3677; x_wconf 87' lang='lat' dir='ltr'>Copernicns</span> <span class='ocrx_word' id='word_1_360' title='bbox 962 3601 1097 3664; x_wconf 88' lang='lat' dir='ltr'>admittit</span> <span class='ocrx_word' id='word_1_361' title='bbox 1120 3603 1149 3663; x_wconf 93' lang='lat' dir='ltr'>in</span> <span class='ocrx_word' id='word_1_362' title='bbox 1165 3622 1220 3664; x_wconf 89' lang='lat' dir='ltr'>sua</span> <span class='ocrx_word' id='word_1_363' title='bbox 1233 3602 1411 3684; x_wconf 88' lang='lat' dir='ltr'>hypothesi.</span> <span class='ocrx_word' id='word_1_364' title='bbox 1447 3602 1484 3663; x_wconf 82' lang='lat' dir='ltr'>lta</span> 
     </span>
     <span class='ocr_line' id='line_1_39' title="bbox 127 3688 1481 3771; baseline -0.004 -17"><span class='ocrx_word' id='word_1_365' title='bbox 127 3691 317 3754; x_wconf 89' lang='lat' dir='ltr'>conclusione</span> <span class='ocrx_word' id='word_1_366' title='bbox 346 3698 464 3752; x_wconf 91' lang='lat' dir='ltr'>mutata</span> <span class='ocrx_word' id='word_1_367' title='bbox 495 3689 678 3771; x_wconf 90' lang='lat' dir='ltr'>hypotheses</span> <span class='ocrx_word' id='word_1_368' title='bbox 701 3688 803 3749; x_wconf 85' lang='lat' dir='ltr'>varias</span> <span class='ocrx_word' id='word_1_369' title='bbox 828 3689 959 3750; x_wconf 87' lang='lat' dir='ltr'>existere</span> <span class='ocrx_word' id='word_1_370' title='bbox 986 3709 1111 3752; x_wconf 88' lang='lat' dir='ltr'>necesse</span> <span class='ocrx_word' id='word_1_371' title='bbox 1135 3698 1193 3753; x_wconf 89' lang='lat' dir='ltr'>est.</span> <span class='ocrx_word' id='word_1_372' title='bbox 1241 3692 1481 3754; x_wconf 86' lang='lat' dir='ltr'>Inconsideratns</span> 
     </span>
     <span class='ocr_line' id='line_1_40' title="bbox 127 3777 1481 3864; baseline -0.001 -24"><span class='ocrx_word' id='word_1_373' title='bbox 127 3800 197 3843; x_wconf 90' lang='lat' dir='ltr'>vero</span> <span class='ocrx_word' id='word_1_374' title='bbox 222 3780 348 3860; x_wconf 88' lang='lat' dir='ltr'>aliquis,</span> <span class='ocrx_word' id='word_1_375' title='bbox 384 3781 423 3841; x_wconf 93' lang='lat' dir='ltr'>ad</span> <span class='ocrx_word' id='word_1_376' title='bbox 457 3779 538 3840; x_wconf 90' lang='lat' dir='ltr'>solos</span> <span class='ocrx_word' id='word_1_377' title='bbox 572 3797 711 3839; x_wconf 89' lang='lat' dir='ltr'>numeros</span> <span class='ocrx_word' id='word_1_378' title='bbox 743 3777 923 3856; x_wconf 87' lang='lat' dir='ltr'>respiciens,</span> <span class='ocrx_word' id='word_1_379' title='bbox 967 3779 1045 3841; x_wconf 92' lang='lat' dir='ltr'>idem</span> <span class='ocrx_word' id='word_1_380' title='bbox 1078 3800 1116 3841; x_wconf 86' lang='lat' dir='ltr'>ex</span> <span class='ocrx_word' id='word_1_381' title='bbox 1146 3781 1240 3845; x_wconf 85' lang='lat' dir='ltr'>variis</span> <span class='ocrx_word' id='word_1_382' title='bbox 1270 3780 1481 3864; x_wconf 80' lang='lat' dir='ltr'>hypothesibus</span> 
     </span>
     <span class='ocr_line' id='line_1_41' title="bbox 127 3866 1357 3949; baseline -0.006 -18"><span class='ocrx_word' id='word_1_383' title='bbox 127 3872 261 3949; x_wconf 88' lang='lat' dir='ltr'>adeoque</span> <span class='ocrx_word' id='word_1_384' title='bbox 284 3888 386 3931; x_wconf 90' lang='lat' dir='ltr'>verum</span> <span class='ocrx_word' id='word_1_385' title='bbox 411 3888 449 3929; x_wconf 90' lang='lat' dir='ltr'>ex</span> <span class='ocrx_word' id='word_1_386' title='bbox 474 3868 559 3929; x_wconf 85' lang='lat' dir='ltr'>falsis</span> <span class='ocrx_word' id='word_1_387' title='bbox 584 3867 667 3947; x_wconf 91' lang='lat' dir='ltr'>sequi</span> <span class='ocrx_word' id='word_1_388' title='bbox 693 3866 893 3928; x_wconf 88' lang='lat' dir='ltr'>existimabit.</span> <span class='ocrx_word' id='word_1_389' title='bbox 1352 3867 1357 3873; x_wconf 86' lang='lat'>&#39;</span> 
     </span>
    </p>

    <p class='ocr_par' dir='ltr' id='par_1_5' title="bbox 124 3955 1486 4933">
     <span class='ocr_line' id='line_1_42' title="bbox 216 3955 1482 4035; baseline -0.002 -17"><span class='ocrx_word' id='word_1_390' title='bbox 216 3957 276 4028; x_wconf 81' lang='lat' dir='ltr'>Qui</span> <span class='ocrx_word' id='word_1_391' title='bbox 305 3958 343 4018; x_wconf 93' lang='lat' dir='ltr'>ad</span> <span class='ocrx_word' id='word_1_392' title='bbox 367 3959 444 4018; x_wconf 89' lang='lat' dir='ltr'>hanc</span> <span class='ocrx_word' id='word_1_393' title='bbox 473 3976 608 4018; x_wconf 87' lang='lat' dir='ltr'>normam</span> <span class='ocrx_word' id='word_1_394' title='bbox 632 3956 732 4017; x_wconf 89' lang='lat' dir='ltr'>omnia</span> <span class='ocrx_word' id='word_1_395' title='bbox 757 3955 947 4035; x_wconf 85' lang='lat' dir='ltr'>expenderit,</span> <span class='ocrx_word' id='word_1_396' title='bbox 982 3975 1055 4017; x_wconf 89' lang='lat' dir='ltr'>sane</span> <span class='ocrx_word' id='word_1_397' title='bbox 1085 3957 1187 4019; x_wconf 90' lang='lat' dir='ltr'>nescio</span> <span class='ocrx_word' id='word_1_398' title='bbox 1220 3977 1259 4020; x_wconf 87' lang='lat' dir='ltr'>an</span> <span class='ocrx_word' id='word_1_399' title='bbox 1288 3958 1333 4021; x_wconf 91' lang='lat' dir='ltr'>illi</span> <span class='ocrx_word' id='word_1_400' title='bbox 1366 3959 1431 4021; x_wconf 84' lang='lat' dir='ltr'>nlla</span> <span class='ocrx_word' id='word_1_401' title='bbox 1450 3957 1482 4018; x_wconf 89' lang='lat' dir='ltr'>sit</span> 
     </span>
     <span class='ocr_line' id='line_1_43' title="bbox 127 4045 1483 4128; baseline -0.002 -20"><span class='ocrx_word' id='word_1_402' title='bbox 127 4065 289 4109; x_wconf 89' lang='lat' dir='ltr'>occursura</span> <span class='ocrx_word' id='word_1_403' title='bbox 311 4046 504 4127; x_wconf 92' lang='lat' dir='ltr'>hypothesis,</span> <span class='ocrx_word' id='word_1_404' title='bbox 540 4064 591 4107; x_wconf 89' lang='lat' dir='ltr'>sen</span> <span class='ocrx_word' id='word_1_405' title='bbox 616 4046 745 4124; x_wconf 87' lang='lat' dir='ltr'>simplex</span> <span class='ocrx_word' id='word_1_406' title='bbox 769 4065 822 4106; x_wconf 89' lang='lat' dir='ltr'>sen</span> <span class='ocrx_word' id='word_1_407' title='bbox 846 4045 1030 4124; x_wconf 91' lang='lat' dir='ltr'>composita,</span> <span class='ocrx_word' id='word_1_408' title='bbox 1065 4066 1140 4126; x_wconf 92' lang='lat' dir='ltr'>quae</span> <span class='ocrx_word' id='word_1_409' title='bbox 1171 4066 1230 4108; x_wconf 92' lang='lat' dir='ltr'>non</span> <span class='ocrx_word' id='word_1_410' title='bbox 1252 4049 1441 4128; x_wconf 88' lang='lat' dir='ltr'>peculiarem</span> <span class='ocrx_word' id='word_1_411' title='bbox 1459 4051 1483 4106; x_wconf 88' lang='lat' dir='ltr'>et</span> 
     </span>
     <span class='ocr_line' id='line_1_44' title="bbox 127 4134 1481 4214; baseline -0.001 -16"><span class='ocrx_word' id='word_1_412' title='bbox 127 4138 166 4198; x_wconf 91' lang='lat' dir='ltr'>ab</span> <span class='ocrx_word' id='word_1_413' title='bbox 190 4136 327 4197; x_wconf 90' lang='lat' dir='ltr'>omnibus</span> <span class='ocrx_word' id='word_1_414' title='bbox 351 4135 420 4196; x_wconf 91' lang='lat' dir='ltr'>aliis</span> <span class='ocrx_word' id='word_1_415' title='bbox 445 4142 619 4214; x_wconf 88' lang='lat' dir='ltr'>separatam</span> <span class='ocrx_word' id='word_1_416' title='bbox 652 4141 743 4214; x_wconf 91' lang='lat' dir='ltr'>atque</span> <span class='ocrx_word' id='word_1_417' title='bbox 774 4134 962 4198; x_wconf 87' lang='lat' dir='ltr'>differentem</span> <span class='ocrx_word' id='word_1_418' title='bbox 993 4135 1034 4196; x_wconf 88' lang='lat' dir='ltr'>sit</span> <span class='ocrx_word' id='word_1_419' title='bbox 1058 4136 1228 4198; x_wconf 83' lang='lat' dir='ltr'>exhibitura</span> <span class='ocrx_word' id='word_1_420' title='bbox 1257 4137 1481 4201; x_wconf 85' lang='lat' dir='ltr'>conclusionem</span> 
     </span>
     <span class='ocr_line' id='line_1_45' title="bbox 126 4223 1482 4306; baseline -0.001 -17"><span class='ocrx_word' id='word_1_421' title='bbox 126 4227 207 4289; x_wconf 81' lang='lat' dir='ltr'>Nam</span> <span class='ocrx_word' id='word_1_422' title='bbox 229 4223 255 4286; x_wconf 89' lang='lat' dir='ltr'>si</span> <span class='ocrx_word' id='word_1_423' title='bbox 278 4224 308 4286; x_wconf 94' lang='lat' dir='ltr'>in</span> <span class='ocrx_word' id='word_1_424' title='bbox 333 4223 525 4304; x_wconf 85' lang='lat' dir='ltr'>geometricis</span> <span class='ocrx_word' id='word_1_425' title='bbox 549 4223 665 4285; x_wconf 88' lang='lat' dir='ltr'>duabus</span> <span class='ocrx_word' id='word_1_426' title='bbox 689 4223 909 4302; x_wconf 90' lang='lat' dir='ltr'>hypothesibus</span> <span class='ocrx_word' id='word_1_427' title='bbox 933 4225 1140 4287; x_wconf 89' lang='lat' dir='ltr'>conclusiones</span> <span class='ocrx_word' id='word_1_428' title='bbox 1162 4225 1343 4301; x_wconf 88' lang='lat' dir='ltr'>coincidant,</span> <span class='ocrx_word' id='word_1_429' title='bbox 1370 4226 1401 4288; x_wconf 88' lang='lat' dir='ltr'>in</span> <span class='ocrx_word' id='word_1_430' title='bbox 1415 4226 1482 4306; x_wconf 90' lang='lat' dir='ltr'>phy·</span> 
     </span>
     <span class='ocr_line' id='line_1_46' title="bbox 127 4311 1482 4397; baseline -0.002 -21"><span class='ocrx_word' id='word_1_431' title='bbox 127 4315 198 4377; x_wconf 88' lang='lat' dir='ltr'>sicis</span> <span class='ocrx_word' id='word_1_432' title='bbox 223 4322 324 4376; x_wconf 90' lang='lat' dir='ltr'>tamen</span> <span class='ocrx_word' id='word_1_433' title='bbox 350 4314 500 4394; x_wconf 88' lang='lat' dir='ltr'>quaelibet</span> <span class='ocrx_word' id='word_1_434' title='bbox 533 4311 658 4373; x_wconf 92' lang='lat' dir='ltr'>habebit</span> <span class='ocrx_word' id='word_1_435' title='bbox 687 4332 772 4373; x_wconf 88' lang='lat' dir='ltr'>suam</span> <span class='ocrx_word' id='word_1_436' title='bbox 801 4313 983 4391; x_wconf 92' lang='lat' dir='ltr'>peculiarem</span> <span class='ocrx_word' id='word_1_437' title='bbox 1014 4314 1219 4393; x_wconf 86' lang='lat' dir='ltr'>appendicem.</span> <span class='ocrx_word' id='word_1_438' title='bbox 1267 4313 1332 4378; x_wconf 90' lang='lat' dir='ltr'>Sed</span> <span class='ocrx_word' id='word_1_439' title='bbox 1356 4317 1429 4397; x_wconf 90' lang='lat' dir='ltr'>quia</span> <span class='ocrx_word' id='word_1_440' title='bbox 1452 4312 1482 4374; x_wconf 85' lang='lat' dir='ltr'>ab</span> 
     </span>
     <span class='ocr_line' id='line_1_47' title="bbox 127 4399 1483 4486; baseline 0.001 -20"><span class='ocrx_word' id='word_1_441' title='bbox 127 4404 291 4467; x_wconf 87' lang='lat' dir='ltr'>artificibus</span> <span class='ocrx_word' id='word_1_442' title='bbox 316 4403 369 4465; x_wconf 90' lang='lat' dir='ltr'>illa</span> <span class='ocrx_word' id='word_1_443' title='bbox 392 4403 422 4464; x_wconf 90' lang='lat' dir='ltr'>iu</span> <span class='ocrx_word' id='word_1_444' title='bbox 446 4400 581 4483; x_wconf 89' lang='lat' dir='ltr'>physicis</span> <span class='ocrx_word' id='word_1_445' title='bbox 605 4401 741 4462; x_wconf 88' lang='lat' dir='ltr'>varietas</span> <span class='ocrx_word' id='word_1_446' title='bbox 765 4420 823 4462; x_wconf 93' lang='lat' dir='ltr'>non</span> <span class='ocrx_word' id='word_1_447' title='bbox 849 4421 968 4481; x_wconf 90' lang='lat' dir='ltr'>semper</span> <span class='ocrx_word' id='word_1_448' title='bbox 991 4404 1176 4465; x_wconf 91' lang='lat' dir='ltr'>considerari</span> <span class='ocrx_word' id='word_1_449' title='bbox 1201 4403 1289 4479; x_wconf 91' lang='lat' dir='ltr'>solet,</span> <span class='ocrx_word' id='word_1_450' title='bbox 1315 4404 1420 4486; x_wconf 88' lang='lat' dir='ltr'>illique</span> <span class='ocrx_word' id='word_1_451' title='bbox 1435 4399 1483 4483; x_wconf 81' lang='lat' dir='ltr'>ipsi</span> 
     </span>
     <span class='ocr_line' id='line_1_48' title="bbox 126 4491 1483 4576; baseline -0.004 -19"><span class='ocrx_word' id='word_1_452' title='bbox 126 4495 247 4576; x_wconf 89' lang='lat' dir='ltr'>saepius</span> <span class='ocrx_word' id='word_1_453' title='bbox 279 4491 480 4572; x_wconf 85' lang='lat' dir='ltr'>cogitationes</span> <span class='ocrx_word' id='word_1_454' title='bbox 508 4510 579 4552; x_wconf 91' lang='lat' dir='ltr'>suas</span> <span class='ocrx_word' id='word_1_455' title='bbox 608 4491 689 4551; x_wconf 87' lang='lat' dir='ltr'>intra</span> <span class='ocrx_word' id='word_1_456' title='bbox 717 4491 899 4568; x_wconf 85' lang='lat' dir='ltr'>geometriae</span> <span class='ocrx_word' id='word_1_457' title='bbox 924 4493 971 4553; x_wconf 92' lang='lat' dir='ltr'>vel</span> <span class='ocrx_word' id='word_1_458' title='bbox 997 4493 1198 4554; x_wconf 90' lang='lat' dir='ltr'>astronomiae</span> <span class='ocrx_word' id='word_1_459' title='bbox 1226 4493 1375 4556; x_wconf 85' lang='lat' dir='ltr'>terminos</span> <span class='ocrx_word' id='word_1_460' title='bbox 1408 4491 1483 4556; x_wconf 89' lang='lat' dir='ltr'>cobi-</span> 
     </span>
     <span class='ocr_line' id='line_1_49' title="bbox 125 4579 1482 4664; baseline -0.002 -19"><span class='ocrx_word' id='word_1_461' title='bbox 125 4583 199 4646; x_wconf 90' lang='lat' dir='ltr'>bent</span> <span class='ocrx_word' id='word_1_462' title='bbox 225 4584 315 4664; x_wconf 90' lang='lat' dir='ltr'>inque</span> <span class='ocrx_word' id='word_1_463' title='bbox 339 4601 398 4642; x_wconf 91' lang='lat' dir='ltr'>nna</span> <span class='ocrx_word' id='word_1_464' title='bbox 426 4580 529 4660; x_wconf 86' lang='lat' dir='ltr'>aliqua</span> <span class='ocrx_word' id='word_1_465' title='bbox 557 4580 686 4640; x_wconf 89' lang='lat' dir='ltr'>scientia</span> <span class='ocrx_word' id='word_1_466' title='bbox 718 4579 755 4640; x_wconf 94' lang='lat' dir='ltr'>de</span> <span class='ocrx_word' id='word_1_467' title='bbox 780 4580 1015 4660; x_wconf 89' lang='lat' dir='ltr'>aequipollentia</span> <span class='ocrx_word' id='word_1_468' title='bbox 1045 4581 1254 4662; x_wconf 90' lang='lat' dir='ltr'>hypothesium</span> <span class='ocrx_word' id='word_1_469' title='bbox 1279 4582 1482 4662; x_wconf 84' lang='lat' dir='ltr'>quaestionem</span> 
     </span>
     <span class='ocr_line' id='line_1_50' title="bbox 125 4668 1484 4750; baseline -0.003 -14"><span class='ocrx_word' id='word_1_470' title='bbox 125 4674 303 4741; x_wconf 90' lang='lat' dir='ltr'>instituunt,</span> <span class='ocrx_word' id='word_1_471' title='bbox 328 4669 512 4749; x_wconf 89' lang='lat' dir='ltr'>posthabitis</span> <span class='ocrx_word' id='word_1_472' title='bbox 536 4668 664 4729; x_wconf 92' lang='lat' dir='ltr'>diversis</span> <span class='ocrx_word' id='word_1_473' title='bbox 688 4669 835 4749; x_wconf 90' lang='lat' dir='ltr'>sequelis,</span> <span class='ocrx_word' id='word_1_474' title='bbox 872 4689 947 4749; x_wconf 93' lang='lat' dir='ltr'>quae</span> <span class='ocrx_word' id='word_1_475' title='bbox 972 4679 1112 4750; x_wconf 89' lang='lat' dir='ltr'>respectu</span> <span class='ocrx_word' id='word_1_476' title='bbox 1136 4670 1270 4733; x_wconf 86' lang='lat' dir='ltr'>affinium</span> <span class='ocrx_word' id='word_1_477' title='bbox 1294 4672 1484 4735; x_wconf 89' lang='lat' dir='ltr'>scientiarum</span> 
     </span>
     <span class='ocr_line' id='line_1_51' title="bbox 124 4757 1486 4842; baseline 0 -20"><span class='ocrx_word' id='word_1_478' title='bbox 124 4763 303 4826; x_wconf 89' lang='lat' dir='ltr'>ventilatam</span> <span class='ocrx_word' id='word_1_479' title='bbox 319 4759 585 4840; x_wconf 89' lang='lat' dir='ltr'>aequipollentiam</span> <span class='ocrx_word' id='word_1_480' title='bbox 596 4757 763 4819; x_wconf 86' lang='lat' dir='ltr'>diminuunt</span> <span class='ocrx_word' id='word_1_481' title='bbox 777 4767 809 4820; x_wconf 94' lang='lat' dir='ltr'>et</span> <span class='ocrx_word' id='word_1_482' title='bbox 819 4759 993 4821; x_wconf 87' lang='lat' dir='ltr'>destruunt:</span> <span class='ocrx_word' id='word_1_483' title='bbox 1018 4778 1074 4838; x_wconf 94' lang='lat' dir='ltr'>par</span> <span class='ocrx_word' id='word_1_484' title='bbox 1089 4769 1147 4834; x_wconf 89' lang='lat' dir='ltr'>est,</span> <span class='ocrx_word' id='word_1_485' title='bbox 1167 4768 1202 4820; x_wconf 91' lang='lat' dir='ltr'>ut</span> <span class='ocrx_word' id='word_1_486' title='bbox 1215 4779 1271 4821; x_wconf 92' lang='lat' dir='ltr'>nos</span> <span class='ocrx_word' id='word_1_487' title='bbox 1286 4779 1407 4842; x_wconf 89' lang='lat' dir='ltr'>qnoque</span> <span class='ocrx_word' id='word_1_488' title='bbox 1425 4779 1486 4824; x_wconf 87' lang='lat' dir='ltr'>ser·</span> 
     </span>
     <span class='ocr_line' id='line_1_52' title="bbox 124 4846 1486 4933; baseline -0.004 -16"><span class='ocrx_word' id='word_1_489' title='bbox 124 4871 242 4917; x_wconf 91' lang='lat' dir='ltr'>monem</span> <span class='ocrx_word' id='word_1_490' title='bbox 265 4858 298 4913; x_wconf 91' lang='lat' dir='ltr'>et</span> <span class='ocrx_word' id='word_1_491' title='bbox 320 4849 545 4931; x_wconf 87' lang='lat' dir='ltr'>responsionem</span> <span class='ocrx_word' id='word_1_492' title='bbox 568 4854 703 4910; x_wconf 88' lang='lat' dir='ltr'>nostram</span> <span class='ocrx_word' id='word_1_493' title='bbox 726 4846 765 4909; x_wconf 92' lang='lat' dir='ltr'>ad</span> <span class='ocrx_word' id='word_1_494' title='bbox 788 4846 920 4928; x_wconf 90' lang='lat' dir='ltr'>ipsorum</span> <span class='ocrx_word' id='word_1_495' title='bbox 935 4848 1075 4933; x_wconf 88' lang='lat' dir='ltr'>loquendi</span> <span class='ocrx_word' id='word_1_496' title='bbox 1090 4867 1203 4913; x_wconf 90' lang='lat' dir='ltr'>morem</span> <span class='ocrx_word' id='word_1_497' title='bbox 1218 4851 1486 4915; x_wconf 78' lang='lat' dir='ltr'>accommodemus.</span> 
     </span>
    </p>
   </div>
   <div class='ocr_carea' id='block_1_3' title="bbox 0 0 1644 5542">
    <p class='ocr_par' dir='ltr' id='par_1_6' title="bbox 0 0 1644 5542">
     <span class='ocr_line' id='line_1_53' title="bbox 0 0 1644 5542; baseline 0 0"><span class='ocrx_word' id='word_1_498' title='bbox 0 0 1644 5542; x_wconf 95' lang='lat' dir='ltr'> </span> 
     </span>
    </p>
   </div>
  </div>
 </body>
</html>
