3278 5542
658 327 742 382 111111
760 333 877 384 ascesa
1389 341 1449 410 101

104 491 136 545 le
156 505 231 544 anno
255 490 330 546 1598
350 488 554 560 Wrtehorgam,
569 489 657 544 itums
679 492 714 543 ad
735 491 944 562 Imperatorem:
970 495 1018 549 ubi
1039 512 1100 551 oum
1121 498 1289 569 aliquamdiu
1311 505 1450 562 substitis-

104 576 141 634 at,
168 587 241 624 anno
262 569 388 642 sequenti
405 569 482 624 1599
502 568 531 622 in
544 569 704 624 Bohemiam
726 589 756 625 se
780 573 911 644 contulit3
932 575 976 629 oui
990 576 1129 632 Benatica
1141 594 1194 633 arx
1207 580 1307 652 RegIa,
1332 584 1449 655 qulnque

104 649 252 705 rilliaribus
265 651 363 721 Ptaga
382 649 496 712 distans,
517 649 673 704 habitanda
686 669 819 707 concessa
831 653 896 716 ruia
911 672 981 725 qaum
995 656 1156 726 Rudolphus
1170 659 1238 729 Imp.
1253 661 1365 716 Pilsuae
1378 681 1450 719 com·

104 736 252 794 voraretur,
275 732 309 784 ob
332 735 441 800 pestem
454 729 565 800 Pragae
588 738 774 799 grassantem.
815 734 894 787 Haeo
917 734 1008 789 omnia
1031 736 1096 790 mihi
1111 737 1263 793 Friderieus
1277 741 1449 799 Homrannus

104 843 120 864 ..
134 811 168 864 Β.
183 811 291 881 Styrus,
315 811 382 880 Imp.
397 809 537 879 Rudolphi
552 808 730 865 consiliarius
745 812 859 876 aulicus,
885 815 931 885 qui
944 822 1010 869 tunc
1022 805 1256 887 Praga'veuerat,
1271 821 1385 877 retulit:
1406 840 1449 878 me

104 892 339 959 dcapessendum
353 890 407 944 iter
421 889 585 944 adhortatus
600 896 652 953 est,
674 892 734 945 loco
756 892 821 947 mihi
836 894 931 948 oblato
946 895 974 948 in
988 895 1121 950 comitatu
1135 913 1193 951 suo.
1235 899 1280 953 Ita
1293 899 1398 958 factum
1415 911 1449 958 ut

104 970 275 1024 dBraheum
289 970 411 1024 venirem
431 969 510 1024 initio
533 969 598 1023 anni
620 972 705 1034 1600,
727 975 834 1043 quando
849 975 1036 1029 Ferdinandns
1049 975 1194 1031 Archidux
1213 978 1326 1049 nuptias
1340 981 1449 1038 Grastii

104 1049 241 1105 alahravit
263 1067 324 1104 cnm
336 1049 502 1104 consobrina
515 1066 568 1103 sua
582 1051 734 1113 Bavaricar
758 1053 889 1124 brevique
912 1055 1002 1124 captis
1023 1056 1232 1112 Braheanorum
1252 1058 1385 1125 laborum,
1408 1062 1448 1116 vi·

104 1130 234 1201 issimqnc
258 1129 391 1184 exhibitis
414 1129 518 1201 ingenii
539 1129 591 1184 mei
616 1131 828 1200 experimentis,
851 1142 949 1202 pactus
971 1134 1139 1190 conditiones
1163 1139 1305 1207 cumipse
1330 1157 1446 1197 commo·

104 1210 176 1273 andi,
198 1226 268 1281 quas
291 1210 403 1280 styriae
423 1226 552 1280 proceres
572 1216 650 1264 ratas
672 1211 817 1276 haherent,
841 1221 906 1283 post
928 1214 1037 1285 aliquot
1057 1215 1188 1270 mensium
1212 1220 1448 1277 conversationem

104 1293 215 1346 aversus
240 1307 300 1344 sum
314 1289 465 1344 Graetium.
507 1289 639 1358 Receptis
660 1298 754 1345 autem
777 1293 854 1346 brevi
877 1294 986 1365 aliquot
998 1294 1103 1349 Brahei
1123 1296 1249 1366 epistolis
1275 1296 1384 1370 (quibus
1399 1301 1447 1356 ille

104 1389 128 1427 11
149 1371 328 1424 vacillantem
350 1370 378 1423 in
399 1368 541 1439 proposito
562 1375 677 1439 propter
697 1371 876 1426 difficultates
898 1380 974 1428 ortas
996 1375 1181 1438 confirmavit,
1210 1378 1306 1433 addita
1331 1396 1447 1436 comme·

104 1451 248 1513 aratione,
271 1450 334 1521 qnid
355 1449 415 1518 ipse
436 1465 496 1502 eum
517 1450 688 1518 Imperatore
709 1453 742 1505 de
763 1469 806 1506 me
828 1455 987 1507 advocando
1004 1453 1064 1523 jam
1079 1451 1199 1526 egisset)
1221 1458 1338 1529 denique
1351 1477 1445 1515 menae

104 1532 200 1586 utebri
216 1530 346 1586 familiam
361 1531 484 1600 Pragam
498 1530 639 1584 transtuli.
668 1531 727 1585 Nec
740 1532 842 1586 diutius
858 1549 930 1588 anno
943 1551 998 1588 uuo
1012 1535 1117 1603 potitus
1133 1536 1267 1607 magistro
1283 1540 1443 1609 superstite,

104 1619 149 1667 nst
169 1612 232 1680 ejus
254 1611 358 1665 obitum
380 1611 416 1664 ab
437 1610 567 1679 Imperat.
590 1611 737 1680 liudolpho
758 1619 871 1666 curator
891 1614 983 1683 operis
1005 1615 1181 1678 Tabularum,
1203 1617 1302 1687 quibus
1319 1620 1446 1675 Braheus

117 1692 271 1762 Rndolpho
301 1708 398 1744 nornen
420 1705 482 1742 esse
502 1689 604 1754 voluit,
636 1698 800 1762 surrogatus
822 1708 898 1747 sum:
929 1693 957 1747 in
980 1711 1033 1766 qno
1062 1694 1227 1763 perficiendo
1254 1715 1305 1766 per
1335 1699 1445 1755 11120

104 1792 171 1828 unos
193 1772 334 1826 desudavi.
377 1772 421 1823 Ita
442 1770 527 1823 omnis
549 1771 614 1824 mihi
636 1771 719 1835 vitae,
742 1772 892 1826 studiorum
913 1791 1080 1844 operumque
1100 1791 1221 1837 meorum
1241 1778 1313 1832 11111
1335 1780 1373 1833 11
1393 1781 1446 1835 111

104 1872 135 1909 ao
158 1854 257 1907 libello
278 1851 460 1906 consurrexit.
500 1851 539 1904 Et
559 1868 609 1905 our
629 1869 682 1905 non
711 1852 856 1922 magnifice
885 1870 928 1907 me
945 1854 1067 1924 jactem,
1099 1854 1163 1907 dum
1182 1858 1274 1910 recolo
1304 1860 1443 1923 memoria,

104 1936 152 1990 rod
176 1932 371 1986 demonstratis
389 1931 447 1999 jam
468 1932 644 2000 planetarum
667 1932 785 1986 omnium
805 1933 932 1996 motibus,
957 1937 1068 1988 tandem
1089 1935 1124 1987 ad
1145 1936 1342 1991 absolvendam
1358 1939 1444 1993 telam

104 2033 129 2068 re
153 2014 253 2067 libello
275 2018 414 2080 coeptam,
446 2012 481 2064 ad
509 2028 577 2081 opus
599 2028 636 2064 sc.
658 2013 866 2075 Harmonicum,
897 2013 946 2066 illo
977 2013 1036 2083 ipso
1063 2030 1150 2076 anno,
1182 2031 1235 2083 quo
1256 2017 1443 2073 Ferdinandus

104 2093 227 2150 rahidux
249 2092 275 2145 in
297 2108 391 2161 regem
413 2091 561 2144 Boherniae
583 2098 728 2161 susceptus
750 2099 802 2154 est,
825 2092 943 2146 animum
958 2093 1114 2162 adjecerim,
1137 2097 1208 2163 quod
1223 2111 1295 2149 anno
1317 2100 1443 2168 sequenti

104 2173 172 2236 ;18,
198 2191 251 2242 quo
273 2171 542 2224 annoFerdinandus
564 2171 691 2225 diadema
711 2172 791 2242 regni
813 2172 954 2243 Ungariae
976 2173 1105 2243 suscepit,
1128 2190 1182 2243 ego
1207 2174 1306 2229 librum
1320 2178 1354 2230 V.
1369 2179 1441 2231 Har·

104 2253 248 2308 1111111111
269 2251 450 2305 absolverim:
482 2255 552 2321 qued
574 2251 690 2322 denique
712 2268 783 2305 anno
809 2253 898 2314 1619,
922 2270 975 2322 quo
996 2251 1167 2306 Ferdinandc
1189 2271 1296 2308 summa
1316 2256 1438 2326 dignitas

104 2333 233 2406 perialis
255 2331 383 2401 11111111,
416 2331 598 2384 Harmonicen
626 2331 685 2401 ipse
714 2347 800 2385 111111
823 2333 918 2385 eodem
947 2339 977 2385 et
1000 2333 1060 2385 loco
1091 2340 1121 2385 et
1142 2350 1235 2386 mense
1257 2336 1442 2390 coronationis

104 2431 132 2469 rs
168 2410 379 2482 publicaverim.
421 2411 504 2463 I'axit
525 2412 616 2473 Deus,
649 2417 681 2464 ut
701 2411 833 2464 extinctis
865 2411 1037 2465 dissidiorum
1066 2412 1184 2466 civilium
1207 2414 1382 2469 dissonantiis
1415 2417 1442 2469 in

104 2513 130 2548 ιο
158 2491 327 2546 monarchae
359 2491 440 2558 hujus
462 2491 583 2560 irnperio,
615 2491 696 2561 inque
718 2491 834 2544 Austris
864 2491 1018 2560 superiore,
1049 2493 1177 2545 moderno
1209 2511 1268 2547 1111
1297 2494 1441 2559 domicilio,

104 2573 246 2630 avissima
266 2571 343 2640 pacis
365 2571 521 2634 harmonia,
552 2587 622 2642 quae
650 2570 677 2622 in
707 2571 850 2641 aequitate
881 2571 1054 2642 imperiorum
1080 2579 1109 2625 et
1137 2573 1333 2642 promtitudine
1362 2576 1441 2629 obse·

104 2655 205 2709 iorum
227 2651 364 2712 consistit,
396 2650 432 2702 ab
454 2651 505 2703 hoc
525 2650 584 2720 ipso
608 2657 732 2719 tempore
752 2658 941 2715 restauretur,
973 2669 1026 2723 quo
1047 2669 1101 2722 ego
1122 2653 1238 2721 phimum
1260 2655 1332 2707 hunc
1352 2672 1442 2709 meum

104 2735 206 2789 ellum
228 2732 299 2785 notis
329 2732 504 2784 emendatum
534 2731 756 2803 integratumque
783 2732 872 2783 denuc
894 2731 921 2784 in
953 2731 1092 2799 publicum
1113 2735 1174 2786 edo.
1218 2733 1262 2787 Sic
1282 2735 1354 2788 enim
1383 2736 1442 2790 11111

104 2813 195 2875 ierit,
229 2820 259 2864 ut
279 2810 405 2864 vastitati
428 2810 629 2879 provinciarum
651 2810 824 2864 cicatricibus
847 2810 985 2873 obductis,
1016 2819 1047 2863 ut
1069 2811 1179 2865 siccatis
1202 2813 1280 2883 aquis
1311 2813 1440 2868 horrendi

104 2894 188 2956 avii,
213 2892 370 2960 solibusque
391 2891 509 2945 reversis
530 2892 706 2946 reflorescens
734 2891 831 2960 copiae
853 2909 951 2954 cornu,
980 2890 1064 2944 etiam
1085 2891 1149 2945 mihi
1171 2893 1324 2947 destinatos
1346 2910 1364 2947 a
1384 2895 1441 2948 Ru·

104 2974 181 3046 lpho
205 2973 271 3040 Imp.
294 2976 398 3023 sumtus
421 2965 578 3039 (impeditos
599 2987 649 3039 per
670 2970 840 3038 superiorum
860 2978 1013 3040 temporum
1034 2967 1246 3039 turbulentiam)
1268 2972 1384 3043 denique
1405 2975 1441 3028 ad

104 3054 240 3110 aularum
261 3050 504 3103 astronomicarum
526 3067 594 3120 opus
616 3051 749 3104 edendum
772 3052 906 3105 affundat.

158 3128 193 3197 b)
217 3129 288 3192 Quia
308 3132 409 3200 dogma
429 3131 461 3183 de
483 3130 602 3201 quinque
631 3130 726 3201 figuris
747 3131 923 3202 geometricis
951 3131 1024 3184 inter
1051 3132 1189 3184 mundana
1209 3147 1326 3200 corpora
1346 3131 1437 3186 distri·

104 3214 150 3270 tis
175 3211 297 3265 refertur
318 3213 352 3263 ad
367 3210 567 3282 Pythagoram
591 3226 609 3263 a
629 3227 681 3280 quo
698 3211 780 3264 Plato
802 3212 874 3265 hanc
894 3211 1097 3281 philosophiam
1118 3218 1162 3264 est
1182 3218 1333 3265 mutuatus.
1369 3211 1439 3266 Vide
1524 3221 1541 3245 ·

104 3291 261 3350 armenices
283 3290 331 3344 lib.
348 3292 368 3344 1.
391 3298 421 3344 et
442 3291 488 3344 lib.
504 3291 538 3344 II.
580 3291 651 3344 Nam
672 3292 785 3344 eaedem
807 3291 914 3360 quidem
935 3298 964 3343 et
982 3290 1037 3344 illis
1058 3290 1171 3344 etmihi
1192 3292 1299 3362 figurae
1321 3291 1439 3364 quinque

104 3382 159 3430 ant
180 3371 351 3442 propositae,
374 3370 444 3425 idem
465 3378 495 3424 et
515 3371 571 3424 illis
592 3370 707 3424 etmihi
728 3372 852 3433 mundus,
875 3376 906 3423 at
925 3388 978 3424 non
999 3373 1112 3424 eaedem
1125 3370 1254 3441 utrinque
1269 3371 1360 3426 mundi
1375 3387 1438 3441 par·

104 3475 122 3523 1,
149 3454 175 3507 si
198 3452 307 3506 literam
329 3452 417 3505 solam
438 3458 562 3521 spectes:
585 3468 636 3504 nec
656 3453 751 3504 eadem
774 3450 933 3519 applicandi
955 3450 1036 3503 ratio.

156 3528 187 3599 o)
211 3532 342 3586 Condona
363 3532 451 3585 lector
470 3531 562 3600 tyroni
583 3530 748 3584 locutionem
764 3529 852 3583 minus
866 3532 1047 3587 emendatam.
1090 3530 1195 3599 Corpus
1211 3529 1335 3601 equidem
1350 3545 1438 3601 agno·

104 3623 124 3671 ,1
147 3612 329 3683 philosophia
349 3612 546 3682 quodammodo
571 3611 708 3664 diversum
728 3609 856 3680 quiddam
885 3611 922 3664 ab
952 3610 1076 3672 homine,
1108 3610 1173 3679 quia
1200 3609 1269 3663 illud
1290 3609 1438 3672 continuae

104 3692 226 3751 stationi
246 3699 291 3745 est
311 3691 473 3753 obnoxium,
504 3708 564 3744 cum
585 3691 665 3744 homo
695 3706 803 3758 semper
830 3690 900 3743 idem
921 3690 966 3743 sit.
1007 3688 1134 3743 Animum
1157 3706 1220 3743 vero
1251 3687 1380 3759 perhibet
1400 3688 1437 3752 id,

104 3792 126 3830 1
150 3774 234 3827 homo
255 3771 292 3825 sit
311 3772 409 3834 hcmo;
431 3772 499 3825 adeo
520 3788 574 3825 non
595 3776 639 3824 111
659 3769 764 3823 animus
785 3770 921 3824 diversum
935 3769 997 3840 quid
1013 3771 1050 3823 ab
1064 3769 1181 3823 homine.
1225 3767 1437 3824 111-1111111111

104 3860 172 3910 met
192 3854 303 3914 eadem,
326 3869 388 3905 esse
409 3868 487 3904 suum
508 3850 593 3904 etiam
614 3850 704 3904 animo
726 3851 872 3918 pabulum,
906 3850 1019 3904 seorsim
1040 3865 1058 3902 a
1078 3850 1181 3917 pabulo
1203 3848 1340 3919 corporis,
1371 3863 1437 3904 suas

104 3935 161 3991 iam
183 3933 297 3986 seorsim
319 3931 441 3985 delicias.

156 4009 185 4078 d)
208 4013 270 4067 Non
292 4013 417 4083 legeram
437 4010 584 4073 Senecam,
616 4009 661 4080 qui
683 4026 753 4078 pene
775 4010 889 4063 eandem
910 4008 1077 4065 sententiam
1097 4005 1273 4080 eloquentiae
1295 4007 1437 4064 1111111111

104 4093 199 4150 aculis
220 4092 260 4145 sic
280 4077 444 4146 exornavit:¹
470 4089 574 4159 pusilla
601 4105 645 4143 res
666 4091 780 4143 mundus
807 4096 863 4152 est,
895 4090 947 4143 nisi
975 4090 1004 4144 iu
1033 4106 1066 4142 eo
1100 4089 1170 4159 quod
1202 4094 1321 4159 quaerat
1350 4088 1436 4144 omnis

104 4175 194 4230 undus
217 4172 341 4226 inveniat
362 4167 440 4240 (Nat.
457 4171 573 4232 Quaest.
589 4169 650 4223 VII.
668 4166 727 4234 31).

156 4251 185 4318 1)
209 4253 271 4307 Non
291 4252 415 4322 equidem
436 4250 624 4321 cogitaveram
646 4256 728 4312 tunc,
757 4249 815 4302 fore
836 4252 868 4301 ut
890 4248 918 4300 in
938 4249 1006 4317 Imp.
1028 4248 1168 4318 Rudolphi
1199 4248 1292 4302 aulam
1313 4263 1436 4303 vocarer.

104 4350 203 4404 nmque
232 4333 305 4387 hunc
336 4331 511 4385 monarcham
531 4346 596 4384 vere
617 4330 736 4383 alterum
757 4328 885 4383 Catulum
912 4327 956 4380 hie
976 4329 1158 4400 deprehendi,
1187 4344 1242 4382 111
1263 4325 1437 4382 abdicatione

104 4414 201 4469 tidem:
223 4419 254 4467 at
274 4412 399 4481 proiecto
420 4410 532 4464 fastidio
553 4408 691 4463 actionum
712 4407 955 4478 iniquissimamm,
982 4409 1052 4464 domi
1080 4407 1199 4478 forisque
1228 4405 1435 4471 occurrentium,

104 4494 236 4549 ductione
258 4492 356 4546 mentis
383 4492 419 4546 ab
441 4490 473 4544 iis
494 4499 524 4544 et
546 4491 628 4543 heato
650 4488 794 4559 (quantum
813 4489 849 4541 ad
877 4491 1020 4544 naturales
1041 4482 1303 4558 contemplationes)
1325 4502 1434 4541 111111-

104 4590 181 4629 snum
203 4571 350 4634 exercitio;
379 4580 410 4625 ut
431 4569 546 4641 aequius
577 4568 673 4632 fuerit,
703 4567 827 4623 subditos
849 4567 905 4622 suis
935 4570 1028 4639 potins
1055 4565 1324 4639 importunitatibus,
1355 4582 1437 4638 quam

104 4653 153 4726 >gis
173 4654 217 4708 sui
238 4651 350 4706 fastidio
372 4651 463 4706 irasci.

155 4731 179 4799 t)
200 4735 245 4787 Ad
266 4727 519 4801 sphaeram-allati
539 4727 699 4800 systematis
721 4726 883 4798 planetarii,
910 4734 1094 4786 constructam
1115 4747 1153 4783 ex
1173 4725 1286 4782 orbibus
1306 4726 1435 4797 planeta·

104 4812 132 4883 is,
153 4820 184 4868 et
204 4812 364 4885 corporibus
385 4813 504 4887 quinque
524 4808 700 4883 regularibus
721 4807 932 4881 Pythagoricis,
955 4808 1011 4863 suis
1032 4825 1141 4881 quoque
1162 4805 1300 4862 coloribus
1320 4823 1339 4862 a
1360 4809 1434 4861 cete·
