3262 5550
130 328 196 397 276
679 331 953 399 spoogrsrysoonrs

221 491 283 554 Sed
315 499 347 553 tu
366 490 451 571 .quid
479 490 526 552 ais
554 490 654 552 Urse?
677 498 709 552 tu
735 491 806 570 quid
839 493 929 553 affers
963 510 999 553 ex
1025 489 1211 572 Ooperuico,
1243 513 1302 575 quo
1336 496 1500 576 probatum

133 583 244 645 reddas
267 582 298 643 id
321 581 399 660 quod
425 579 548 641 aiebas:
573 579 758 661 hypotheses
783 589 917 642 motuum
940 581 1117 644 coelestium
1140 602 1159 643 a
1182 582 1325 665 Tychone
1345 584 1499 663 jactatas,

131 690 274 753 expresse
298 668 469 748 descriptas
484 687 552 730 esse
576 668 606 730 iu
621 668 736 731 relictis
760 669 950 732 monimentis
965 670 1086 732 Nicolai
1101 668 1282 751 Coperuici?
1327 673 1365 736 Si
1380 693 1496 755 cogna-

131 751 243 822 tionem
267 760 512 839 interutrasque
536 758 734 831 intercedere,
759 759 784 820 si
808 759 928 820 facilem
952 760 1115 822 transitum
1139 780 1158 821 a
1178 758 1349 841 Cuperuico
1374 765 1412 825 ad
1434 750 1497 845 Ty-

131 849 256 911 chonem
280 847 500 921 contendisses‚
524 866 623 910 mcum
641 847 816 927 suffragium
840 848 963 928 adjungi
990 848 1057 928 jam
1081 848 1196 913 vidisti.
1242 848 1401 933 Expresse
1426 872 1497 915 vero

131 938 181 1001 ubi
204 938 234 1000 io
259 935 427 1018 Coperuicu
452 936 623 1018 descriptae
648 936 742 998 sunt?

714 1198 906 1213 fi--u—-m

204 1414 260 1465 Huc
278 1427 356 1479 usque
368 1411 491 1476 Keplsrus
509 1413 534 1461 iu
552 1411 774 1475 manuscriptorum
792 1413 890 1476 saepius
909 1411 1029 1462 dictorum
1047 1413 1170 1464 volumine
1191 1417 1285 1478 quinto.
1324 1414 1433 1481 Reliqua
1449 1418 1485 1467 ds

133 1492 206 1543 suut,
232 1488 285 1536 siue
304 1485 377 1535 dubio
395 1499 445 1534 uon
464 1483 606 1548 deperdita,
634 1482 679 1532 red
706 1483 814 1533 noudum
840 1483 982 1548 sKepierc
1001 1484 1143 1542 elaboratu,
1172 1499 1229 1536 eum
1253 1487 1339 1537 medis
1355 1489 1381 1537 iu
1399 1491 1483 1554 psgiur

133 1558 265 1615 tuburtae,
293 1570 350 1606 eam
368 1555 430 1605 iorts
449 1556 479 1605 ob
498 1568 615 1615 causam,
640 1556 699 1619 quis
722 1557 824 1605 mortuis
846 1553 909 1605 Urso
934 1562 961 1605 et
980 1554 1099 1618 Tychoue
1118 1557 1253 1609 consultius
1280 1559 1329 1623 ipsi
1355 1560 1481 1615 ridebatur,

132 1644 184 1679 rem
202 1636 282 1679 totam
308 1629 423 1691 abjicere.
459 1624 501 1676 Nil
526 1627 636 1690 requitur
659 1633 759 1690 praeter
776 1640 820 1685 ea,
846 1640 911 1691 quas
935 1640 1010 1691 supra
1028 1627 1194 1690 exhibuimus,
1222 1629 1347 1691 crameri,
1373 1631 1479 1681 wirrico

133 1699 283 1766 aliorumque
301 1699 456 1749 testimonia:
483 1697 579 1748 ridetur
598 1703 681 1746 autem
699 1696 822 1762 Keplems
840 1711 916 1762 prope
935 1698 967 1748 cd
985 1698 1060 1749 finem
1078 1714 1130 1749 rem
1148 1700 1306 1764 perduxisse,
1332 1716 1388 1752 cum
1404 1703 1476 1753 literae

133 1770 234 1836 KepIeri
253 1771 286 1821 ad
303 1769 483 1836 Tegusgeiium
502 1768 579 1819 datas
598 1766 659 1831 (rid.
678 1776 765 1819 annot.
784 1766 822 1831 ὅ.)
841 1771 953 1835 quamvis
970 1772 1114 1833 pauciorum
1132 1771 1260 1824 verborum
1279 1780 1401 1841 apparatu
1417 1774 1474 1823 simii

114 1845 228 1894 ‚ntioue
246 1842 433 1895 concludantur.
