3278 5542
669 336 701 386 de
718 337 790 386 rebus
809 337 970 401 annologiam
1013 333 1018 341 '
1431 335 1490 402 371

131 496 293 563 naturam,
319 509 413 570 eaque
437 491 464 551 si
487 491 527 552 ad
551 493 666 555 oculum
691 493 841 555 invenitur
864 496 893 557 in
918 496 1124 566 microcosmo,
1149 493 1220 574 quid
1243 495 1364 570 mirum,
1396 496 1422 557 si
1447 497 1494 558 in-

131 576 277 639 veniatur
299 586 331 641 et
353 578 383 640 in
405 597 619 642 macrocosmo.
667 572 854 660 Aspectuuln
879 583 1078 644 differentiam
1107 583 1136 643 in
1161 584 1227 643 sola
1250 583 1441 646 vehementia
1465 593 1496 647 et

134 665 315 727 fortitudine
339 686 427 747 pono.
475 665 622 731 Omnibus
646 670 725 732 idem
750 689 825 750 opus
849 672 958 734 bonurn
981 672 1098 743 tribuo,
1127 672 1345 732 extimulare
1376 672 1493 734 facul-

133 760 242 814 tates
275 756 457 818 animales
490 758 534 818 ad
568 776 679 836 opera
711 780 784 822 sua.
842 763 1009 840 Aspectnrn
1042 759 1120 821 inter
1151 760 1235 820 binos
1267 760 1407 839 planetas
1441 782 1494 822 seu

132 840 206 921 ipsa
228 861 355 923 corpora
379 847 498 924 fingere,
524 847 653 925 imperiti
677 858 735 909 est.
782 849 854 909 Vox
877 858 926 910 est
949 849 1100 915 Arabum,
1125 849 1178 908 sed
1200 856 1290 928 puto,
1310 867 1349 908 ex
1373 847 1493 911 Graeca
1542 908 1545 913 .

131 929 305 994 Ptolemaei
324 954 528 1014 σχηματισμος
542 936 680 997 deducta.
718 939 783 997 Aut
805 938 830 998 si
856 957 892 999 ex
908 939 1117 1016 καταβλιψισι,
1142 945 1208 997 esto
1227 956 1310 1006 saue,
1334 936 1492 1000 dummodo

131 1020 290 1081 commode
314 1022 557 1101 interpretemur,
590 1025 626 1084 de
652 1044 797 1086 concursu
821 1026 984 1100 radiorum,
1015 1027 1043 1086 in
1068 1044 1124 1104 quo
1149 1025 1228 1085 inest
1251 1036 1407 1103 aspectus,
1433 1047 1490 1087 non

131 1106 165 1168 in
184 1108 298 1170 circulo
329 1111 524 1191 imaginario,
559 1112 608 1192 qui
641 1113 821 1175 adsciscitur
854 1116 892 1175 ad
926 1114 1093 1176 metiendos
1128 1115 1254 1192 angulos
1287 1132 1490 1176 concursnum.

131 1193 200 1258 Sed
224 1197 260 1258 de
285 1199 341 1260 lroc
365 1201 394 1261 in
418 1200 694 1264 dissertatiuncula.
741 1202 822 1263 Nihil
848 1203 895 1263 bic
929 1203 1026 1264 tribuo
1051 1202 1223 1274 reflexioni,
1257 1222 1327 1263 nam
1352 1212 1492 1282 aspectus

130 1291 184 1347 est
207 1285 237 1347 in
262 1306 344 1349 mera
367 1289 530 1350 incidentia
553 1310 606 1352 seu
630 1310 775 1353 concursu
799 1293 958 1353 radiorum.
1005 1291 1070 1354 Nec
1091 1290 1224 1370 seqnitur
1248 1291 1394 1369 operatio,
1421 1293 1491 1371 quia

128 1375 260 1436 alterius
283 1377 384 1438 radius
418 1399 437 1438 a
460 1378 579 1440 Tellure
612 1380 641 1440 in
671 1380 795 1441 alterius
824 1399 932 1459 corpus
965 1379 1131 1441 reflectitur
1165 1379 1256 1457 (qnae
1288 1379 1489 1459 philosophia,

127 1471 216 1543 puto,
241 1473 290 1526 est
303 1465 439 1527 Jofranci
455 1465 598 1541 Offucii),
615 1462 655 1543 ¹⁰)
680 1469 734 1530 sed
758 1469 829 1547 quia
844 1469 980 1530 binorum
995 1469 1072 1532 radii
1096 1476 1178 1528 certo
1193 1467 1303 1546 angulo
1328 1469 1356 1528 in
1381 1481 1491 1548 puncto

129 1571 170 1614 eo
194 1563 383 1628 concurrunt,
408 1555 437 1615 in
462 1574 519 1634 quo
543 1558 708 1619 collocatur
731 1577 779 1618 res
803 1558 1022 1632 immateriata,
1050 1563 1192 1634 aspectus
1216 1557 1370 1634 receptiva
1394 1558 1491 1619 facul-

130 1650 198 1716 tas,
223 1661 329 1721 nempe
353 1643 502 1705 animalis.
551 1646 609 1707 Ubi
639 1646 712 1707 nihil
740 1646 881 1726 impedit,
915 1655 1027 1725 puncta
1057 1646 1174 1706 differre
1205 1644 1243 1704 ab
1267 1644 1394 1706 invicem
1418 1655 1450 1706 et
1474 1667 1493 1706 a
1594 1684 1596 1688 ι

129 1740 240 1791 centro
264 1731 386 1792 Terrae.
433 1734 512 1795 Nam
536 1741 568 1794 et
592 1733 658 1812 jam
688 1734 800 1796 dictum
825 1742 857 1796 et
878 1734 1059 1796 inculcatum
1084 1734 1112 1793 in
1133 1731 1355 1810 Disputatione,
1381 1751 1491 1812 opera-

128 1819 250 1879 tionem
273 1820 350 1881 banc
373 1839 427 1899 per
450 1831 592 1902 aspectus
617 1842 685 1883 esse
716 1823 813 1884 stellis
838 1823 1072 1885 accidentariam
1101 1829 1132 1882 et
1155 1828 1273 1881 tanturn
1297 1822 1489 1900 objectivarn.

128 1906 244 1988 ltaque
275 1918 308 1969 ut
340 1909 481 1972 videntur
510 1912 634 1985 stellae,
664 1912 692 1972 h.
717 1932 744 1973 e.
769 1920 804 1973 nt
825 1911 902 1973 radii
926 1913 1092 1984 confluunt,
1118 1909 1163 1968 ita
1186 1909 1322 1988 operatio
1346 1909 1490 1990 sequitur.

126 1996 177 2057 At
203 1995 277 2057 visio
301 2017 339 2059 ex
363 2006 466 2060 centro
491 2000 602 2061 Terrae
626 2000 699 2061 nihil
723 2001 908 2063 sensibiliter
940 2000 1041 2061 differt
1073 1996 1230 2059 avisione
1262 2016 1299 2058 ex
1323 1999 1488 2078 superficie,

127 2084 171 2145 ob
199 2085 388 2147 altitudinem
413 2087 544 2150 siderum
568 2089 743 2163 imrnanem3
781 2108 852 2169 ergo
881 2108 976 2168 neque
1006 2087 1141 2165 operatio
1172 2086 1273 2148 diflert
1296 2087 1489 2149 sensibiliter.

127 2172 175 2235 Ec
200 2174 268 2253 quid
293 2182 365 2249 turn,
390 2175 416 2236 si
440 2177 573 2238 differret
597 2177 803 2239 sensibiliter?
850 2176 996 2256 Operatio
1021 2176 1098 2236 enirn
1123 2184 1312 2254 sequeretur3
1343 2195 1368 2236 e.
1394 2195 1423 2253 g.
1449 2177 1491 2237 sit

132 2260 217 2323 bora
239 2261 310 2326 XII.
336 2264 454 2325 sextilis
479 2264 602 2328 Saturni
627 2279 657 2327 et
680 2267 783 2328 Lunae
807 2267 836 2327 in
861 2276 963 2327 centro
987 2266 1113 2337 Terr·ae;
1142 2271 1222 2337 esto,
1252 2272 1286 2334 ut
1308 2263 1492 2325 sensibiliter

131 2344 232 2411 distet
256 2352 311 2412 boc
334 2361 452 2431 tempus
477 2374 496 2414 a
519 2363 652 2434 tempore
676 2356 742 2434 ejus
766 2356 899 2429 sextilis,
926 2355 973 2434 qui
999 2353 1029 2413 in
1053 2350 1208 2432 superficie
1233 2352 1344 2412 Terrae
1369 2352 1489 2414 contin-

131 2445 204 2517 get3
237 2457 303 2500 curn
326 2440 418 2520 igitur
440 2442 536 2517 Luna,
561 2444 651 2505 imum
675 2444 774 2516 sidus,
810 2444 906 2505 locum
930 2450 1026 2504 mutet
1047 2461 1104 2504 uno
1127 2439 1237 2520 gradu,
1268 2459 1338 2520 ergo
1363 2461 1398 2503 eo
1423 2460 1489 2502 mo-

130 2535 238 2589 mento
261 2529 340 2590 inter
363 2524 384 2608 ij
408 2537 440 2590 et
462 2533 487 2602 )
511 2542 600 2593 erunt
623 2526 693 2594 61⁰.
741 2532 817 2593 Post
840 2529 860 2593 2
885 2533 974 2593 horas
1006 2531 1171 2591 interemnt
1199 2523 1268 2604 60⁰,
1298 2530 1346 2607 qui
1375 2549 1490 2591 mrsum

130 2615 256 2678 sextilis
280 2625 338 2680 est.
384 2618 490 2698 Itaque
521 2620 601 2681 intra
629 2619 648 2680 2
678 2622 768 2682 horas
792 2620 979 2694 coincidunt,
1010 2619 1040 2679 in
1064 2618 1173 2679 ceteris
1197 2617 1328 2696 propius.
1376 2619 1491 2680 Verum

125 2705 197 2785 jam
220 2706 379 2768 considera
403 2716 435 2767 et
458 2709 650 2770 latitudinem
673 2709 854 2779 nonnullam,
880 2709 984 2770 tamin
1000 2707 1182 2785 aspectibus,
1208 2725 1296 2786 quarn
1312 2708 1340 2767 in
1360 2705 1486 2768 musica.

128 2794 202 2857 Non
235 2795 341 2857 statim
374 2796 470 2857 omnis
498 2798 697 2859 consonantia
729 2808 875 2878 negatur,
914 2797 971 2858 etsi
1005 2796 1133 2857 chordae
1165 2813 1224 2855 non
1255 2803 1394 2856 accurate
1428 2796 1490 2856 sint

130 2893 251 2944 tensae.
299 2882 379 2954 Quin
403 2885 461 2945 imo
486 2887 670 2964 quarundam
694 2887 957 2948 consonantiarum
990 2885 1190 2945 dimensiones
1220 2883 1392 2944 necessario
1422 2903 1488 2945 ma-

128 2980 209 3033 nent
229 2972 435 3051 imperfectae,
459 2975 538 3054 quod
562 2976 787 3037 fundamentum
811 2986 858 3035 est
882 2985 1019 3035 tonorum
1042 2972 1228 3044 affectionis,
1266 2990 1362 3052 neque
1386 2983 1487 3034 tamen

128 3060 201 3122 ideo
225 3080 284 3122 non
309 3062 442 3123 delectat
467 3064 573 3125 talium
598 3072 734 3126 tonorum
758 3064 922 3142 usurpatio.
969 3064 1018 3124 lta
1042 3063 1145 3122 rideas
1169 3061 1394 3140 conjunctiones
1418 3062 1488 3141 pla-

128 3157 271 3211 netamm
296 3150 454 3225 efficaces,
490 3151 537 3212 nbi
563 3153 684 3214 diversa
713 3153 851 3227 latitudo,
877 3153 1034 3213 dummodo
1059 3170 1117 3212 non
1141 3149 1251 3223 nimia;
1289 3149 1381 3229 igitur
1403 3158 1435 3211 et
1458 3150 1486 3212 in

130 3237 321 3317 longitndine
344 3239 407 3301 lato
431 3241 560 3319 quodam
585 3242 672 3303 modo
696 3242 855 3302 deliniendi
880 3250 1038 3320 aspectus,
1069 3250 1102 3301 ut
1125 3260 1144 3300 a
1168 3232 1229 3300 600
1252 3238 1372 3317 quidem
1394 3257 1486 3319 prae-

130 3327 195 3389 cise
220 3336 382 3406 operentur
404 3330 635 3407 perfectissime,
662 3332 715 3391 sed
739 3352 758 3392 a
781 3325 843 3393 59⁰
866 3341 896 3390 et
920 3351 939 3390 a
962 3324 1023 3392 610
1046 3334 1207 3408 operentur
1230 3326 1313 3388 nihil.
1351 3327 1417 3390 Hoc
1434 3349 1486 3390 as-

126 3425 229 3479 sumto
261 3416 351 3495 plane
383 3417 510 3479 ridicula
542 3420 599 3481 erit
622 3419 753 3498 objectio
777 3421 813 3480 de
838 3419 1008 3480 differentia
1040 3417 1136 3478 centri
1160 3423 1192 3476 et
1215 3415 1485 3487 circumferentiae,

126 3505 208 3567 addo
234 3512 266 3565 et
288 3505 325 3565 de
349 3505 526 3582 differentia,
552 3527 640 3587 quam
664 3509 740 3570 facit
762 3508 912 3569 refractio.
950 3505 1097 3576 Quamvis
1112 3505 1149 3565 de
1164 3504 1344 3565 refractione
1359 3523 1485 3585 respon-

126 3592 258 3655 dendnm
282 3593 381 3655 aliter.
429 3596 544 3676 Nempe
578 3617 615 3658 ne
648 3616 745 3676 opaca
777 3596 896 3675 quidem
928 3595 1111 3675 impediunt,
1146 3592 1302 3673 quominus
1335 3592 1484 3655 radiorum

127 3690 273 3764 aspectus
295 3683 478 3762 percipiatur
502 3705 521 3745 a
545 3685 741 3747 facultatibus
774 3684 973 3758 animalibus,
1008 3684 1114 3743 nedum
1139 3679 1328 3760 semiopaca,
1361 3690 1396 3741 ut
1418 3688 1485 3756 abr;

126 3771 194 3835 eive
219 3771 297 3850 quod
322 3772 452 3834 facultas
475 3774 615 3835 animalis
639 3774 747 3853 eadem
770 3773 870 3834 estin
896 3781 998 3834 centro
1013 3772 1124 3832 Terrae
1149 3777 1180 3830 et
1202 3769 1232 3830 iu
1248 3769 1362 3829 ertirna
1376 3788 1483 3849 super-

127 3860 195 3921 ficie
220 3860 312 3931 atris,
335 3880 388 3922 seu
412 3862 490 3940 quod
514 3862 661 3938 subtilior,
686 3863 796 3941 purior,
821 3861 1047 3923 immaterialior
1071 3867 1119 3921 est
1141 3858 1295 3938 perceptio
1315 3857 1392 3919 situs
1407 3859 1484 3920 stel-

126 3948 235 4021 larum,
260 3967 350 4028 quam
373 3957 407 4011 ut
429 3950 469 4011 ad
492 3970 559 4012 eum
581 3951 868 4030 repraesentandum
892 3951 984 4012 radiis
1009 3949 1116 4011 lucidis
1140 3966 1214 4027 opus
1239 3947 1290 4007 sit.
1337 3946 1484 4028 Exemplo

127 4038 171 4100 sit
194 4036 273 4098 ratio
295 4038 464 4117 genesium:
478 4039 617 4107 ‚influunt
639 4042 791 4120 planetae,
817 4040 866 4119 qui
890 4039 945 4101 sub
961 4039 1055 4099 Terra
1070 4045 1162 4113 ·sunt;
1187 4045 1218 4098 et
1232 4035 1327 4097 maria
1350 4035 1379 4096 iu
1395 4038 1482 4098 novi-

127 4125 220 4188 luniis
244 4134 413 4201 moventur,
444 4127 536 4189 etiam
559 4146 613 4207 per
636 4128 795 4209 appulsum
819 4128 950 4189 siderurn
975 4128 1014 4188 ad
1037 4127 1138 4200 nadir,
1174 4124 1250 4187 unde
1275 4124 1351 4186 radii
1374 4144 1483 4188 ascen-

126 4214 201 4276 dere
223 4215 427 4294 prohibentur.
475 4216 538 4278 Sed
562 4218 618 4278 boc
642 4217 781 4278 fortassis
806 4217 932 4278 alienius
957 4225 1007 4277 est
1029 4215 1205 4293 exemplum.
1232 4245 1273 4254 -

212 4303 372 4383 Denique,
406 4305 485 4385 quod
508 4306 620 4366 attinet
643 4325 788 4367 causam
816 4315 1050 4384 aspectuum,
1083 4303 1155 4364 nihil
1179 4302 1277 4382 magis
1301 4321 1348 4363 me
1372 4312 1483 4376 movet,

126 4410 219 4473 qnam
233 4391 300 4466 boc,
315 4393 395 4473 quod
410 4394 568 4456 dicendum
582 4403 640 4466 est,
661 4404 803 4472 aspectus
818 4394 1044 4455 animadversos
1061 4393 1206 4473 ignoratis
1222 4390 1330 4453 causis.
1365 4391 1410 4452 At
1428 4391 1483 4452 hoc

125 4480 204 4542 nibil
226 4481 304 4542 novi.
353 4479 596 4563 Quotusquisque
624 4483 773 4557 rationem
800 4482 885 4542 novit
912 4480 1169 4561 perspicillorum?
1216 4480 1295 4541 Num
1319 4477 1386 4539 ideo
1410 4478 1483 4541 nihil

125 4577 201 4632 sunt
221 4569 417 4649 perspicilla?
462 4572 563 4632 Multa
585 4572 669 4633 talia.
717 4573 833 4651 Magna
856 4570 903 4631 vis
927 4571 1289 4659 experientiae,·magna
1312 4566 1506 4642 curiositas,'

124 4676 240 4737 magna
261 4658 427 4720 subtilitas.
475 4659 563 4730 Quod
586 4680 710 4722 causam
733 4660 830 4740 ipsam
853 4659 974 4732 attinet,
998 4669 1070 4740 puto
1085 4659 1237 4720 inventam
1261 4664 1293 4717 et
1308 4674 1483 4736 expressam

124 4745 158 4810 in
180 4745 405 4827 Disputatione,
430 4767 506 4829 quae
530 4748 637 4811 similis
661 4750 779 4811 videtur
802 4747 1017 4824 Ptolemaicae,
1042 4755 1075 4810 at
1098 4746 1251 4827 explicata
1274 4763 1332 4806 non
1358 4745 1415 4807 fuit
1437 4746 1481 4807 si-

123 4834 239 4899 militer
261 4856 282 4897 a
303 4836 493 4901 Ptolemaeo:
535 4837 604 4901 Non
628 4846 696 4900 erat
716 4845 807 4900 notus
825 4836 1002 4899 Ptolemaeo
1018 4834 1147 4901 Creator
1169 4835 1293 4923 mundi3·
1312 4852 1403 4916 qnare
1422 4834 1481 4898 im-

1209 4935 1270 4992 24·
