3278 5542
691 301 861 355 emm
1411 303 1455 370 aa

146 455 368 509 -iit'estlinusc
394 457 437 510 De
450 456 629 523 Smtqsrdisno
647 462 750 527 unctio
767 460 839 512 rideo
858 461 944 511 omnia
961 461 1088 524 quiescere
1106 467 1134 512 st
1150 461 1231 512 alere.
1259 461 1456 528 Krsetsmayero

108 526 196 593 ultum
213 531 311 597 negotii
328 529 432 581 imant
448 529 567 581 machina
583 530 730 598 hydraulica
749 531 891 583 artificiosa
919 530 967 582 Ubi
985 532 1018 582 sit
1035 531 1123 598 globus
1141 539 1274 598 argenteos
1293 536 1387 600 ignoro,
1406 536 1456 586 ior·

108 613 200 665 supas·¹
216 598 307 661 literas·
319 601 413 667 trasna
430 614 540 665 quaero,
559 602 607 650 nisi
625 604 758 653 occasione
777 602 863 652 oblata
881 615 928 668 ago
946 603 998 665 ipsa
1018 599 1188 668 Stutgardiam
1207 597 1308 657 veniens
1326 606 1455 672 inquiram.

108 666 141 719 it
157 670 226 735 apud
244 668 454 735 Kretrmayerusu
472 670 541 721 illum
559 671 662 722 inveniri
681 673 769 730 credo;
795 671 826 722 de
850 673 899 723 ulio
918 675 983 722 euim
1003 681 1122 739 argento,
1148 680 1247 738 praeter
1264 674 1330 726 hunc
1348 676 1456 743 globum.

108 739 148 792 11
165 740 228 791 milri
246 743 361 792 munima
399 742 599 807 Desmlptlonem
618 743 724 794 latinam
741 758 794 794 nna
812 749 873 794 cum'
886 745 972 794 rotulis
990 746 1055 795 sicot
1070 747 1135 809 petis
1153 749 1260 796 remitto.
1292 747 1350 798 [ins
1367 749 1457 804 rotula,

108 825 152 863 ne
171 820 261 862 contre
279 813 380 864 ductum
398 813 458 879 ligni
476 815 558 864 incisa
576 815 631 873 luit,
650 816 677 866 in
694 817 775 866 multu
791 815 934 882 iragmentu
951 817 998 866 luit
1012 817 1149 872 conducta
1168 832 1224 868 oum
1243 831 1299 869 eam
1316 820 1394 883 primo
1413 833 1454 869 aa·

108 884 217 949 pum
256 881 312 946 (12.
332 882 375 934 aa.
394 886 454 950 sps.
476 882 566 948 csso.)

175 973 366 1050 Meshanioa,
386 982 513 1047 respondit
531 983 655 1046 Koplems
674 980 729 1047 (29.
748 981 887 1067 nupti),
910 977 1011 1056 accepi
1028 996 1085 1036 non
1101 976 1274 1056 integriora,
1296 997 1384 1058 quam
1400 999 1455 1040 ne.

108 1069 256 1125 esseest
289 1061 337 1124 De
353 1062 444 1142 globo
463 1072 495 1125 et
513 1063 633 1126 circulis
657 1065 774 1146 aliquot
797 1065 952 1145 argenteis
974 1065 1073 1147 planis
1098 1085 1209 1145 quaeso
1235 1086 1314 1142 curu,
1341 1069 1366 1131 si
1390 1069 1454 1130 fieri

108 1150 143 1225 bs
166 1161 201 1214 ta
223 1159 327 1232 potest
349 1152 429 1215 citra
449 1151 604 1215 invidiam.
1145 1151 1149 1159 '

160 1255 212 1306 Die
232 1254 273 1305 15.
294 1254 336 1308 25.
355 1256 413 1308 Jau.
436 1254 504 1306 1000
521 1257 586 1308 haec
604 1258 745 1321 praemissis
765 1257 835 1307 addit
852 1256 1019 1307 Maestlinus:

159 1327 201 1377 Da
220 1330 383 1378 instrumento
401 1343 446 1378 sau
464 1343 536 1392 opere
554 1329 732 1379 mathematico
750 1328 799 1378 lruc
818 1343 894 1393 usque
912 1328 973 1376 nihil
993 1330 1053 1377 certi
1072 1330 1199 1391 comperiri
1218 1332 1301 1393 potui,
1324 1333 1372 1381 nisi
1390 1334 1455 1396 quod

108 1398 216 1448 mliuber
233 1399 275 1449 ille
294 1399 495 1465 Stutgerdianus,
515 1402 555 1463 qui
574 1402 599 1448 in
620 1402 763 1450 consistorio
782 1399 864 1449 ducali
884 1413 1033 1449 assessorem
1052 1401 1105 1464 agit
1118 1399 1168 1461 (1),
1188 1416 1266 1465 nuper
1284 1402 1343 1451 milri
1360 1404 1454 1462 retulit,

108 1469 152 1520 aad
166 1469 271 1519 Carolus
284 1472 409 1521 aurifaber
421 1486 463 1534 pro
483 1486 558 1534 opera
577 1474 729 1537 succingens
747 1473 852 1534 pretium
870 1472 1016 1534 poposcerit.
1046 1469 1095 1520 Sed
1114 1485 1219 1522 censura
1238 1475 1290 1535 ejus
1309 1474 1455 1537 quibusdam

108 1543 224 1605 sputatis,
243 1544 308 1590 inter
326 1557 386 1606 quos
405 1549 431 1591 et
449 1543 510 1605 ipsa,
530 1544 569 1607 qui
589 1542 648 1591 mihi
667 1544 758 1602 retulit,
778 1543 833 1598 luit,
854 1543 991 1605 aprinoipe
1004 1541 1050 1590 luit
1063 1545 1203 1599 commissa,
1221 1545 1262 1607 qui
1274 1548 1379 1608 pretium
1394 1547 1455 1596 illud

108 1626 139 1662 se
159 1612 193 1662 ud
213 1613 339 1662 dimidium
358 1619 541 1662 contruxerunt.

158 1682 221 1733 Inda
241 1684 338 1734 abhoc
357 1685 519 1748 temporenil
539 1684 643 1748 emplius
662 1684 693 1733 de
713 1684 758 1733 hoc
778 1698 850 1746 opera
870 1685 984 1738 occurrit,
1007 1698 1081 1746 quum
1102 1684 1188 1734 turbae
1207 1692 1258 1734 tum
1278 1689 1393 1750 temporis
1413 1703 1454 1737 ex·

108 1760 154 1804 tue
173 1755 200 1803 in
221 1754 314 1816 Styria,
334 1756 422 1819 quibus
440 1755 563 1819 Keplerus
581 1771 677 1819 quoque
695 1757 805 1821 agitatus
825 1762 864 1803 est
882 1752 974 1817 (comp.
994 1769 1018 1817 p.
1040 1751 1082 1803 30.
1102 1755 1133 1803 51
1149 1753 1224 1820 sqq),
1243 1757 1375 1807 rideantur
1393 1759 1452 1810 effe-

108 1839 164 1886 tae,
185 1835 215 1874 ut
233 1825 265 1875 de
284 1841 312 1875 re
331 1827 434 1876 ulterius
452 1828 637 1891 persequenda,
657 1841 708 1875 uon
727 1826 831 1888 amplius
850 1827 981 1890 cogitaret.

156 1897 257 1948 Tabula
275 1897 376 1959 adjecta
393 1897 472 1946 solum
490 1906 603 1962 superest
622 1899 748 1962 specimen
768 1898 904 1946 conaminis
921 1897 1052 1959 juvenilis,
1077 1897 1142 1961 quod
1160 1897 1261 1956 literae,
1287 1913 1348 1962 quus
1366 1915 1453 1964 propo·

108 1969 190 2025 imus,
210 1969 319 2032 pluribus
338 1968 455 2019 exhibent
473 1969 630 2033 descriptum.

153 2039 275 2089 Redimus
295 2040 327 2089 ud
346 2055 406 2104 opus
424 2041 526 2104 Kepleri
545 2042 634 2104 ipsum.

155 2126 223 2188 Quid
242 2131 392 2191 spectaverit
411 2130 477 2179 edito
495 2130 542 2179 hoc
561 2144 635 2193 opere
654 2128 795 2192 Keplerus,
822 2127 879 2190 quid
903 2127 944 2176 alii
969 2127 1000 2175 de
1019 2142 1047 2176 eo
1063 2127 1245 2189 judicaverint,
1272 2143 1301 2177 eu
1320 2130 1363 2184 iis,
1388 2145 1452 2194 qnae

108 2219 265 2275 uamisimus,
285 2218 376 2271 elucet.
414 2222 495 2284 Atque
515 2218 707 2273 adolescentem,
727 2231 820 2266 annum
838 2224 890 2265 tum
913 2217 1019 2265 maxima
1039 2221 1156 2280 agentem
1174 2218 1319 2267 vicesimum
1338 2219 1453 2281 quintum

108 2321 132 2356 us
150 2314 346 2356 astronomorum
365 2314 472 2370 tantum,
483 2308 535 2370 sed
554 2310 628 2357 atium
649 2307 768 2362 virorum,
787 2306 828 2368 qni
847 2306 898 2354 alia
916 2305 1045 2354 doctrinae
1064 2319 1158 2370 genera
1176 2305 1307 2363 colebant,
1327 2307 1410 2357 oculos
1428 2309 1453 2357 in

108 2397 279 2445 convertisse
301 2398 354 2460 quis
374 2403 420 2454 est,
440 2398 481 2460 qui
501 2394 622 2446 miretur?
659 2394 774 2458 Denique
794 2408 823 2442 ex
842 2394 889 2442 illis
908 2395 983 2442 initiis
1002 2393 1111 2456 proiecto
1131 2393 1163 2442 ad
1181 2393 1263 2452 illum,
1288 2409 1337 2459 qua
1355 2397 1391 2444 ris
1408 2397 1452 2445 flo-

108 2484 143 2539 it,
165 2483 269 2548 glorim
289 2486 507 2535 etauctoritatem
535 2485 581 2533 iter
604 2498 659 2533 esse
685 2482 839 2546 patefactum
857 2481 980 2546 Keplerus
998 2482 1051 2545 ipse
1070 2482 1203 2538 indicarit,
1228 2483 1269 2546 qui
1288 2498 1337 2532 non
1356 2489 1453 2534 tuntum

108 2573 173 2623 inim
192 2573 303 2623 inlibris
322 2575 499 2628 astronomicis,
519 2575 560 2638 qui
578 2572 738 2622 Prodromum
751 2572 925 2636 sequebantur,
944 2572 1009 2620 illius
1022 2573 1172 2620 mentionem
1192 2572 1295 2628 iaceret,
1315 2572 1358 2620 sed
1377 2574 1453 2623 etiam

108 2677 147 2712 nso
166 2660 209 2710 25.
228 2670 359 2728 postquam
377 2663 481 2728 primum
500 2663 581 2712 aditus
600 2669 646 2722 est,
666 2661 731 2711 hunc
750 2663 840 2710 iterum
860 2660 1050 2724 imprimendum
1064 2669 1170 2709 curaret.
1199 2659 1254 2709 Hoc
1273 2660 1341 2710 illum
1359 2661 1452 2726 pridem

108 2756 223 2807 estune,
250 2750 332 2800 elucet
350 2765 379 2799 ex
397 2750 533 2815 his,1quae
555 2752 580 2800 in
602 2752 662 2801 libro
682 2749 712 2800 de
731 2757 799 2799 motu
819 2750 906 2799 stellae
925 2749 1012 2798 Martis
1032 2747 1114 2812 (impr.
1135 2763 1158 2798 a.
1180 2744 1261 2808 11100)
1281 2756 1308 2798 et
1325 2752 1351 2799 in
1371 2749 1452 2808 ,Hur-

108 2839 181 2890 oow
203 2846 334 2889 occnmmt
351 2840 447 2890 verbis:

173 2927 228 3003 „Si
244 2929 447 3007 supervixero,
473 2929 574 3010 quoad
588 2928 774 2990 astronomia
789 2946 872 2989 suam
891 2927 1054 3006 puritatem
1078 2935 1109 2987 et
1131 2926 1347 3007 perfectionem
1371 2947 1449 2989 nan-

110 3025 225 3090 scatur,
251 3027 284 3079 ut
308 3017 337 3078 in
362 3038 463 3093 causa,
491 3038 580 3098 quam
603 3018 632 3079 in
657 3017 709 3078 illo
735 3017 837 3078 libello
862 3017 899 3076 ad
925 3016 988 3094 ejus
1008 3016 1138 3076 tribunal
1163 3015 1291 3084 devolvi,
1315 3033 1448 3094 pronun-

109 3107 154 3170 ort
177 3106 287 3186 possit,
311 3107 456 3185 polliceor
482 3107 596 3181 lectori,
622 3126 668 3168 me
694 3107 827 3168 libellum
842 3104 926 3166 illuns
942 3113 1184 3178 retractaturum,
1211 3105 1447 3181 etconfirmatis,

108 3215 157 3259 aaa
182 3215 256 3257 vera
280 3196 477 3275 deprehendi,
502 3197 632 3277 reliqua,
659 3215 735 3276 quae
759 3193 997 3266 secretaneus,
1023 3194 1153 3255 fideliter
1177 3194 1400 3255 deiecturum.“'

151 3335 183 3386 In
201 3336 307 3385 librali.
322 3352 390 3401 prop.
404 3335 438 3387 25
461 3337 646 3396 ,Harmoniae“
660 3337 746 3401 paucis
760 3343 954 3403 tommemoraus
966 3334 1122 3393 ,Prodromi“
1144 3343 1327 3400 argumentum,
1344 3318 1447 3394 „nihil

108 3410 191 3490 lquit,
216 3408 408 3488 plausibilius
422 3410 518 3471 videri
531 3412 639 3489 potuit,
666 3429 754 3489 quam
770 3428 823 3469 sex
842 3408 1019 3471 coelestium
1039 3408 1153 3469 orbium
1173 3408 1335 3470 intervalla
1359 3409 1448 3488 quin·

108 3517 139 3560 ue
164 3517 203 3557 ex
228 3499 356 3578 quinque
388 3499 489 3578 figuris
524 3500 826 3583 (corporibuslesse
860 3499 1000 3558 desumta
1033 3518 1051 3557 a
1080 3505 1216 3558 creatore
1363 3498 1448 3559 Haec

108 3587 260 3649 istributio
285 3587 416 3649 numeris
440 3588 590 3673 explorari
613 3596 726 3667 potest,
751 3585 964 3648 necessitatem
989 3586 1088 3659 infert,
1114 3603 1270 3664 carporum
1293 3605 1447 3649 numerum

108 3694 142 3738 nn
167 3676 318 3755 conquirit
342 3676 440 3752 anxie,
465 3677 518 3738 sed
540 3677 694 3739 inventum
714 3684 856 3756 occupat;
882 3674 1007 3753 denique
1032 3675 1074 3736 sic
1100 3684 1148 3735 est
1171 3674 1327 3750 instructa,
1352 3683 1386 3737 ut
1410 3676 1448 3736 ab

107 3766 129 3828 is
154 3765 243 3827 annis
268 3763 310 3826 22
335 3785 392 3826 nan
417 3775 536 3827 tantum
560 3767 673 3828 nullum
697 3765 844 3826 invenerit
873 3773 1129 3842 oppugnatorem,
1164 3763 1217 3824 sed
1247 3764 1339 3824 etiarn
1368 3764 1450 3843 ipsos

108 3855 189 3927 tami,
219 3854 434 3916 inconsiderati
462 3856 601 3935 magistri
627 3864 658 3916 et
680 3852 968 3931 Euclideomastigis
1000 3852 1162 3931 discipulos
1184 3846 1227 3924 ²⁸)
1256 3853 1448 3933 pertraxerit,

108 3944 232 4024 odisque
257 3952 321 4005 tam
345 3945 455 4005 multos
479 3946 651 4024 pertrahat,
677 3951 710 4005 ut
731 3944 794 4022 jain
818 3944 929 4005 dudum
952 3942 1115 4003 secundam
1138 3940 1300 4003 editionem
1323 3943 1448 4022 flagita-

108 4034 183 4095 arint
207 4033 445 4095 mathematici.“

154 4139 231 4189 Hanc
250 4140 384 4188 editionem
402 4140 538 4191 secundam
557 4141 608 4202 ipse
622 4137 745 4201 Keplerus
765 4137 859 4186 curavit
879 4150 945 4185 anno
967 4134 1043 4191 1621,
1062 4150 1141 4200 eaque
1159 4136 1229 4186 nulla
1246 4143 1316 4200 parts
1335 4137 1452 4188 differta

108 4229 176 4285 iore,
205 4230 252 4277 nisi
272 4228 337 4291 quod
356 4228 457 4278 additae
477 4236 534 4277 sunt
553 4228 744 4283 annotationes,
771 4241 826 4275 cum
852 4226 884 4274 ad
903 4241 942 4277 res
967 4226 1117 4275 obscuriores
1140 4225 1314 4285 illustrandas,
1341 4233 1394 4277 tum
1418 4227 1451 4276 ad

108 4324 191 4375 rores,
211 4319 251 4382 qui
268 4319 351 4380 juveni
371 4318 545 4381 obrepserant,
570 4316 730 4380 detegendos.
770 4315 951 4364 Aunotationes
975 4314 1021 4364 has
1040 4314 1143 4377 Kepleri
1160 4316 1329 4378 subjunximus
1348 4316 1450 4380 singulis

108 4406 210 4457 rodrorni
230 4406 352 4469 capitibus
370 4408 482 4471 signatas
501 4407 577 4456 literis
598 4418 628 4464 a,
646 4405 661 4454 b
682 4402 735 4461 dte..
756 4409 852 4453 nostras
872 4418 927 4454 sero
946 4404 990 4453 sub
1010 4403 1084 4453 mam
1103 4403 1157 4453 libri
1176 4403 1293 4454 collectas
1312 4404 1449 4455 addidimus

108 4503 198 4560 mas
217 4496 324 4545 numeris
343 4496 474 4545 continuis.
531 4480 534 4485 ⁵

156 4584 215 4645 Qua
227 4586 323 4634 ratium
336 4585 424 4635 ductus
437 4600 488 4634 rem
502 4587 538 4634 ita
550 4585 683 4634 instituerit
693 4582 816 4646 Keplems
829 4584 880 4646 ipse
893 4583 948 4640 illis,
968 4583 1054 4646 quibus
1073 4581 1208 4632 secundam
1227 4580 1360 4632 eddonem
1379 4579 1446 4630 dedi·

108 4676 166 4732 sdt,
189 4674 398 4733 ,Prouincialibus
416 4673 529 4723 Ducatus
549 4672 665 4736 Styriae“
686 4672 778 4723 clarius
796 4671 898 4722 indicat.

156 4765 264 4822 Forma,
290 4777 340 4829 qus
358 4763 447 4827 prodiit
465 4764 576 4814 secunda
594 4763 684 4820 editio,
711 4762 793 4811 differt
811 4775 827 4810 a
845 4761 924 4812 iorma
941 4761 1042 4824 prioris;
1068 4759 1130 4810 liber
1152 4760 1180 4808 in
1203 4758 1261 4808 iollo
1280 4769 1383 4808 excusus
1402 4763 1448 4814 est,

108 4853 176 4907 oden
187 4855 263 4923 plana
275 4853 447 4920 magnitudine
459 4866 509 4920 qua
523 4851 704 4914 „Hemonia“,
723 4865 797 4916 quum
815 4850 879 4916 prior
897 4853 972 4903 editio
990 4850 1072 4918 quarti
1090 4849 1193 4900 formam
1206 4846 1322 4901 exhibeat
1339 4847 1447 4898 minans·
