3278 5542
144 334 209 401 282
609 334 638 385 ln
657 333 728 398 Apol.
748 334 826 397 Tych.
847 341 935 385 cosma
951 332 1041 385 Ursam

221 500 269 553 Do
289 500 354 552 lite
376 498 486 551 causa
506 497 758 565 hypothesium
779 496 952 549 dominum
974 496 1168 566 Tychonem
1189 497 1295 551 inter
1320 502 1358 549 et
1376 496 1488 551 Ursam.

222 614 287 668 Cum
309 629 328 665 a
347 629 390 667 me
411 619 521 681 peteret
541 611 649 682 quidam
670 612 766 664 doctus
787 610 841 669 vir,
870 617 902 663 ut
923 626 1008 679 super
1029 611 1081 665 hac
1101 627 1131 665 re
1148 610 1284 680 judicium
1305 628 1395 665 meum
1414 613 1446 665 sd
1465 628 1488 665 ss

143 693 347 766 perscriberem,
369 691 497 762 respondi
519 691 545 744 in
567 692 639 745 huuc
659 692 718 744 fere
739 693 853 752 modurn,
876 697 1008 760 quantum
1035 691 1099 744 mihi
1121 691 1266 746 succurrit.
1310 691 1488 747 Primum=nos

141 773 317 836 dissimulari,
339 789 381 826 me
403 772 481 825 irasci
506 772 582 833 Urso,
605 771 649 842 qui
671 772 793 841 epistola
814 787 876 824 mea
897 772 1051 824 inconsulto
1072 788 1115 825 me
1136 772 1284 842 publicata
1304 772 1385 825 foede
1398 773 1487 825 abusus

140 862 193 910 est.
237 855 335 925 ltaque
357 853 445 922 ipsum
466 852 640 905 considerare
657 851 743 918 jussi,
766 867 802 905 an
824 852 925 905 affectu
947 852 1078 921 abripiar„
1122 852 1229 905 Deinde
1256 851 1394 921 judicium
1413 868 1486 907 meus

140 938 173 989 de
195 934 388 989 scommatibus
410 933 482 985 ferre
503 949 594 985 coram
616 932 723 985 homine
744 930 857 1000 politico
878 932 961 984 nolui.
1006 932 1082 993 Quod
1109 939 1202 986 autem
1223 931 1414 1003 quaestionem
1434 932 1484 986 atti·

143 1022 202 1077 net,
233 1023 296 1068 uter
318 1011 433 1067 alterius
456 1020 570 1081 usurpet
591 1012 777 1081 hypotheses,
809 1011 860 1064 etsi
891 1011 1059 1082 hypothesin
1081 1012 1163 1066 aliam
1184 1028 1241 1083 ego
1262 1027 1378 1083 sequar,
1410 1020 1483 1066 mmm

138 1095 224 1149 videri
244 1110 321 1148 reum
344 1093 441 1147 Ursum
472 1091 620 1145 insimulati
651 1091 777 1145 criminis.
821 1092 1009 1145 Fundamenta
1040 1091 1109 1144 haec
1139 1094 1233 1147 fuere:
1269 1093 1378 1146 fatetur
1406 1092 1480 1155 Ursus,

140 1194 169 1229 se
192 1175 320 1228 schedam
346 1173 466 1242 aliquam
497 1172 626 1225 cDania
656 1172 771 1225 allatam
793 1173 866 1240 apud
886 1172 1102 1243 Rollenhagium
1130 1170 1299 1236 ostendisse,
1331 1172 1429 1225 ethos
1447 1188 1480 1241 sp

140 1256 229 1326 pellat
250 1255 351 1307 furtum
374 1252 607 1322 philosophicum,
638 1258 784 1321 monetque
805 1251 977 1322 Tychouem,
1000 1253 1088 1305 diseat
1108 1252 1227 1321 posthac
1247 1267 1295 1305 res
1316 1268 1383 1305 suas
1402 1252 1478 1305 melius

140 1334 285 1389 custodire.
304 1342 310 1349 '
329 1335 443 1386 Fatetur
464 1332 542 1393 idem,
565 1350 618 1384 non
639 1349 669 1384 so
692 1332 805 1400 primurn
821 1350 882 1385 esse
898 1331 1086 1402 hypotheseos
1101 1332 1175 1385 illius
1190 1339 1344 1392 auctorem,
1369 1330 1418 1385 nisi
1430 1348 1476 1403 qus·

140 1428 220 1469 tenus
235 1416 346 1467 Terram
370 1411 620 1465 fecitrevolutioue
635 1412 733 1464 diurna
747 1412 882 1465 mobilem.
914 1412 963 1465 Ait
977 1411 1106 1480 denique,
1131 1412 1249 1465 indidem
1273 1428 1305 1465 se
1328 1412 1475 1481 excerpsisse

139 1496 319 1567 hypotheses,
334 1495 406 1547 unde
421 1500 450 1545 et
464 1492 558 1561 Tycho
572 1492 758 1560 excerpserit:
783 1508 846 1544 nam
870 1500 984 1545 exstare
1009 1491 1036 1544 in
1052 1492 1201 1561 Copernico
1225 1499 1255 1545 et
1269 1492 1427 1546 Ptolemaeo
1440 1508 1473 1543 ex·

140 1592 243 1646 presse.
287 1577 326 1626 At
345 1574 397 1626 hcc
419 1573 544 1625 ultimum
569 1571 668 1624 falsum
692 1579 743 1634 est,
769 1590 819 1624 nec
833 1573 903 1626 enim
923 1578 1038 1625 exstant
1052 1572 1130 1625 dictis
1145 1572 1211 1625 loeis
1235 1572 1303 1625 illae
1317 1572 1471 1643 hypotheses

139 1658 215 1726 Ergo
230 1673 265 1707 ex
281 1654 333 1707 hoc
355 1653 427 1706 falso
441 1658 470 1707 et
485 1652 573 1705 tribus
596 1651 689 1721 primis
705 1651 785 1713 veris,
811 1655 880 1722 quod
903 1670 956 1705 non
970 1653 1007 1706 sit
1021 1652 1148 1705 inventor
1170 1652 1274 1721 primus
1298 1652 1469 1723 hypotheseos.

139 1737 210 1806 quod
225 1735 286 1787 inde
301 1734 407 1787 habeat
421 1732 587 1802 hypothesin
603 1733 673 1784 unde
688 1740 717 1784 et
726 1733 828 1801 Tychc,
844 1734 914 1803 quod
930 1733 1058 1785 schedam
1072 1732 1218 1801 Tyehonis,
1239 1732 1268 1785 in
1283 1748 1339 1803 qua
1351 1740 1412 1786 erat
1423 1731 1470 1784 tes
1516 1752 1519 1775 ÷

139 1813 317 1886 hypothesis,
342 1809 502 1874 abstulerit,
528 1812 605 1881 quasi
628 1831 664 1865 ex
688 1813 831 1865 elementis
856 1813 1016 1883 quibusdam
1041 1812 1213 1882 componitur
1235 1812 1307 1865 haec
1329 1811 1469 1880 conjecturs

137 1894 274 1965 Tychonis
290 1892 459 1963 hypothesin
474 1893 510 1944 ab
525 1892 594 1945 Urso
610 1899 718 1960 raptam
734 1900 763 1945 et
779 1909 895 1960 prosus
915 1893 1090 1945 vindiestam.
1134 1893 1211 1955 Quod
1226 1899 1322 1946 autem
1335 1910 1388 1946 nou
1401 1898 1470 1945 exstet

139 1973 277 2046 Typhonis
292 1972 456 2044 hypothesis
482 1972 508 2025 iu
524 1972 674 2040 Copernico
689 1980 718 2024 et
734 1973 902 2036 Ptolemaeo,
927 1980 1008 2042 patet
1032 1990 1067 2025 ex
1092 1972 1294 2040 depravatione
1318 1970 1469 2025 locorumsl

140 2056 208 2110 Urso
224 2055 419 2125 allegatorum,
435 2068 502 2122 quos
518 2052 611 2104 ordine
626 2052 784 2106 videbimus.

217 2135 279 2189 Lib.
305 2135 325 2187 l.
349 2150 410 2201 cap.
440 2134 483 2185 llJ.
527 2133 596 2184 Toto
619 2132 668 2185 illo
692 2133 783 2203 capite
798 2133 964 2202 Copernicus
988 2134 1163 2197 modesteet
1186 2133 1263 2184 lento
1287 2146 1428 2204 progressa
1444 2145 1469 2181 es

138 2217 220 2269 Mart.
237 2215 352 2284 Capella
367 2212 511 2266 occasione
526 2213 609 2264 ducta
632 2215 666 2264 sd
680 2212 894 2281 explicationem
918 2219 947 2265 et
961 2228 1092 2266 summam
1107 2211 1302 2265 necessitatem
1326 2226 1394 2265 suae
1406 2211 1469 2281 hypo

138 2296 249 2349 theseos
264 2293 378 2348 accedit.
420 2292 489 2345 Nam
514 2292 579 2360 quia
597 2292 715 2360 Capella
743 2293 790 2355 ait,
817 2295 951 2347 Venerem
974 2300 1003 2346 et
1017 2290 1181 2346 Mercurium
1205 2290 1281 2345 circa
1303 2308 1401 2361 corpus
1419 2288 1469 2344 Ssl'u

138 2391 284 2429 conversas
308 2372 417 2426 absides
443 2372 554 2433 habere,
579 2390 615 2425 ex
640 2372 691 2425 hcc
715 2380 842 2443 apparet,
867 2374 943 2426 illum
959 2373 1082 2425 conferre
1097 2378 1193 2425 centra
1207 2371 1313 2425 orbium
1337 2367 1471 2425 illoruusis

137 2455 239 2510 Solem.
281 2454 319 2507 Et
342 2460 442 2522 postea
465 2451 603 2521 sequitur:
628 2452 690 2505 hinc
705 2461 795 2506 sumt-a
810 2453 964 2509 occasione.
990 2454 1012 2505 si
1028 2453 1087 2523 quis
1103 2448 1259 2521 (intelliget
1283 2451 1307 2505 si
1325 2469 1380 2524 ego
1393 2452 1471 2519 Coper-

138 2529 229 2600 nicus)
245 2534 391 2588 Saturnum
406 2548 522 2602 quoque,
537 2533 633 2585 Jorem
647 2541 677 2586 et
691 2533 807 2586 Martem
823 2536 857 2587 ad
873 2534 939 2587 illud
955 2533 1043 2603 ipsum
1058 2540 1179 2586 centrum
1196 2533 1331 2595 conferat,
1352 2548 1406 2585 non
1416 2544 1471 2582 ens·

138 2616 187 2678 bit,
212 2615 239 2668 id
263 2616 334 2684 quod
358 2611 490 2666 canonica
512 2611 621 2665 illorum
645 2619 765 2667 mutuum
789 2613 861 2666 ratic
884 2613 1017 2676 declarat,
1042 2620 1072 2666 et
1086 2614 1156 2683 quod
1180 2612 1338 2666 declarabit
1362 2613 1472 2678 hocopus

137 2712 234 2758 meum,
250 2694 276 2746 in
292 2711 345 2764 quo
360 2691 518 2745 canonicam
532 2693 604 2745 hanc
618 2693 753 2747 rationem
767 2712 803 2747 ex
819 2695 870 2747 tali
884 2692 1032 2765 hypothesi
1048 2692 1198 2746 construxi.
1242 2692 1297 2746 Hic
1310 2692 1395 2747 Ursus
1411 2691 1472 2744 sina·

137 2777 188 2837 lat,
212 2773 362 2843 Copernicc
376 2775 409 2825 de
424 2772 576 2825 mutatione
591 2773 686 2844 aliqua
706 2790 773 2826 suae
788 2774 976 2843 hypotheseos
992 2789 1141 2827 sermonem
1156 2788 1226 2836 esse,
1252 2790 1314 2827 cum
1328 2770 1472 2842 Copernicus

138 2857 254 2910 nondum
279 2870 358 2906 suam
380 2852 521 2922 propriam
545 2854 721 2923 explicuerit.
749 2857 795 2907 sed
814 2854 874 2922 jam
896 2854 938 2907 his
955 2855 1022 2923 ipsis
1037 2853 1128 2908 verbis
1152 2853 1256 2906 aditum
1278 2852 1331 2907 sibi
1350 2848 1472 2906 facistsl

19 2973 28 2981 -
137 2937 215 2990 illam
238 2933 441 3003 explicandum.
484 2933 554 2985 Nam
578 2935 600 2986 si
623 2934 788 3002 Copernicus
813 2935 927 2987 vidisset
950 2936 1020 3004 quod
1036 2934 1138 3003 Tycho,
1160 2948 1242 3001 possa
1256 2932 1350 2987 Solem
1369 2930 1470 2986 mobiles

137 3032 228 3070 annuo
242 3022 318 3068 motu
341 3011 515 3066 nihilominus
540 3030 650 3067 manere
674 3021 795 3067 centrum
812 3015 828 3067 5
843 3016 1019 3084 planetarum
1035 3012 1103 3082 (non
1128 3014 1218 3083 potuit
1232 3020 1327 3066 sutem
1352 3013 1377 3066 id
1391 3012 1469 3068 videre

137 3095 202 3166 quia
211 3094 370 3148 realitatem
381 3092 486 3145 orbium
496 3091 631 3157 credidit),
648 3111 696 3146 cur
704 3096 790 3163 paulo
802 3094 1000 3163 perdixisset,
1018 3094 1182 3148 alterutrum
1193 3110 1308 3146 necesse
1317 3110 1388 3155 esse,
1401 3094 1470 3145 utsut

137 3177 216 3230 nulla
231 3175 268 3227 sit
281 3173 355 3227 orbis
371 3171 484 3225 Terreni
498 3175 640 3243 proportio
656 3177 689 3227 ad
705 3175 797 3228 orbem
812 3176 939 3237 lixarum,
957 3183 1006 3228 aut
1024 3173 1133 3227 infinita
1147 3173 1198 3227 illa
1221 3175 1369 3227 secundum
1382 3180 1477 3224 vetem

138 3254 244 3309 orbium
257 3253 404 3307 multitudo
414 3253 598 3307 concedatur?
632 3255 701 3307 Nam
716 3255 761 3324 qui
777 3272 836 3308 cum
851 3255 982 3325 Tychone
997 3253 1090 3317 sentit,
1116 3253 1156 3307 illi
1172 3259 1300 3307 neutrum
1315 3260 1361 3307 cst
1371 3266 1483 3307 msu-

299 3345 343 3392 t'is·
356 3344 379 3384 8·
616 3334 676 3388 Lib.
694 3336 740 3388 lll.
764 3351 824 3403 cap.
842 3335 887 3389 25.
932 3335 985 3388 Hic
1000 3352 1052 3387 uon
1067 3334 1238 3388 intellectum
1254 3334 1293 3387 ab
1307 3333 1377 3387 Urso
1390 3332 1500 3400 coper-

537 3417 624 3469 nicum
646 3422 695 3468 aut
719 3415 743 3467 id
766 3416 856 3468 studio
881 3433 933 3468 nou
956 3417 1027 3468 bono
1051 3414 1259 3477 dissimulatum,
1284 3431 1364 3468 nemo
1382 3410 1509 3484 quico-

538 3494 676 3565 pernicusu
701 3495 834 3566 intelligit
856 3493 984 3549 dubit-are
1005 3502 1108 3565 potest.
1151 3493 1304 3563 Copernicu
1328 3496 1362 3548 de
1383 3488 1519 3546 theon*-

537 3575 608 3630 Solis
623 3582 665 3627 est
681 3592 777 3635 sermo,
801 3576 843 3628 cui
866 3575 936 3629 liber
960 3576 1007 3628 ille
1022 3574 1177 3628 destinatus
1198 3580 1250 3627 est.
1294 3574 1378 3628 Ursus
1398 3578 1519 3625 sulen

537 3662 627 3726 putat,
652 3655 729 3709 illum
745 3656 819 3724 loqui
839 3658 871 3709 de
895 3655 1076 3709 universitate
1102 3654 1299 3725 hypothesium
1321 3656 1404 3725 deque
1419 3664 1519 3720 ρετ·-

538 3737 604 3790 tium
619 3736 816 3788 mundanarum
833 3743 926 3789 mutuo
941 3752 1085 3791 consensu.
1115 3734 1152 3789 Ut
1165 3751 1210 3788 res
1220 3742 1330 3803 pateat,
1345 3737 1396 3788 duo
1407 3730 1456 3785 sete
1469 3746 1519 3763 -··

537 3823 615 3870 mata
636 3832 744 3885 ponam,
766 3833 849 3869 uuum
870 3816 1094 3884 repraesentabit
1113 3814 1201 3884 ipsam
1215 3814 1361 3884 Copernici
1377 3812 1519 3884 prius-3

539 3894 713 3958 sententiam,
738 3897 857 3949 alterum
871 3913 936 3948 vero
951 3896 1067 3949 habebit
1079 3895 1156 3949 illam
1171 3894 1367 3957 variationem,
1389 3890 1519 3963 dcet.¹

540 3975 596 4029 illic
619 3976 770 4045 Copernico
796 3993 883 4029 sermo
911 3984 962 4028 est.
1005 3980 1029 4028 A
1054 3972 1115 4047 (ug.
1142 3970 1174 4035 8]
1199 3983 1323 4030 centrum
1350 3969 1519 4051 ementur-{2¹

540 4058 651 4119 Terrae,
674 4072 771 4125 nempe
786 4057 831 4111 Sol
848 4056 915 4125 ipse,
932 4057 954 4108 B
970 4056 1140 4126 epicyclium,
1156 4056 1227 4124 quod
1243 4070 1335 4109 annuo
1349 4062 1416 4110 nrotu
1427 4052 1519 4103 uu,

539 4153 599 4189 curn
622 4137 775 4191 ecoentrico
800 4137 826 4189 in
841 4143 936 4205 partes
952 4137 1094 4205 oppositas
1112 4135 1278 4199 restituitur,
1291 4137 1387 4206 ¹paulo
1398 4130 1517 4187 unet!

318 4208 407 4303 ,QX
538 4217 681 4270 deficiente
692 4217 876 4277 restitutione,
892 4217 931 4269 sic
942 4223 972 4269 ut
987 4217 1082 4270 exilio
1096 4218 1204 4271 defectu
1220 4226 1356 4287 sequatur
1365 4223 1502 4285 prtgffi‘

228 4273 317 4359 f
409 4302 466 4393 Χ
539 4314 584 4350 sus
599 4297 732 4367 apogaei;
756 4299 910 4350 Ccentrum
932 4295 1060 4366 epicyclil
1078 4295 1197 4357 secundi,
1220 4295 1247 4349 in
1267 4314 1321 4366 quo
1335 4298 1415 4351 uem
1431 4289 1494 4343 tlf‘

538 4377 621 4431 cumit
635 4377 713 4431 aunis
730 4378 815 4440 3434,
833 4380 903 4430 unde
918 4377 1017 4431 accidit
1031 4376 1247 4431 eccentricitatis
1262 4378 1388 4432 mutatio.
1411 4372 1484 4427 llteG

305 4352 350 4417 ,ἴθ’

171 4362 227 4707 (
298 4355 381 4501 &N
538 4458 703 4526 Copernicus
718 4457 852 4528 allegatis
868 4459 903 4510 ab
919 4457 988 4511 Urso
1007 4457 1099 4511 verbis
1114 4456 1154 4511 sic
1177 4456 1219 4510 ait
1231 4456 1337 4513 variari
1351 4472 1430 4529 pulte.
1444 4450 1484 4519 ΨΦ

312 4572 334 4627 A
538 4538 574 4591 sit
589 4538 694 4608 quidem
710 4542 733 4590 A
749 4537 839 4591 mundi
854 4544 986 4600 centrum,
1006 4539 1053 4591 sed
1067 4555 1122 4591 non
1135 4537 1266 4607 ipsissimi
1281 4537 1399 4609 corporis
1409 4532 1472 4589 Solt·
1517 4598 1519 4615 Ι

538 4618 583 4679 ris,
607 4619 678 4671 circa
701 4621 771 4687 quod
796 4619 883 4670 Terra
906 4617 933 4671 in
951 4620 977 4672 D
1002 4616 1060 4690 (lig.
1082 4614 1111 4682 9)
1135 4624 1212 4672 motu
1235 4634 1329 4673 annuo
1348 4614 1470 4673 deone

322 4944 346 4997 l)

539 4694 610 4763 (NB.
636 4699 721 4752 Terra
736 4699 885 4752 etiamnum
905 4697 1049 4767 circumit).
1092 4699 1138 4752 Sol
1163 4697 1201 4752 sit
1220 4697 1286 4753 inc
1309 4706 1341 4753 et
1354 4702 1470 4755 mereatu
1507 4628 1519 5059 ¹

537 4778 645 4848 quidem
670 4780 696 4832 iu
711 4779 852 4850 epicycliis
867 4779 899 4843 B,
925 4780 955 4842 C,
976 4781 1024 4834 sed
1047 4777 1088 4833 ita
1112 4779 1200 4843 tarde,
1224 4786 1259 4833 ut
1278 4796 1334 4835 urso
1355 4786 1467 4835 sunem

538 4859 624 4914 faciat
638 4859 795 4916 sensibilem
806 4876 993 4933 progressum.
1014 4860 1118 4915 Nsmu
1132 4858 1299 4931 epicyclium
1308 4854 1468 4917 amphibili

538 4941 589 4994 sub
612 4940 675 4995 lixis
690 4941 862 5004 restituitur3
887 4940 908 4997 0
930 4956 998 4995 vero
1020 4937 1185 5012 epicyclium
1202 4940 1290 5023 'aunis
1303 4938 1391 4997 3434.
1423 4936 1469 4991 ltu
