3278 5542
248 326 293 393 ao
586 273 588 277 ’
843 323 1005 375 mmm

249 489 311 564 dis,
346 487 479 550 adhibito
506 485 654 548 Herculeo
683 482 794 564 lapide.
841 482 883 545 Et
906 492 1006 545 tamen
1031 482 1119 544 hodio
1142 480 1230 543 modo
1254 479 1325 543 mihi
1349 487 1453 542 natum
1476 489 1525 542 est
1546 479 1590 542 boc

249 577 422 651 consilium,
457 596 524 638 cras
553 576 683 636 fortasse
711 571 894 653 displicebit:
939 571 1158 652 Longitudiues
1188 589 1225 631 ex
1256 568 1414 649 posteriori
1438 568 1591 649 capiendae

249 676 338 729 erunt
369 686 407 727 ex
439 665 555 728 ratione
588 662 753 726 itineraria.
802 659 944 723 Ceterum
972 662 1081 742 vulgus
1105 658 1294 721 minutiorum
1316 675 1460 737 pagorum
1485 676 1524 719 ex
1545 676 1591 719 uu·
1631 684 1633 713 ;

248 775 330 818 mero
353 773 494 836 passuum
518 755 548 815 in
571 753 670 833 plano,
698 770 736 813 ex
758 760 919 831 prospectu
943 750 1132 831 fastigiorum
1155 749 1183 809 iu
1208 747 1280 809 altis
1299 746 1451 809 montibus
1474 745 1591 828 capiam,

249 852 282 907 ut
313 845 486 906 Monsterus
503 837 529 914 ')
563 844 661 903 docet.
708 839 774 903 Nec
796 849 869 920 puto
900 841 1100 903 necessariam
1135 838 1225 899 ullam
1250 837 1285 898 de
1310 835 1466 916 superficie
1491 835 1592 920 sphae-

248 934 311 995 rica
334 932 549 1013 cogitationem
573 932 601 993 in
626 931 766 1010 regione,
795 930 880 1009 cujus
913 938 961 991 est
993 931 1073 1009 long.
1106 924 1164 1001 40,
1195 928 1249 989 lat.
1274 923 1318 989 20
1351 925 1399 986 vel
1422 921 1466 989 30
1488 924 1593 989 millis·

247 1023 333 1085 rium.
389 1023 474 1084 Haec
503 1020 572 1102 quin
601 1019 763 1083 scriberem
791 1019 955 1100 praeterire
988 1038 1045 1080 non
1077 1016 1172 1098 potui.
1219 1014 1310 1077 Vale.
1357 1010 1409 1076 20.
1444 1010 1498 1078 30.
1533 1010 1595 1077 oa

245 1132 293 1174 an.
322 1108 416 1175 1595.

700 1197 791 1259 Hnm.
816 1196 851 1257 Τ.
877 1193 1076 1259 Gratissimns
1100 1195 1174 1258 disc.

1239 1280 1286 1343 M.
1310 1279 1362 1344 Jo.
1384 1273 1516 1364 Kepler.

317 1443 508 1496 Maeatliuus
527 1444 693 1509 respouditd.
715 1441 756 1492 27.
776 1444 847 1494 Febr.
868 1462 890 1494 v.
911 1443 947 1495 St
972 1440 1038 1492 1596
1058 1437 1360 1506 (Hanseh.p.l-1l]:

318 1515 420 1576 Quoties
440 1518 469 1567 de
488 1518 537 1566 tuis
557 1515 819 1574 demonstrationibus,
844 1516 930 1580 quibus
949 1516 1078 1580 copemici
1095 1514 1244 1577 hypotheses
1262 1526 1279 1561 a
1296 1513 1367 1576 priori
1386 1511 1531 1562 doctissime
1547 1525 1594 1576 pro

245 1589 308 1645 bas,
334 1588 432 1653 cogito,
457 1588 693 1639 vehementem&
711 1587 829 1654 gratulor,
848 1588 913 1652 qnod
930 1589 1032 1638 taudem
1051 1587 1139 1650 aliquis
1158 1588 1192 1635 sir
1210 1585 1297 1633 doetus
1314 1584 1472 1641 inveniatur,
1501 1583 1545 1649 qul
1561 1576 1595 1632 isti

245 1658 435 1723 imprudentium
453 1660 683 1710 mathematicorum
700 1657 789 1709 ambae
807 1659 845 1708 his
859 1658 988 1723 Coperuici
1005 1658 1181 1722 hypothesibus
1199 1655 1382 1719 obloquentium
1400 1668 1446 1705 ora
1465 1654 1595 1705 obtundere

245 1732 329 1781 audet.
366 1730 443 1795 quue
462 1737 532 1781 tauto
550 1732 643 1795 magis,
672 1728 737 1795 quod
760 1730 837 1781 etiam
855 1736 972 1781 creatoris
991 1730 1119 1780 consilium
1137 1730 1163 1779 iu
1180 1726 1264 1776 muudi
1283 1728 1408 1777 creatione
1425 1727 1550 1791 patescit:
1575 1733 1595 1776 et

245 1802 310 1866 quod
327 1802 487 1866 sphaerarum
506 1803 640 1857 dimensio,
659 1816 724 1866 quae
742 1804 842 1851 summis
861 1802 1009 1862 artificibus,
1036 1803 1081 1864 ipsi
1101 1815 1195 1866 quoque
1215 1797 1349 1861 Gopemico
1367 1814 1410 1862 pro
1429 1797 1595 1861 computante

244 1873 505 1937 prosthapllaeresibus
523 1874 673 1922 solummodo
693 1888 709 1922 a
726 1874 853 1936 posteriori
871 1888 915 1937 per
933 1875 1114 1923 observationes
1133 1869 1277 1936 indaganda
1294 1871 1349 1926 init,
1366 1873 1419 1933 jam
1433 1870 1538 1933 aprici
1550 1868 1594 1919 adl·

219 1952 297 1994 ·tum
313 1946 468 2009 patefactum
485 1945 577 1995 babere
595 1944 698 1994 ridetur.
734 1944 837 1993 iuterim
864 1951 949 1995 tamen
975 1946 1032 1994 dum
1058 1944 1088 1993 de
1109 1945 1157 1994 tuis
1180 1942 1287 1992 numeris
1305 1941 1378 2005 paulo
1397 1940 1544 2006 diligentius
1561 1954 1596 1990 eo·

242 2018 303 2081 gito,
320 2017 391 2067 rideo
410 2031 471 2068 aane
489 2019 515 2066 in
534 2031 662 2080 corporum
679 2016 828 2081 regularium
847 2019 954 2066 numeris
972 2016 1032 2066 nihil
1052 2016 1201 2070 desiderari,
1224 2018 1252 2061 at
1270 2014 1296 2061 iu
1314 2013 1423 2062 numeris
1440 2011 1595 2076 sphaera-sn

238 2088 324 2138 muudi
342 2087 413 2139 rideo
432 2094 457 2138 te
483 2089 636 2152 potissimum
663 2101 777 2137 numeros
804 2102 876 2138 meae
899 2088 1007 2138 tabellae
1031 2093 1142 2136 secutum
1160 2100 1231 2143 esse,
1258 2090 1284 2133 et
1302 2097 1415 2148 eaquae
1434 2084 1515 2134 totius
1531 2083 1596 2147 heiu

238 2160 332 2225 negotii
351 2161 486 2224 praecipua
503 2167 569 2218 suut,
588 2158 645 2208 iude
665 2160 822 2211 exstruxisse.
861 2160 1006 2209 Existimari
1025 2167 1118 2209 autem.
1138 2172 1185 2208 nec
1205 2156 1275 2206 aliter
1290 2155 1348 2204 mibi
1361 2155 1516 2218 persuadere
1527 2154 1595 2221 puisi.

239 2237 374 2297 autequam
392 2231 439 2281 boe
458 2232 538 2294 ipsum
556 2231 619 2287 uidi,
644 2238 669 2280 te
688 2231 741 2279 illos
759 2231 958 2294 magnitudinum
977 2230 1136 2294 sphaerarum
1155 2242 1268 2277 numeros
1287 2226 1325 2276 uel
1343 2242 1373 2277 ex
1391 2228 1446 2292 ipso
1465 2225 1592 2291 Copesulct

240 2299 277 2363 (in
297 2304 367 2364 cnjus
385 2302 490 2351 lectione
509 2309 536 2353 te
556 2302 648 2365 optime
667 2309 791 2351 versatum
811 2317 865 2352 esse
884 2298 1005 2367 agnosco)
1024 2301 1062 2350 vel
1081 2316 1111 2350 ex
1129 2300 1279 2350 resolutione
1291 2312 1448 2348 numerorum
1461 2296 1589 2350 tabulam

238 2372 426 2423 Prutenicarum
454 2376 578 2423 sumsisse.
615 2373 708 2422 Verum
735 2376 836 2436 praeter
862 2375 1072 2437 exspectationem
1097 2379 1184 2420 eontra
1212 2370 1282 2419 rideo
1306 2370 1401 2419 iactum
1420 2384 1486 2420 essa.
1524 2368 1589 2421 lu·

240 2445 339 2493 mittere
362 2445 438 2509 igitur
460 2459 510 2494 nou
535 2445 619 2509 potui,
649 2446 706 2509 quiu
729 2452 755 2493 te
773 2442 822 2493 hac
841 2445 945 2508 epistola
963 2458 1103 2502 monerem,
1132 2443 1247 2492 videlicet
1265 2441 1329 2504 quod
1346 2442 1381 2491 illi
1399 2442 1515 2493 tabellae
1532 2453 1592 2491 rasas

239 2511 326 2579 (quarn
345 2523 404 2565 aute
422 2515 512 2565 multos
532 2530 611 2565 annos
630 2511 773 2578 conscripsi)
795 2516 890 2565 numeri
909 2531 938 2565 ex
956 2517 1008 2579 ipso
1023 2514 1158 2579 Copernieo
1177 2513 1318 2563 immediate
1337 2514 1472 2576 exscripti,
1493 2528 1544 2564 nou
1562 2514 1593 2562 la·

239 2591 365 2650 tegrarum
383 2584 543 2649 sphaerarum
560 2586 745 2652 magnitudines
764 2587 894 2654 explicent,
915 2587 959 2637 sed
977 2587 1134 2663 planetarum
1152 2592 1251 2634 tantum
1269 2582 1401 2634 ducenties
1421 2598 1438 2634 a
1457 2591 1546 2635 cauno
1562 2597 1593 2633 or·

237 2657 275 2706 bis
293 2658 379 2722 magni
397 2658 516 2707 habeant.
553 2657 588 2707 Ut
605 2674 627 2705 r.
647 2673 671 2722 g.
692 2652 787 2724 dumfi
812 2660 838 2708 in
858 2673 969 2723 apogaeo
989 2660 1122 2708 eccentrici
1140 2658 1177 2706 sui
1197 2657 1274 2706 distat
1294 2669 1310 2703 a
1328 2663 1412 2705 cantro
1432 2656 1499 2706 orbis
1517 2654 1594 2723 magui

240 2723 271 2776 9⁰
289 2724 342 2786 42¹,
362 2729 471 2793 qualium
490 2729 673 2779 semidiameter
691 2730 754 2778 orbis
773 2731 858 2795 magni
876 2737 990 2794 estpars
1009 2745 1076 2786 una;
1104 2744 1187 2778 verum
1206 2730 1258 2792 ipse
1277 2721 1296 2794 ᾗ
1316 2735 1368 2777 tum
1386 2729 1412 2776 in
1432 2728 1548 2792 epieyclli
1563 2726 1594 2777 nl

239 2800 355 2866 perigaec
374 2806 420 2850 est.
457 2801 523 2865 Ergo
542 2815 681 2866 apogaeum
699 2801 809 2864 ejusdem
827 2809 880 2851 turn
898 2801 975 2851 multo
1000 2802 1074 2851 altius
1092 2801 1171 2851 abest
1209 2799 1302 2850 Contra
1319 2801 1361 2858 lit,
1389 2800 1410 2848 si
1433 2800 1459 2849 iu
1484 2800 1595 2865 peslgast

239 2871 373 2922 eccentrici
391 2873 431 2923 ait
469 2871 542 2932 Quod
560 2874 581 2922 si
599 2887 641 2935 pro
660 2874 871 2937 ecceutrepicyclo
890 2880 1030 2923 assumatur
1048 2879 1176 2923 ecceutrus
1195 2873 1313 2927 eecentri,
1332 2870 1370 2919 vel
1389 2871 1506 2934 epicyelii
1520 2873 1594 2937 episy-

239 2942 301 3000 elns.
319 2943 464 3007 parimodo
484 2959 523 2994 res
541 2959 568 2993 se
587 2943 696 2993 habebit.
734 2945 769 2992 At
786 2947 881 2995 numeri
900 2945 936 2994 tui
954 2944 1068 2994 ridentur
1086 2958 1155 3004 eam,
1175 2957 1240 3008 quae
1259 2950 1297 2993 eat
1314 2942 1474 3007 planetarum
1492 2943 1597 2993 maxim

239 3021 265 3065 et
282 3015 386 3064 minima
404 3028 420 3064 a
439 3022 523 3064 contro
543 3016 607 3064 orbis
625 3016 710 3080 magui
729 3016 863 3073 dumba,
881 3032 924 3080 pro
943 3017 998 3079 ipsa
1015 3016 1136 3079 sphaerae
1154 3015 1261 3078 ipsorum
1278 3014 1452 3079 magnitudine
1469 3016 1596 3079 accipere:

239 3100 296 3136 curn
313 3091 399 3135 tamen
419 3099 458 3143 ea,
477 3089 528 3136 sire
545 3092 645 3150 propter
663 3094 805 3136 ecceutrnm
824 3089 933 3139 accentu·
953 3089 1004 3136 sive
1024 3087 1261 3150 ecceutrspioyclum
1279 3085 1317 3135 vel
1336 3086 1451 3149 epinyclii
1463 3084 1596 3151 epieyuhn

238 3157 316 3207 multo
334 3158 368 3206 sit
384 3159 470 3220 maior.
508 3157 543 3207 Ut
565 3158 663 3207 interim
686 3158 718 3207 de
741 3159 795 3207 aliis
818 3159 962 3209 latitudines
986 3158 1179 3225 gubemautibus
1203 3158 1299 3207 orbibus
1317 3157 1378 3206 nihil
1397 3157 1490 3208 dicam.
1528 3157 1596 3209 Pam

240 3243 286 3294 ego
306 3227 375 3278 illam
392 3243 475 3279 meam
493 3229 605 3279 tabulam
624 3229 680 3277 olim
700 3231 845 3294 conscripsi,
865 3238 894 3281 ut
912 3238 938 3280 et
955 3230 1015 3279 mihi
1033 3237 1059 3280 et
1076 3230 1144 3291 aliis,
1164 3230 1250 3294 quibus
1269 3243 1324 3280 eam
1342 3228 1526 3293 inspiciendam
1543 3243 1595 3281 auu·

239 3300 318 3357 cesai,
346 3300 488 3363 adjumento
508 3307 585 3360 esset,
612 3299 740 3364 Coperuici
758 3301 812 3350 illos
829 3317 942 3352 numeros
962 3300 1034 3367 (quos
1052 3302 1141 3351 retinui
1160 3299 1256 3362 omnes)
1275 3284 1370 3365 pionius
1389 3300 1558 3367 cognoscendi
1573 3302 1596 3349 at

238 3371 407 3421 incitamento*
419 3372 518 3421 eosdem
537 3370 619 3437 quoad
636 3371 689 3420 fieri
708 3377 801 3435 potest,
819 3374 921 3423 ulterius
940 3372 1097 3429 extendendi,
1116 3387 1231 3422 necnon
1249 3371 1421 3428 examinandi,
1440 3371 1594 3438 quanm·

240 3443 299 3492 dum
319 3456 349 3492 ex
365 3450 437 3506 parte
456 3443 493 3492 his
511 3443 615 3508 pagellis
634 3443 758 3505 adjunctis
778 3458 795 3493 a
810 3459 851 3495 me
869 3446 962 3494 iactum
980 3444 1063 3494 vidue
1080 3451 1177 3508 potes·
1198 3443 1268 3504 Quas
1294 3456 1377 3494 coram
1399 3443 1445 3493 tihi
1463 3448 1592 3495 mcum

239 3514 323 3571 malui,
342 3513 387 3564 sed
404 3515 464 3579 quia
482 3516 573 3565 diutius
591 3529 665 3579 quam
684 3515 804 3578 opinabar
821 3517 896 3571 abes,
925 3523 951 3566 et
968 3517 1027 3581 qnia
1045 3523 1070 3564 te
1088 3517 1186 3565 interim
1204 3517 1230 3564 in
1248 3514 1391 3565 adornando
1409 3509 1591 3583 seripserunt

238 3587 303 3649 typis
323 3585 465 3647 excudatur,
483 3586 597 3636 laborare
615 3585 742 3652 intelligo,
760 3586 816 3652 ideo
835 3602 878 3637 eas
898 3587 930 3637 ad
948 3592 974 3637 te
992 3588 1089 3635 mittere
1108 3586 1185 3646 volui,
1204 3592 1232 3635 ut
1251 3588 1285 3636 eis
1304 3582 1422 3650 inspectis
1440 3600 1526 3639 men
1540 3598 1592 3637 sau-

238 3658 345 3707 tentiam
363 3657 394 3707 de
413 3657 536 3707 distamus
554 3658 648 3707 orbium
665 3659 756 3708 rectius
773 3660 922 3723 perciperes,
940 3674 988 3708 nec
1006 3660 1120 3721 praecoci
1138 3659 1296 3708 festinatione
1316 3658 1473 3725 occasipuem
1493 3654 1594 3709 munul-

237 3728 268 3777 lie
293 3736 319 3778 et
346 3736 416 3779 tuum
443 3731 560 3794 scriptum
586 3737 612 3778 et
634 3744 674 3777 me
699 3727 830 3794 (siquidem
854 3738 880 3780 te
903 3732 952 3780 mei
976 3731 1052 3779 etiam
1070 3731 1220 3780 mentionem
1238 3732 1321 3780 lacere
1339 3726 1466 3794 intellige)
1485 3726 1597 3783 aluid

237 3800 414 3864 suppeditares.
451 3801 491 3851 De
516 3801 555 3850 his
579 3816 640 3851 saue
667 3800 807 3851 dudum·te
836 3802 1057 3852 commonefactum
1086 3802 1210 3865 oportuit:
1238 3815 1322 3851 verum
1345 3815 1392 3866 ego
1410 3801 1527 3864 prolecto
1542 3795 1598 3853 affl

237 3873 317 3920 minus
336 3873 446 3937 cogitare
464 3874 549 3936 potui,
575 3887 649 3937 quam
674 3873 739 3936 quod
757 3872 814 3922 solis
831 3873 878 3923 illis
897 3874 997 3924 tabulae
1015 3888 1087 3922 meae
1107 3873 1231 3930 numeris,
1259 3875 1302 3937 qui
1318 3872 1484 3937 particulares
1502 3878 1598 3929 tuan,

239 3949 305 3998 sunt,
323 3944 458 4002 insisteres,
477 3944 521 3993 sed
540 3959 585 4008 ego
605 3944 702 3994 omnino
721 3948 815 4009 putavi,
834 3951 860 3994 te
878 3947 957 4009 ipsum
976 3960 1005 3994 ex
1016 3944 1160 4008 Copemico,
1178 3959 1222 3993 seu
1241 3958 1271 3993 ex
1288 3946 1364 4009 ipsius
1381 3942 1598 3995 demonstrationi·

237 4013 297 4070 bus.
326 4013 435 4063 adhibito
464 4009 559 4085 calculo
584 4015 772 4065 Pruteuicarum
796 4017 936 4066 tabularum
947 4010 971 4076 ⁸)
1000 4017 1083 4064 omnia
1105 4015 1244 4077 plenissime
1267 4019 1321 4084 jam
1339 4016 1413 4064 fuisse
1431 4024 1598 4078 persecutuss-

240 4083 312 4133 Haec
331 4084 436 4133 candido
455 4087 537 4134 auimo
556 4087 649 4148 scripta
667 4086 772 4136 candide
791 4087 900 4151 accipias
918 4101 986 4152 rogo.
1024 4086 1089 4135 Vale
1108 4086 1206 4149 optime.

311 4155 454 4214 „Tabula,“
475 4157 506 4206 de
525 4170 574 4220 qua
591 4156 631 4205 hic
650 4157 843 4208 Maestliuus
867 4160 920 4224 agit
938 4156 1017 4221 (apud
1034 4157 1188 4206 Hanschlum
1205 4174 1229 4221 p.
1250 4155 1363 4218 b-ll),
1383 4157 1471 4207 eadem
1491 4157 1545 4208 lese
1561 4170 1599 4207 rs·

238 4227 299 4284 iert,
327 4240 392 4292 quae
414 4225 562 4277 Maeatlinue
590 4228 705 4278 addenda
733 4228 896 4279 Prodromo
925 4231 1008 4294 illique
1035 4228 1211 4287 „Rhaetici
1236 4229 1388 4280 narrationi“
1417 4228 1449 4279 de
1469 4227 1599 4293 Ccpemiel

236 4299 342 4348 iurantia
360 4299 425 4360 typis
443 4299 604 4362 imprimenda
622 4302 734 4358 curavit,
762 4301 808 4350 hoo
826 4301 897 4351 titulo
915 4303 1049 4363 inscripto:
1080 4300 1126 4351 De
1152 4301 1404 4351 dimensionibus
1427 4300 1551 4350 orbium
1569 4307 1602 4353 et

236 4369 443 4434 sphaerarum
469 4371 667 4428 coelestium,
693 4375 789 4434 juxta
814 4373 946 4423 tabulas
973 4371 1169 4422 Prutenicas
1195 4388 1231 4423 ex
1256 4373 1423 4422 sententia
1448 4370 1516 4424 Nic.
1545 4371 1599 4422 Go-

236 4441 374 4506 pernici.

307 4512 362 4562 Hoc
382 4511 469 4576 quibus
488 4514 569 4561 causis
586 4519 668 4561 motus
686 4513 779 4574 iecerit,
799 4515 824 4562 in
843 4515 997 4577 praelatione
1017 4515 1158 4577 appendicis
1176 4515 1214 4565 his
1234 4516 1347 4579 exponit:
1370 4512 1425 4572 „Na
1445 4512 1505 4578 quid
1518 4514 1600 4564 erudi·

237 4585 331 4633 tissime
359 4591 385 4633 et
409 4583 605 4648 ingeniosissimo
633 4584 766 4635 doctissimi
791 4587 962 4635 mathematici
990 4585 1025 4634 hl.
1044 4586 1149 4635 loannis
1167 4587 1269 4650 Kepleri
1289 4586 1421 4636 Prodromo
1436 4578 1471 4636 >et
1489 4586 1601 4636 disertae

236 4652 336 4704 Rhatiai
354 4654 497 4704 Narrationi
517 4655 630 4710 deesset.
651 4671 740 4719 operae
759 4659 862 4722 pretium
881 4658 950 4713 dnxi,
971 4659 1014 4715 eis,
1034 4658 1179 4720 appendicis
1198 4658 1266 4717 loco,
1286 4658 1450 4708 dimensiones
1468 4659 1600 4723 magnitu-

237 4725 322 4777 dinum
340 4727 390 4775 sive
409 4724 566 4776 altitudinum
584 4726 742 4791 sphaerarum
759 4730 851 4784 mundi.
872 4728 957 4793 quibus
977 4731 1083 4778 erratica
1101 4729 1182 4778 sidera
1200 4735 1336 4785 morentur,
1355 4729 1491 4779 secuudum
1505 4728 1603 4793 Cuper-

237 4798 287 4847 uioi
304 4796 451 4861 hypotheses
470 4799 625 4865 subiungere.
663 4798 718 4848 Etsi
737 4808 820 4850 autem
839 4815 884 4850 eae
904 4814 934 4848 er
952 4801 1004 4863 ipso
1024 4800 1173 4864 Copernico,
1193 4803 1283 4865 partim
1302 4802 1377 4850 edam
1388 4814 1426 4850 ex
1443 4800 1602 4861 Ptolemaeo,

238 4869 330 4935 absque
345 4869 431 4919 labore
449 4871 547 4934 excerpi
565 4876 592 4920 et
609 4872 732 4921 comcmhi
746 4873 898 4937 potuissent,
922 4871 1000 4922 malui
1018 4877 1102 4922 tamen
1121 4873 1153 4922 ab
1172 4872 1274 4922 &asmo
1292 4871 1447 4925 Rheinholdo
1466 4884 1513 4923 aas
1531 4875 1603 4925 acai-
