3278 5542
654 331 688 382 rs
703 332 776 382 seem
796 331 956 396 meropes.
1424 288 1489 400 343

121 490 151 552 in
177 488 260 567 ari),
296 490 367 564 >teil
391 498 423 552 et
445 488 516 565 ΔΒ
540 491 580 565 ll.
627 491 720 565 Puto,
755 492 834 570 quod
863 494 884 567 b
913 500 1076 570 occupatur
1104 493 1133 553 iu
1159 492 1199 567 Q,
1228 493 1296 554 hinc
1325 492 1487 572 significari

123 580 348 642 multitudinem
372 581 565 641 consiliorum
594 589 626 640 et
650 579 894 658 imaginationum
924 589 955 639 et
978 581 1132 641 mollitiem
1163 601 1275 644 earum.
1322 583 1401 644 Nam
1425 583 1488 643 dii-

125 670 263 730 lunderis
293 669 322 729 in
353 669 573 748 cogitationes:
604 670 701 742 bene;
735 670 894 730 dummodo
924 677 955 728 et
980 669 1177 730 discerneres.
1224 670 1273 731 An
1305 670 1360 731 hoc
1390 672 1488 749 magis

125 776 160 818 ex
185 763 223 827 Δ
239 759 305 829 (ς)
332 758 547 828 deducendum,
571 758 621 838 qui
637 756 709 820 mihi
729 758 891 818 communis
907 767 1015 829 tecum,
1041 768 1074 818 ut
1097 768 1129 819 et
1152 759 1323 821 multitudo.
1364 761 1406 822 Ut
1431 760 1488 820 tibi

124 846 283 908 absolvam
303 865 400 908 meum
419 846 567 925 dirigendi
590 847 724 919 modum,
750 847 795 908 sio
808 865 919 927 pergo:
944 855 1087 928 qnantum
1103 845 1157 908 Sol
1181 847 1215 909 iit
1237 847 1343 910 diebus
1358 845 1402 911 40
1417 851 1487 928 (pro

125 936 214 997 aunis
239 931 309 1010 ⁴10),
329 936 505 997 tantundem
530 946 561 996 et
574 934 693 998 Lunam
707 954 861 1016 promove.
899 935 978 997 Nam
994 936 1077 996 solus
1092 935 1204 997 Terrae
1219 943 1317 998 motus
1332 936 1486 1017 significa-

125 1037 208 1087 tores
232 1024 353 1104 dirigit;
383 1033 416 1086 at
439 1024 464 1085 si
485 1024 571 1086 Luna
594 1044 627 1085 se
658 1024 726 1103 ipsa
747 1043 806 1086 nou
831 1024 1011 1098 circumiret,
1046 1042 1164 1103 semper
1191 1024 1220 1086 in
1242 1025 1348 1088 eadem
1371 1047 1391 1086 a
1413 1024 1487 1088 Sole

123 1113 273 1175 distantia
293 1121 437 1186 maneret,
462 1113 678 1194 velrereturque
702 1113 730 1174 in
756 1111 836 1175 Solis
861 1112 956 1193 ipsius
980 1113 1137 1175 celeritate
1153 1131 1207 1192 per
1222 1114 1392 1187 zodiacum,
1416 1113 1489 1193 quia

122 1222 244 1263 annuus
258 1202 369 1264 Terrae
394 1211 493 1263 motus
517 1202 681 1264 communis
706 1210 755 1264 est
779 1201 842 1264 orbi
857 1202 961 1262 Lunae
985 1221 1051 1262 curn
1067 1202 1170 1263 Terra.
1217 1202 1277 1263 Pro
1292 1203 1486 1264 Ascendente

124 1299 157 1353 et
182 1290 288 1352 Medio
305 1288 390 1353 Coeli
414 1290 473 1351 sic:
509 1291 547 1352 ad
571 1291 777 1352 ascensionem
801 1299 915 1352 rectam
941 1289 1023 1352 Solis
1048 1289 1095 1351 die
1121 1287 1163 1351 40
1180 1294 1249 1370 (pro
1273 1290 1360 1351 annis
1385 1286 1444 1362 40)
1469 1312 1488 1350 a

120 1379 288 1442 nativitate
313 1381 390 1441 adde
414 1379 504 1441 boras
528 1380 696 1453 natalitios,
722 1389 755 1441 ut
773 1380 838 1458 jam
864 1381 952 1440 boras
973 1376 1010 1441 5:
1036 1379 1130 1440 habes
1151 1378 1178 1440 in
1204 1379 1308 1441 tabula
1333 1381 1487 1441 domorum

119 1468 163 1530 Μ.
188 1466 226 1531 G.
253 1477 285 1529 et
307 1470 395 1542 Aac,
421 1468 460 1529 ad
485 1488 561 1549 quae
584 1469 757 1530 natalitium
781 1469 822 1528 M.
849 1466 883 1530 G.
910 1477 942 1527 et
965 1467 1144 1530 Ascendens
1167 1476 1379 1547 pervenerunt.

196 1556 392 1607 Fabricius:
411 1556 499 1616 credo,
519 1570 657 1620 corpora
676 1564 875 1606 demetarum
895 1563 921 1605 et
939 1571 1056 1606 novarum
1069 1556 1195 1605 stellarum
1215 1557 1246 1606 ab
1265 1559 1335 1606 initio
1355 1556 1441 1607 mnndi
1459 1557 1485 1605 in

119 1627 228 1678 retbere
249 1629 368 1683 austere,
395 1628 439 1677 scd
459 1630 551 1691 absque
570 1628 670 1685 lumine,
690 1629 736 1676 nisi
755 1633 877 1692 quatenns
902 1629 1011 1690 speciata
1036 1642 1080 1690 per
1098 1633 1179 1677 certos
1205 1627 1362 1692 planetarum
1381 1629 1485 1692 positus.

119 1699 157 1750 rel
178 1700 325 1748 immediate
344 1713 360 1748 a
378 1698 433 1750 Deo
453 1699 485 1748 ad
504 1699 693 1765 significandam
711 1714 762 1748 rem
781 1698 889 1762 aliquam
908 1698 1087 1747 illuminantur.

215 1771 423 1850 Keplerus:
448 1770 535 1840 Quae
558 1780 591 1831 tu
617 1771 653 1831 de
677 1769 851 1849 corporibus
876 1771 1030 1831 cometicis
1051 1788 1168 1841 censes,
1193 1770 1272 1832 haud
1297 1769 1386 1831 facile
1410 1788 1486 1848 poa-

119 1867 196 1921 sunt
219 1859 344 1921 reiutari
368 1856 520 1941 ε’πεχνως,
553 1858 636 1921 dicta
666 1878 793 1939 namque
824 1867 894 1920 sunt
918 1858 1062 1940 ἀτεχνως,
1097 1858 1136 1918 ab
1168 1877 1217 1932 eo,
1255 1859 1304 1939 qui
1328 1880 1378 1937 cnr
1400 1862 1488 1919 deors

119 1952 275 2028 priano.
322 1949 388 2009 Hoc
408 1949 504 2011 solum
527 1949 627 2020 dicere
651 1967 788 2027 possum:
825 1946 859 2031 si
880 1965 1008 2025 corpora
1028 1956 1133 2008 essent
1161 1967 1255 2026 aeque
1285 1968 1391 2009 crassa
1414 1954 1486 2008 ante

119 2047 152 2099 et
179 2038 210 2098 in
237 2038 360 2110 visione,
386 2036 626 2100 illuminarentur
650 2057 668 2097 a
692 2035 773 2098 Sole.
823 2035 988 2115 Oporteret
1012 2036 1113 2116 itaque
1138 2035 1255 2103 dicere,
1286 2056 1343 2096 non
1368 2043 1487 2097 tantum

119 2126 297 2201 illuminari,
323 2135 356 2186 ut
380 2127 549 2201 videantur,
574 2127 627 2188 sed
653 2126 746 2186 etiarn
762 2125 911 2186 subtiliari
931 2133 1048 2203 postea,
1076 2144 1111 2184 no
1128 2123 1302 2198 videantor3
1327 2124 1485 2185 illustran-

118 2225 172 2277 tur
195 2214 515 2363 {Tllrliidinssqlebnanta
538 2310 577 2352 est
595 2303 705 2351 maxims
723 2299 829 2352 latitudo
848 2290 998 2351 Mercurii
1023 2300 1174 2363 a'l'ychone
1193 2301 1324 2352 observata
1351 2308 1378 2351 et
1395 2315 1442 2366 quo
1460 2301 1488 2350 iu

118 2373 198 2425 loeo?
238 2374 287 2424 Cur
306 2374 416 2424 Cicero
434 2375 503 2424 illurn
521 2379 636 2423 sanctam
654 2373 752 2423 stellam
771 2369 861 2421 vocat?

214 2446 417 2524 Keplerus:
456 2446 501 2506 De
536 2445 588 2506 illa
621 2443 753 2505 scribere
787 2442 827 2504 nil
861 2461 999 2522 possum3
1033 2443 1120 2503 limes
1144 2442 1263 2523 quidem
1293 2444 1401 2505 boreus
1433 2443 1496 2521 per'

120 2534 237 2598 lineam
261 2554 298 2595 ex
322 2533 394 2596 Sole
418 2535 546 2614 ejectam
569 2532 689 2595 videtur
707 2533 737 2594 in
762 2532 888 2593 confinio
913 2547 944 2596 eo
970 2539 1001 2591 et
1020 2535 1058 2605 il,
1089 2532 1165 2593 unde
1192 2533 1245 2593 lat.
1273 2532 1405 2593 maxima
1428 2531 1485 2590 bo-

119 2624 216 2687 realis
242 2625 271 2685 in
296 2625 352 2684 fine
376 2628 426 2699 ᾖ,
450 2623 587 2685 austrina
609 2623 638 2684 in
662 2621 719 2683 fine
745 2637 775 2688 ee
802 2619 1030 2700 apparentibus.

214 2709 277 2774 Cur
300 2713 435 2775 sanctior
456 2711 599 2777 Mercurii
622 2711 722 2785 steila,
749 2731 838 2790 quarn
861 2708 960 2783 Jovia,
987 2708 1100 2770 nescio.
1147 2708 1218 2770 Vox
1242 2717 1350 2771 sancta
1374 2707 1403 2770 in
1428 2704 1484 2770 Ci-

118 2820 231 2864 oerone
256 2801 335 2861 solet
360 2801 467 2880 opponi
492 2799 655 2881 rapacitati
680 2809 711 2860 et
735 2799 903 2877 sacrilegiis
933 2804 964 2857 et
992 2796 1285 2877 depeculationibns,
1320 2805 1353 2856 et
1375 2797 1404 2857 in
1429 2814 1486 2874 ge-

120 2910 193 2952 nere
226 2891 463 2972 appetitionibus
497 2891 677 2963 alienorum‚
703 2888 794 2949 etiam
827 2887 994 2965 conjugum.
1042 2888 1090 2947 An
1125 2887 1217 2965 igitur
1249 2893 1373 2959 sancta,
1407 2884 1486 2964 quod

121 2978 301 3060 parcissime
326 2987 472 3058 evagetur
495 3001 514 3040 a
537 2977 636 3040 Solo?

194 3068 385 3118 Fabricius:
414 3067 453 3118 De
480 3073 549 3118 statu
567 3064 850 3129 Tycbonianorom
874 3065 927 3125 jam
954 3063 1046 3114 dudum
1072 3063 1131 3112 nihil
1155 3061 1249 3121 habeo,
1279 3076 1326 3112 nec
1352 3061 1427 3111 etiam
1456 3060 1487 3110 de

120 3137 224 3188 Ioanne
243 3134 371 3199 (Eribeu)
390 3147 482 3188 nostro.
521 3137 600 3188 Credo
615 3134 726 3186 Martem
743 3134 802 3184 mibi
821 3149 864 3182 ros
883 3149 968 3184 omnes
986 3135 1088 3184 inlectos
1101 3133 1217 3191 reddere;
1236 3135 1273 3182 ita
1291 3147 1353 3184 saue
1372 3139 1487 3196 apparet,

157 3210 163 3220 '
202 3208 237 3259 uil
256 3210 371 3259 scribitis.

122 3223 184 3277 qm
213 3280 415 3359 Kepleros:
448 3279 608 3343 Silentium
637 3287 772 3339 nostrum
798 3275 955 3338 directioni
979 3275 1061 3339 Solis
1090 3277 1128 3337 ad
1158 3293 1266 3355 corpus
1291 3273 1403 3337 Martis
1426 3273 1485 3336 tri-

120 3368 200 3442 buis,
228 3370 313 3449 qnasi
337 3370 364 3430 is
387 3389 442 3431 nos
465 3368 521 3432 tibi
544 3368 653 3430 reddat
675 3368 820 3428 infensos.
867 3366 934 3426 Hoc
958 3384 1030 3443 ergo
1050 3366 1097 3426 vel
1122 3366 1188 3427 solo
1212 3383 1370 3441 agnosces,
1400 3372 1432 3423 te
1455 3363 1485 3423 in

120 3476 225 3520 errore
249 3459 363 3519 versari
388 3460 469 3520 circa
491 3457 685 3518 directionem
711 3455 804 3526 hauc,
830 3454 908 3532 quod
933 3454 1041 3515 falsum
1064 3464 1122 3515 est.
1170 3453 1225 3514 Tui
1250 3453 1328 3513 enim
1352 3450 1484 3531 quotidie

121 3546 186 3608 iere
212 3547 393 3608 mentionem
418 3547 554 3609 iacimus.
602 3546 648 3608 De
672 3552 755 3604 stato
778 3540 1014 3623 Tyclrooicorum
1037 3548 1178 3603 constare
1203 3539 1274 3601 mihi
1298 3559 1356 3600 non
1371 3547 1484 3617 potest,

120 3635 194 3714 qula
223 3655 269 3695 me
293 3636 497 3715 Tengnaglius
522 3644 700 3696 summovet.
732 3639 829 3704 (Pergit
845 3643 898 3701 jam
910 3639 1033 3702 Keplerus
1052 3654 1184 3689 recensens
1203 3651 1292 3686 causas
1305 3636 1485 3686 dissensionum

118 3724 284 3787 interipsum
303 3722 624 3786 etTycbcnishsaredest
649 3723 795 3785 praesertim
814 3719 1027 3784 Tengnagelium.
1047 3719 1171 3782 Tychonis
1196 3731 1331 3783 generum,
1358 3715 1406 3764 alio
1431 3715 1484 3765 loco

118 3790 377 3933 Pml’l’ssifflgw
404 3883 498 3932 Latent
515 3881 667 3931 Basileae
687 3881 720 3930 ad
740 3881 817 3930 civem
836 3878 891 3928 lac.
912 3876 1043 3927 Curionem
1063 3875 1133 3925 t-5
1152 3877 1326 3940 quaterniones
1351 3876 1386 3923 rei
1404 3879 1483 3923 astro-

117 3954 220 4021 logicaa
237 3956 316 4004 mirae
333 3954 486 4018 plenissimi,
515 3957 585 4016 oans
606 3953 681 4002 trater
709 3951 769 4000 milri
794 3949 865 4000 dedit
883 3963 927 4006 ea,
952 3951 973 3998 si
991 3950 1063 3999 modo
1082 3949 1227 3998 tabellarius
1247 3952 1314 3996 emet
1333 3945 1483 3996 commodus.

118 4024 254 4148 33:⁸13:
257 4027 370 4145 gunt,
396 4025 457 4076 nulli
476 4026 537 4073 risa.
575 4024 674 4085 Quaeso
694 4022 752 4071 mibi
774 4023 836 4071 certi
854 4021 913 4085 quid
931 4022 1068 4084 perscribas
1087 4020 1118 4070 de
1136 4018 1273 4069 tabellariis
1291 4019 1357 4067 inter
1375 4016 1484 4082 Prapam

212 4185 417 4265 Keplerus:
442 4183 596 4259 Basileam
618 4181 687 4245 bino
712 4181 784 4243 nulli
809 4187 970 4243 excurrunt
984 4177 1148 4254 tabellarii,
1175 4178 1245 4258 quia
1269 4195 1329 4239 uon
1349 4183 1483 4256 estpro-

119 4276 224 4339 vincia
246 4273 373 4353 imperii.
631 4344 633 4355 Ι

194 4380 379 4430 Fabricius:
408 4379 502 4442 Accepi
520 4379 638 4441 scriptum
658 4371 843 4438 (horoscopum)
866 4381 935 4422 mum
954 4373 986 4423 de
1004 4371 1212 4422 caneeltarto
1234 4378 1319 4421 nostro
1343 4372 1404 4420 sads
1422 4370 1484 4420 libe·

118 4468 191 4512 ῐως
212 4440 317 4501 miratus
336 4449 480 4506 candorem,
499 4455 533 4508 et,
553 4450 624 4498 utin
643 4447 764 4502 omnibus,
782 4448 951 4509 perspicacem
969 4446 1064 4508 ingenii
1082 4444 1137 4491 rim.
1175 4442 1214 4492 'l'u
1231 4442 1303 4506 plura
1314 4442 1391 4497 ndu,
1409 4455 1484 4505 quam

121 4538 173 4592 ego
191 4538 224 4575 ex
241 4523 388 4586 quotidiana
416 4522 493 4584 ipsius
513 4520 699 4571 conversatione
717 4517 820 4566 odorare
843 4516 920 4581 potui.
958 4517 1052 4564 Locum
1070 4513 1095 4575 d
1115 4515 1140 4562 in
1159 4510 1195 4560 2⁰
1213 4510 1236 4569 ὅ
1254 4514 1335 4576 ponta,
1364 4526 1420 4561 curn
1437 4512 1483 4561 lat

117 4602 185 4661 apt
205 4591 244 4656 (l)
261 4601 347 4644 umen
365 4592 444 4641 nodus
463 4591 569 4642 asebias
587 4592 613 4639 in
634 4587 685 4637 17⁰
704 4585 727 4644 ὅ
746 4589 787 4645 sit,
824 4589 864 4636 An
883 4602 913 4636 ex
931 4588 1055 4650 proposito
1072 4586 1170 4636 lactum
1188 4583 1226 4634 rel
1245 4598 1333 4642 errore.
1352 4597 1402 4632 non
1413 4583 1482 4639 solor

117 4675 182 4734 puto
201 4674 228 4716 te
246 4666 309 4715 torte
327 4680 358 4714 ex
376 4663 506 4727 (loperniet
523 4662 615 4712 tabulis
633 4661 714 4710 loeum
734 4658 870 4724 collegisse.
910 4656 937 4707 Si
956 4671 1023 4706 anno
1042 4657 1135 4706 mus
1152 4653 1195 4704 22
1215 4655 1376 4705 mammem
1394 4667 1482 4705 meeu-
1554 4688 1559 4698 .

116 4738 205 4793 dantis
224 4736 258 4786 ad
275 4735 359 4787 Solem
376 4735 487 4785 morbum
505 4733 597 4789 attulit,
616 4731 675 4796 quid
693 4731 755 4781 tacit
776 4726 808 4790 Θ
827 4729 861 4779 ad
880 4727 905 4790 ό
926 4735 953 4779 et
970 4728 986 4789 b
1002 4730 1077 4791 juxta
1094 4724 1273 4791 aequatoreml

214 4826 415 4905 Keplerus:
441 4825 474 4885 ln
489 4822 528 4884 D.
544 4819 693 4885 Francii
716 4817 822 4899 genesi
845 4819 921 4880 bene
946 4815 1041 4878 habet
1063 4815 1146 4879 locus
1169 4822 1205 4887 d.
1251 4813 1331 4877 Nam
1352 4811 1411 4875 etsi
1434 4821 1483 4876 est
