3278 5542
629 345 661 398 ιο
672 340 751 407 ,κιαι
771 345 933 415 acrotomis.
1395 349 1460 416 353

100 502 243 587 planetas
265 506 304 567 ad
328 512 427 568 ortum
450 507 498 568 vel
522 524 662 568 occasum
686 506 857 586 dirigendos
880 526 1023 586 persnas
1046 508 1232 584 latitudines,
1258 510 1459 574 consideratis

100 592 146 656 his
162 593 284 674 quidem
306 593 336 657 in
360 595 535 671 directione,
564 595 682 677 quando
697 596 822 674 planeta
846 595 894 656 vel
909 597 1023 658 oriatur
1044 597 1093 657 vel
1108 599 1235 661 occidat.
1283 596 1372 669 Quod
1388 619 1458 662 vero
1535 605 1537 609 ’

100 682 180 744 ulios
204 682 424 762 significatores
448 683 575 756 attinet,
604 690 638 745 ut
660 684 790 758 Lunam,
821 685 886 764 jam
917 686 998 746 alind
1027 705 1065 746 ex
1088 685 1328 765 Regiomoutano
1352 689 1466 750 dicen--

100 771 188 845 dum,
213 772 294 834 aliud
318 772 402 834 mihi.
439 771 699 851 Regiomontanus
722 792 776 853 per
791 772 1033 852 significatorem,
1059 776 1176 854 quaudo
1192 775 1218 836 is
1242 776 1336 838 habet
1351 778 1458 839 latitu-

100 859 219 946 dinem,
254 860 337 923 ducit
360 861 502 922 circulum
525 861 698 941 positionis,
732 881 856 942 eumque
880 863 1021 924 circulum
1045 864 1162 924 omnino
1187 866 1396 927 accommodat
1419 867 1458 928 ad

100 948 319 1027 significatoris
352 948 552 1012 latitudinem.
599 951 672 1010 Inde
705 950 917 1030 promissorem
950 951 989 1012 ad
1020 952 1099 1014 hunc
1127 952 1267 1014 circulum
1298 955 1457 1034 positionis

100 1037 227 1099 adducit
248 1056 356 1100 mrsus.
373 1056 428 1117 per
452 1058 538 1100 suam
561 1039 752 1118 promissoris
777 1040 928 1119 propriam
952 1039 1150 1114 latitudinem,
1176 1042 1350 1104 considerat
1369 1043 1457 1116 enim,

100 1128 168 1188 rum'
192 1145 250 1208 quo
273 1127 370 1207 gradu
400 1127 517 1189 zodiaci
545 1127 711 1207 promissor
734 1128 838 1190 veniat
865 1129 894 1190 in
922 1129 1000 1191 hunc
1031 1129 1173 1192 circulum
1196 1131 1366 1210 positionis.
1414 1130 1457 1193 Et

100 1214 157 1277 hoc
187 1215 224 1276 de
248 1234 371 1296 corpore
402 1215 609 1295 promissoris,
642 1218 690 1278 vel
714 1217 777 1296 ejus
802 1218 942 1297 opposito
965 1219 1064 1292 radio,
1099 1219 1147 1299 qui
1181 1228 1320 1282 censetur
1346 1220 1458 1282 habere

99 1303 291 1366 latitudinem
315 1305 484 1385 oppositam
508 1305 585 1366 citra
608 1306 856 1368 controversiam.
902 1306 969 1386 Ego
998 1326 1069 1368 vero
1098 1308 1216 1386 quando
1241 1309 1359 1370 invenio
1392 1310 1456 1370 Ln-

100 1386 440 1472 uam'siguifieatricem
472 1392 501 1454 in
526 1395 744 1472 septentrione,
779 1395 910 1456 Martem
934 1395 1145 1474 promissorem
1164 1405 1265 1457 autern
1289 1397 1319 1457 in
1344 1406 1456 1471 austro,

100 1481 167 1545 dieo
192 1481 387 1543 directionem
418 1501 486 1544 esse
518 1484 633 1543 fatuam
641 1503 650 1558 ;
685 1483 781 1563 dirigo
811 1482 919 1563 quippe
947 1504 1005 1546 non
1033 1502 1087 1561 per
1119 1484 1246 1546 circulos
1274 1486 1457 1564 positionum

100 1576 293 1632 transeuntes
317 1588 371 1650 per
393 1571 626 1650 significatorem
650 1573 707 1633 nisi
730 1573 759 1633 in
783 1571 937 1634 horizonte
961 1580 993 1634 et
1006 1573 1180 1646 meridiano,
1204 1573 1253 1653 qui
1277 1574 1336 1652 ipsi
1359 1576 1457 1654 signi-

100 1660 238 1722 lcetores
262 1667 347 1734 sunt3
378 1667 410 1721 et
430 1668 503 1738 puto
528 1661 586 1721 vim
607 1660 794 1740 significandi
817 1661 917 1723 inesse
941 1661 1015 1723 solis
1038 1662 1212 1741 corporibus
1232 1660 1313 1724 Solis
1338 1672 1370 1724 et
1392 1666 1457 1725 Lu·

100 1766 164 1821 rae.
212 1746 471 1828 Regiomontenus
494 1767 565 1811 vero
590 1750 729 1812 diffundit
748 1749 826 1812 hanc
849 1749 910 1811 vim
932 1769 986 1829 per
1003 1750 1145 1812 circulum
1158 1750 1328 1830 positionis,
1353 1761 1455 1814 trans·

100 1844 218 1899 euntem
240 1854 295 1916 per
317 1837 392 1898 haec
416 1855 553 1916 corpora.

188 1925 259 1986 Jam
283 1926 360 2006 quod
385 1925 496 1988 attinet
520 1934 660 2005 aspectus
684 1926 908 2005 promissomm,
933 1926 1042 2005 triplex
1067 1925 1234 1987 estmodus
1259 1926 1456 1988 consideran-

100 2014 154 2076 lae
179 2013 357 2076 latitudiuis.
403 2015 468 2076 Aut
490 2015 568 2077 enirn
592 2015 720 2078 circulus
734 2034 860 2095 maguus
884 2022 987 2096 potest
1010 2014 1140 2075 transire
1156 2034 1209 2093 per
1224 2014 1456 2094 significatorem

100 2110 130 2165 et
151 2102 375 2183 promissorem,
405 2110 437 2165 et
461 2103 490 2164 in
514 2122 550 2165 eo
581 2104 703 2165 extendi
727 2113 884 2184 aspectum
918 2112 972 2165 aut
998 2103 1126 2164 circulus
1150 2122 1275 2182 magnus
1304 2105 1455 2166 transiens
1545 2150 1548 2155 «

100 2210 152 2273 per
174 2192 387 2271 promissorem
411 2201 498 2254 secat
521 2193 691 2272 eclipticam
715 2193 744 2253 in
770 2193 843 2254 locis
864 2213 882 2253 a
905 2192 1087 2272 promissore
1112 2192 1294 2253 distantibus
1319 2194 1456 2272 utrinque

100 2280 266 2364 quadrante
291 2280 471 2361 exhibetque
494 2281 597 2343 radios
621 2289 804 2362 aspectuum.
850 2283 915 2343 Ant
938 2280 1064 2361 denique
1089 2288 1192 2342 centro
1216 2280 1315 2360 posito
1340 2283 1369 2342 in
1385 2301 1454 2343 eor·

100 2386 170 2450 pore
193 2367 387 2449 promissoris
411 2377 442 2431 et
465 2371 674 2450 amplitudine,
700 2380 842 2452 quantam
864 2370 1000 2449 postulat
1015 2377 1167 2449 aspectus,
1192 2370 1339 2431 ducuntur
1353 2370 1457 2433 circuli

100 2466 239 2520 recantes
264 2457 434 2537 eclipticam
472 2467 504 2519 et
536 2460 732 2521 ostendentes
762 2468 904 2539 punctum
927 2458 1099 2538 eclipticae,
1133 2458 1245 2538 inquo
1278 2459 1457 2520 terminatur

100 2554 259 2627 aspectum
287 2547 383 2626 primo
407 2547 494 2608 modo
519 2566 576 2608 uon
596 2548 716 2609 memini
741 2566 917 2629 quemqnam
940 2548 994 2608 nti.
1041 2546 1083 2608 Et
1106 2554 1205 2607 tamen
1229 2547 1300 2608 mihi
1324 2548 1456 2609 nonnihil

100 2633 277 2708 verisimilis,
303 2643 374 2696 tunc
397 2637 516 2716 quando
540 2637 725 2716 significator
749 2636 841 2697 habet
864 2636 1064 2709 latitudinem,
1090 2643 1124 2696 ut
1147 2635 1173 2696 si
1193 2635 1279 2696 Luna
1303 2636 1343 2697 sit
1358 2636 1454 2715 signi·

100 2723 225 2786 beatrix.
272 2721 429 2785 Secundus
453 2725 559 2785 modus
583 2724 888 2805 estRegiomontani,
914 2725 992 2804 apud
1012 2744 1100 2805 quem
1123 2723 1242 2785 sextilis
1265 2743 1384 2805 semper
1398 2727 1455 2785 ha·

100 2813 149 2874 bet
173 2811 329 2873 dimidium
353 2812 523 2874 latitudiuis
548 2815 627 2893 ejus,
652 2833 740 2895 quam
764 2815 857 2875 habet
880 2832 988 2892 corpus
1011 2812 1218 2892 promissoris,
1246 2813 1341 2874 trinus
1366 2813 1456 2874 dimi-

100 2900 179 2963 dium
203 2900 371 2961 latitudinis
396 2902 563 2981 oppositae,
589 2903 753 2984 quadratus
773 2903 963 2963 latitudinem
979 2902 1101 2962 nullam.
1149 2891 1269 2962 Tertius
1291 2901 1363 2962 mihi
1381 2921 1454 2981 pro-

100 2990 189 3052 batur
213 2997 297 3063 tunc,
323 2991 441 3069 quando
465 2990 586 3052 horizon
610 2992 657 3052 vel
681 2991 864 3053 meridianus
893 2998 941 3051 est
972 2990 1168 3069 significator.
1215 2989 1276 3050 Sed
1300 2990 1371 3051 mihi
1395 2990 1455 3069 ipsi

100 3096 157 3140 uon
181 3076 354 3139 satisfacio:
380 3078 449 3157 quin
473 3079 573 3158 potius
598 3088 669 3141 tunc
692 3080 720 3141 iu
746 3078 1002 3158 speculationibus
1025 3077 1159 3159 physicis
1178 3078 1365 3155 suspiciones
1380 3098 1454 3140 con·

100 3165 187 3249 cipio,
221 3165 326 3246 quasi
357 3184 452 3228 vana
484 3167 534 3231 sit
560 3185 692 3245 magna
718 3188 806 3249 pars
839 3167 1091 3229 directionum.
1138 3165 1271 3228 Primum
1302 3167 1396 3241 euim,
1429 3167 1456 3228 si

100 3254 187 3319 Luna
201 3262 251 3316 est
264 3254 472 3334 significatrix,
493 3258 639 3336 quomodo
654 3257 682 3318 in
699 3276 734 3319 eo
749 3258 860 3319 circulo
879 3274 989 3336 magno
1007 3256 1116 3317 dicitur
1130 3255 1230 3316 venire
1246 3256 1285 3317 ad
1300 3264 1455 3336 aspectum
1525 3305 1531 3311 .

100 3344 251 3426 planetae,
275 3343 305 3404 in
330 3363 388 3424 quo
412 3363 469 3405 non
494 3345 629 3407 incedit?
653 3346 697 3407 At
716 3346 744 3407 in
761 3346 841 3408 nullo
857 3345 947 3407 trium
963 3344 1101 3423 superius
1124 3344 1340 3406 recensitorum
1358 3346 1456 3407 circn-

100 3432 196 3496 lorum
219 3431 340 3494 incedit.
386 3432 479 3496 Esset
502 3434 594 3513 igitur
617 3435 722 3496 modus
746 3442 871 3515 quartus
896 3433 1059 3513 quaerendi
1084 3433 1161 3493 hunc
1176 3433 1328 3505 circulum,
1353 3435 1382 3494 iu
1398 3452 1455 3513 quo

100 3530 242 3603 aspectus
266 3520 356 3595 inest,
382 3529 414 3583 et
435 3521 462 3582 is
487 3522 578 3584 etism
602 3524 762 3603 perplexus
787 3530 818 3583 et
837 3522 1006 3601 ambiguus.
1053 3521 1216 3582 Ducendus
1236 3521 1345 3600 quippe
1368 3529 1404 3583 ut
1426 3522 1455 3582 in

100 3611 186 3672 modo
215 3609 305 3670 tertio
338 3610 450 3672 circum
482 3611 695 3690 promissorem
719 3611 860 3685 circulus,
893 3611 987 3671 donec
1011 3619 1096 3670 secet
1123 3609 1203 3668 viam
1226 3608 1329 3670 Lunae
1359 3609 1455 3688 sigui-

100 3698 241 3762 hoatricis
265 3698 434 3776 genuinam.
481 3701 576 3778 Atqui
601 3720 748 3781 quaenam
772 3700 847 3760 haec
862 3699 976 3759 viarum
990 3698 1111 3779 propria
1125 3696 1251 3758 Lunae?
1295 3697 1365 3759 Nou
1380 3697 1455 3758 diri-

100 3787 178 3869 gitur
201 3787 289 3848 Luna
310 3805 365 3866 per
387 3787 497 3849 itinera
521 3789 627 3851 diurna
650 3789 782 3868 propria,
812 3787 865 3847 sed
889 3806 943 3867 per
966 3786 1075 3847 itinera
1103 3785 1209 3845 diurna
1233 3783 1324 3847 Solis.
1370 3784 1454 3864 Ergo

100 3877 173 3938 haec
197 3876 247 3936 via
272 3876 376 3937 Lunae
400 3879 582 3938 assumendo
606 3879 664 3939 erit
688 3877 804 3951 fictitia,
830 3877 856 3937 si
880 3872 985 3955 n'empe
1008 3893 1132 3935 manens
1156 3874 1185 3934 in
1210 3874 1315 3935 eadem
1340 3894 1359 3934 a
1381 3872 1454 3935 Sole

100 3964 334 4027 distantiarum
359 3963 431 4027 Sole
455 3966 633 4028 circumiret.
681 3966 763 4027 Tunc
792 3984 863 4045 ergo
892 3965 974 4044 prins
1003 3972 1086 4025 esset
1110 3963 1261 4024 ducendus
1290 3963 1456 4041 parallelus
1564 3973 1566 3977 '

100 4053 256 4133 ecliptieae
286 4070 472 4134 percorpus
500 4055 729 4135 significatoris,
765 4055 871 4115 deinde
895 4063 929 4115 ιιι
956 4053 1039 4133 prius
1068 4050 1200 4113 secanda
1224 4052 1298 4112 haee
1323 4052 1389 4126 via,
1422 4061 1457 4113 nt

100 4141 192 4204 rectio
216 4141 314 4203 locum
338 4145 521 4218 ostenderet,
547 4143 597 4205 nbi
621 4144 799 4206 terminatur
829 4150 982 4222 aspectus.
1029 4141 1123 4222 Atqui
1153 4159 1258 4220 parum
1283 4140 1455 4202 verisimili-

100 4230 211 4293 tudinis
235 4220 369 4292 inest’in
392 4231 449 4293 hoo
473 4233 569 4294 modo.
617 4231 715 4301 Quam
740 4232 828 4306 enim,
853 4249 976 4311 quaeso,
1000 4231 1060 4291 vim
1077 4229 1213 4290 obtineat
1229 4229 1278 4290 via
1294 4230 1453 4308 quaedam,

100 4337 151 4400 per
174 4338 264 4399 quam
286 4318 373 4381 Luna
396 4340 454 4382 non
479 4320 606 4394 incedit,
640 4321 693 4383 sed
718 4321 855 4382 incedere
879 4320 1023 4398 fingitur?
1070 4320 1172 4398 Atque
1197 4319 1253 4379 hec
1278 4319 1455 4379 considera-

100 4408 179 4471 tione
202 4415 299 4470 totum
315 4410 467 4488 negotium
483 4411 597 4482 Lunae,
622 4418 656 4470 ut
670 4408 892 4490 significatricis
908 4407 1092 4486 dirigendae,
1118 4414 1291 4486 suspectum
1308 4406 1456 4467 redditur.

100 4496 215 4559 Deinde
230 4496 346 4576 objicio,
372 4516 438 4559 cnm
458 4517 523 4559 meo
534 4498 681 4559 horizonti
697 4508 728 4558 et
743 4498 921 4567 meridiano,
946 4505 1010 4556 turn
1026 4495 1260 4574 Regiomontani
1273 4494 1455 4574 positionum

100 4584 216 4649 ziroulis
239 4584 502 4666 significatoribns,
528 4594 582 4648 ant
604 4606 663 4647 non
685 4606 776 4667 posse
801 4593 943 4666 aspectus
967 4586 1181 4663 promissorum
1201 4601 1268 4643 esse
1283 4583 1453 4664 promisso-

100 4692 154 4750 res,
180 4681 235 4736 aut
256 4681 388 4736 tractum
411 4675 520 4755 requiri
543 4676 687 4755 temporis
711 4674 880 4754 longissimi
905 4673 943 4734 ad
964 4692 1053 4734 unam
1072 4673 1276 4746 directionem,
1301 4672 1361 4732 imo
1377 4691 1454 4752 qua·

100 4762 218 4825 iratam
250 4763 466 4838 radiatiouem,
499 4784 554 4826 seu
582 4764 645 4843 ejus
674 4763 868 4826 directionem
892 4762 1010 4825 omuino
1038 4761 1215 4842 peipetuam
1243 4780 1321 4823 esse.
1368 4760 1450 4822 Nem

100 4870 172 4915 mus
195 4858 228 4913 et
250 4851 330 4914 idem
353 4852 520 4932 promissor
541 4852 657 4916 radium
680 4852 828 4928 sextilem,
858 4853 1039 4933 quadratum
1058 4851 1111 4914 bc.
1134 4849 1248 4914 circulo
1270 4848 1453 4912 circumfun-

166 4954 369 5006 munomr.
1209 4954 1242 5007 2³
