3278 5542
692 273 891 343 capusx-n.
1412 279 1475 347 lbb

118 433 176 505 quia
195 433 355 506 praecessit
367 440 518 507 conceptus
528 434 604 493 illius
618 436 733 501 numeri,
755 440 803 493 sed
823 437 885 495 ideo
905 439 1030 511 sequitur
1048 446 1197 512 conceptus
1218 441 1333 507 numeri,
1352 443 1477 516 quiores

118 515 299 584 gemuetricse
318 515 424 572 hahent
441 515 519 571 illam
536 516 770 586 multiplicitatem
789 517 817 572 in
831 536 870 583 se,
894 519 1048 584 existentes
1067 521 1147 591 ipsae
1162 539 1290 576 numerus
1305 530 1475 579 numeratus.

188 594 225 664 b)
245 594 318 650 Eoos
341 595 517 652 manifestam
539 597 800 660 hallucinationem
824 606 885 653 octo
907 616 961 653 non
985 606 1109 670 estpars
1124 602 1313 673 sexagenarii,
1337 606 1385 658 sed
1404 606 1476 659 bene

118 689 173 743 pars
195 681 243 730 est
262 676 368 732 numeri
391 675 463 742 120,
486 676 532 748 qui
552 684 597 731 est
617 677 660 732 bis
682 678 730 733 60.

794 913 892 921 --.—-..

685 1109 805 1209 Caput
831 1109 900 1184 XI.

432 1266 490 1330 De
506 1266 570 1331 situ
588 1284 770 1351 corporum,
789 1277 819 1332 er
836 1269 958 1352 origine
974 1270 1111 1334 zodiaci.
1127 1273 1154 1345 ⁸)

200 1408 338 1470 Infestos
360 1409 389 1472 in
413 1408 462 1471 bis
489 1409 640 1491 capitibus
668 1410 786 1472 habebo
814 1410 971 1491 physicos,
1003 1420 1181 1492 propterea,
1215 1412 1292 1492 quod
1321 1414 1475 1476 naturales

118 1496 301 1560 tlauetmm
322 1498 590 1579 proprietatesex
614 1499 702 1562 rebus
726 1499 975 1563 immaterialibus
999 1508 1031 1562 et
1049 1501 1152 1580 figuris
1170 1501 1393 1564 mathematicis
1417 1502 1474 1564 de-

118 1585 192 1661 luxi,
215 1605 306 1666 porro
330 1606 402 1650 vero
426 1588 518 1651 etiam
542 1607 580 1650 ex
603 1589 683 1650 nuda
706 1588 922 1668 imaginatione
942 1589 1110 1651 sectionum
1134 1590 1319 1670 quamndam
1343 1589 1474 1670 origines

118 1673 288 1737 circulorum
311 1674 497 1756 investigare
521 1677 658 1741 audeam.
705 1676 763 1738 His
785 1677 891 1755 paucis
918 1696 1095 1758 responsum
1123 1679 1212 1740 volo:
1241 1678 1320 1757 quod
1344 1677 1474 1741 Creator

118 1763 213 1833 tous,
242 1782 309 1826 cum
332 1783 417 1827 mens
440 1765 482 1827 sit
509 1775 542 1828 et
573 1785 650 1846 quae
680 1766 746 1827 vult
774 1766 887 1840 saciat,
917 1785 974 1828 non
999 1766 1211 1846 prohibeatur,
1242 1785 1299 1846 quo
1324 1766 1421 1829 miuus
1444 1767 1474 1829 in

118 1851 255 1934 rptandis
279 1853 393 1916 viribus
417 1859 449 1916 et
472 1853 668 1934 designandis
693 1854 814 1917 circulis
839 1855 879 1917 ad
906 1874 955 1917 res
979 1854 1028 1919 vel
1051 1854 1115 1917 sine
1138 1854 1267 1917 materia
1290 1855 1338 1915 vel
1361 1855 1473 1935 imagi-

118 1942 233 2005 ratioue
257 1943 434 2006 constantes
458 1943 611 2024 respiciat.
658 1942 789 2006 Etcum
813 1943 886 2005 nihil
910 1943 986 2005 velit
1008 1944 1073 2017 ille,
1103 1943 1160 2005 nisi
1189 1962 1306 2005 summa
1333 1963 1397 2005 cum
1420 1963 1473 2006 ra·

118 2031 210 2105 ione,
244 2030 377 2112 nihilque
400 2041 524 2111 praeter
546 2032 612 2111 ejus
642 2032 830 2094 voluntatem
858 2031 1012 2105 extiterit,
1045 2032 1161 2095 dicant
1176 2032 1269 2112 igitur
1296 2033 1472 2107 adversarii,

118 2139 261 2201 maenam
285 2119 364 2182 aliae
386 2120 522 2183 rationes
546 2121 613 2183 Deo
637 2120 748 2183 fuerint
778 2121 977 2200 aptandarum
1004 2121 1113 2183 virium
1140 2128 1218 2194 etc,
1253 2140 1320 2182 cnm
1351 2129 1474 2201 praeter

118 2208 299 2288 quantitates
322 2207 396 2271 nihil
420 2211 527 2272 esset?
572 2207 661 2280 Quod
686 2209 726 2284 si,
752 2208 821 2271 dum
843 2208 916 2271 nihil
940 2209 1109 2283 inveniunt,
1134 2210 1173 2270 ad
1196 2208 1473 2293 imperscrutabiles

118 2294 296 2360 Gouditricis
320 2297 497 2378 Sapientiae
520 2297 600 2360 vires
624 2298 817 2376 confugiant:
849 2298 983 2360 habeant
1011 2298 1068 2361 sibi
1097 2318 1170 2360 sane
1199 2297 1276 2360 hanc
1305 2297 1473 2378 inquirendi

118 2387 366 2466 temperantiam,
400 2386 512 2468 illaque
536 2406 604 2451 cum
626 2386 751 2467 pietatis
775 2386 913 2467 opinione
945 2389 1100 2464 fruantur,
1134 2406 1189 2449 nos
1222 2406 1293 2447 vero
1321 2388 1477 2466 patiantur

118 2493 224 2537 musas
247 2494 287 2537 ex
310 2476 530 2555 quantitatibus
552 2475 735 2538 verisimiles
758 2476 898 2546 reddere,
930 2476 1087 2539 dummodo
1116 2476 1190 2538 nihil
1213 2476 1367 2556 iudignum
1389 2482 1476 2538 tauto

118 2564 248 2627 dicamus
273 2563 398 2646 Opilice.
414 2564 443 2640 1’)
491 2565 586 2629 Nulla
609 2565 701 2645 igitur
722 2565 842 2627 vinctus
865 2564 1009 2645 religione
1032 2583 1125 2646 pergo
1149 2565 1188 2626 ad
1211 2565 1477 2645 investigationem

118 2652 239 2715 zodiaci.

199 2744 249 2803 Ac
274 2740 361 2802 initio
386 2740 525 2803 existimo
549 2739 790 2803 verisimiliorem
809 2759 966 2821 corpomm
989 2740 1079 2803 situm
1104 2740 1269 2820 excogitari
1292 2759 1350 2801 non
1373 2758 1474 2820 posse,

118 2849 202 2912 quam
227 2850 294 2893 cum
318 2829 421 2898 cubus,
447 2830 580 2892 maxima
603 2830 774 2909 figurarum,
800 2829 953 2891 inseratur
972 2828 1036 2890 orbi
1055 2830 1330 2909 quomodocunque,
1354 2829 1476 2891 namin

118 2919 225 2982 circulo
240 2919 354 2980 nullum
369 2927 417 2981 est
432 2920 558 2983 initium.
589 2915 721 2998 Oportet
734 2925 836 2980 autem
858 2916 1005 3002 principia
1023 2917 1087 2980 sine
1107 2918 1222 2981 ratione
1238 2917 1432 2991 constituere,
1449 2919 1475 2990 ⁰)

118 3027 150 3071 ue
173 3008 308 3069 infinitus
332 3008 385 3069 dat
410 3027 576 3088 regressus,
593 3005 621 3081 ιι)
650 3015 683 3069 et
704 3014 739 3069 ut
762 3006 924 3089 aliquando
946 3007 1108 3070 transitum
1131 3007 1297 3068 habeamus
1312 3009 1339 3078 t)
1364 3004 1402 3067 ab
1425 3005 1474 3067 in-

118 3095 199 3159 iuita
222 3097 360 3177 potentia
383 3097 422 3158 ad
446 3098 560 3175 linitum
583 3104 694 3158 actum.
740 3094 811 3157 Jam
842 3095 933 3175 igitur
965 3115 1025 3156 uua
1058 3095 1198 3159 laciemm
1231 3103 1392 3157 censeatur
1419 3112 1475 3173 pro

118 3186 189 3249 basi.
241 3185 379 3266 Pyramis
403 3186 496 3268 igitur
518 3185 678 3247 inserenda
701 3183 776 3246 cubo
800 3184 952 3247 mediante
976 3183 1047 3246 orbe
1070 3185 1160 3247 Jovio
1184 3184 1274 3246 debet
1296 3183 1384 3245 basin
1408 3181 1476 3245 basi

118 3274 180 3337 cubi
204 3276 396 3352 uopcllnlos
418 3283 522 3337 tenere
536 3272 577 3348 ὓς
608 3282 640 3334 et
667 3273 878 3335 dodecaedron
901 3273 1066 3355 pyramidis
1089 3273 1206 3347 hacid)
1252 3272 1354 3335 Aliter
1377 3273 1477 3334 ierunt

118 3363 359 3427 secundariomm
381 3364 602 3445 proprietates,
631 3370 666 3424 nt
686 3363 826 3424 vidimus.
873 3362 1057 3443 Erigendum
1080 3363 1173 3442 igitur
1195 3361 1373 3424 icosaedron
1396 3361 1478 3422 iutra

118 3453 340 3526 dodecaedrou,
372 3453 417 3516 ita
444 3461 479 3515 ut
502 3451 659 3532 diagonios
684 3450 764 3514 illius
790 3451 846 3513 fiat
868 3451 985 3532 utrique
1009 3453 1216 3533 oppositamm
1239 3450 1357 3512 basium
1380 3449 1476 3511 dode·

118 3542 217 3604 caedri
240 3541 497 3623 perpendicularis
520 3542 551 3603 in
576 3540 695 3602 centris.
732 3538 848 3601 Eodem
862 3545 952 3619 pacto
967 3541 1209 3621 suspendendum
1232 3539 1291 3601 erit
1313 3537 1476 3600 octaedron

118 3631 237 3693 minima
259 3632 419 3711 figurarum
442 3632 524 3693 intra
546 3630 733 3702 icosatdron,
759 3629 804 3690 ita
826 3635 860 3690 ut
884 3636 954 3689 acta
979 3639 1065 3692 recta
1084 3629 1188 3690 veniat
1212 3627 1245 3701 l)
1268 3645 1323 3708 per
1341 3633 1478 3688 centrum

118 3719 197 3782 basis
226 3720 256 3781 in
286 3719 379 3795 cubo,
412 3716 450 3793 2)
475 3738 528 3800 per
556 3727 691 3781 centrum
723 3717 807 3780 basis
841 3716 1057 3791 tetrabdricae,
1092 3715 1127 3791 3)
1151 3736 1205 3796 per
1228 3722 1363 3778 centrum
1387 3713 1475 3794 quin-

118 3807 258 3889 quanguli
282 3808 509 3884 dodecaedrici,
534 3805 570 3882 4)
594 3825 648 3888 per
671 3807 812 3887 angulum
836 3805 1002 3876 icosatdri,
1028 3805 1063 3880 5)
1087 3825 1142 3887 per
1165 3803 1305 3885 angulum
1330 3800 1476 3876 actaeon,

118 3892 150 3971 6)
172 3917 229 3979 per
253 3905 388 3960 centmm
411 3897 512 3960 mundi
541 3904 573 3959 et
596 3914 703 3976 corpus
727 3893 849 3970 Solare,
881 3905 913 3957 et
940 3913 1028 3975 porro
1052 3895 1200 3957 similibus
1224 3891 1398 3956 interstitiis
1423 3907 1477 3970 per

118 3987 272 4068 oppositos
303 3984 338 4061 7)
361 3987 512 4062 octaedri,
538 3984 574 4061 8)
598 3984 747 4048 ieosaedri
771 3984 908 4065 angulos,
933 3982 969 4057 9)
989 3984 1199 4047 dodecaedrici
1222 3982 1305 4062 plani
1329 3989 1476 4052 centrum,

123 4073 172 4152 ill)
197 4075 347 4138 utnedri
374 4077 536 4158 angulum,
575 4073 627 4150 il)
656 4073 754 4136 cubici
781 4074 864 4154 plani
892 4081 1037 4137 centmm.
1052 4071 1081 4148 h)
1128 4072 1252 4152 Majoris
1279 4071 1355 4133 lucis
1383 4088 1478 4132 causa

120 4165 218 4246 relego
241 4173 273 4226 te
296 4166 335 4228 ad
364 4166 525 4238 tabellam,
558 4165 609 4228 ubi
633 4163 733 4226 omnia
756 4181 883 4244 corpora
911 4163 951 4224 ad
978 4164 1055 4224 hunc
1086 4162 1205 4224 modum
1229 4178 1373 4239 expressa
1396 4165 1476 4221 sunt.

121 4250 233 4327 Quibus
257 4255 305 4317 ita
326 4254 500 4317 constitutis
523 4272 582 4315 non
606 4261 723 4315 tantum
745 4270 896 4333 apparens
920 4251 949 4312 in
976 4251 1120 4314 octaedro
1144 4250 1338 4331 quadratum,
1361 4265 1477 4327 aequa·

119 4342 183 4408 liter
207 4365 228 4405 a
252 4343 341 4406 dictis
365 4343 481 4406 duobus
512 4341 630 4421 angulis
659 4348 827 4413 remotum,
861 4341 887 4404 si
917 4340 1099 4421 producatur
1128 4336 1338 4410 circumcirca,
1373 4353 1477 4396 omues

118 4431 227 4519 lguras
252 4441 344 4514 atque
368 4432 444 4494 adeo
468 4439 564 4493 totum
588 4430 727 4491 mundum
751 4429 780 4490 in
805 4429 883 4491 hina*
899 4430 1016 4492 dividet
1038 4428 1190 4509 aequalia,
1215 4426 1270 4487 sed
1293 4425 1385 4486 etiam
1408 4441 1476 4483 om·

118 4523 195 4585 nium
228 4521 377 4597 latemm,
415 4539 491 4602 quae
524 4518 592 4600 quis
623 4518 702 4581 inter
734 4519 831 4581 dictos
865 4520 991 4599 angulos
1024 4525 1056 4579 et
1087 4525 1191 4578 centra
1223 4513 1323 4577 media
1352 4528 1476 4573 censere

118 4618 230 4687 potest,
245 4609 268 4685 ί)
292 4629 393 4673 eorum
416 4609 538 4690 inquam
561 4608 691 4670 omnium
714 4607 739 4669 si
763 4606 944 4687 regulariter
966 4614 1116 4689 ponantur
1139 4603 1290 4668 sectiones
1304 4597 1476 4676 mutuae,¹‘)

118 4714 193 4779 quae
217 4695 415 4782 prospicienti
439 4718 477 4761 ex
499 4704 604 4760 centro
627 4706 784 4777 apparent,
808 4705 969 4761 versantur
983 4696 1012 4758 in
1028 4696 1133 4757 eodem
1149 4691 1289 4775 quadrati
1312 4690 1478 4755 oetseduci

118 4787 295 4855 tontiuuato
317 4788 421 4868 plano.
459 4786 552 4869 quue
575 4784 734 4868 praecipue
757 4785 789 4849 in
811 4785 985 4851 multifaciis
1007 4793 1043 4848 ut
1064 4782 1203 4865 cognatis
1223 4788 1360 4862 apparet.
1396 4778 1477 4842 Nam
