3278 5542
650 369 681 419 de
698 370 771 419 1911119
790 370 951 435 astrologicis.
1039 370 1049 444 Ἰ
1415 369 1478 436 381

118 525 259 608 99111991,
284 531 318 589 91
340 525 543 588 dissonantes.
590 524 643 588 Sic
666 527 830 607 1911991119
853 547 954 589 ramus
978 527 1219 590 ratiocinationis
1244 529 1401 591 absolutos
1417 539 1479 592 est:

119 632 216 677 aures
240 613 332 687 91119,
363 634 440 694 quae
463 614 611 677 haetenus
633 616 717 678 illum
741 618 908 679 continuari
933 624 1003 678 sunt
1025 635 1149 697 passae,
1180 619 1246 698 jam
1269 619 1383 679 sistunt
1404 619 1482 680 hanc

118 702 389 766 continuationem.
433 704 516 766 Idem
532 704 652 780 accidit,
678 706 715 780 si,
738 712 774 767 ut
795 723 868 785 pars
892 704 912 767 2
938 725 1004 767 curn
1024 714 1090 767 tota
1104 703 1124 767 5
1140 714 1296 780 consonat,
1322 707 1365 768 sic
1384 714 1481 769 totam

117 792 150 854 in
176 787 198 852 7
222 791 305 854 velis
323 792 473 868 dividere;
505 813 576 854 nam
599 801 670 855 tuuc
694 795 813 874 quidem
836 814 907 875 pars
932 792 953 857 2
981 803 1157 878 camparte
1182 795 1201 857 5
1226 795 1421 871 consonabit,
1448 805 1482 857 91

118 898 220 961 neque
243 899 315 961 9919
338 879 370 954 2,
394 900 489 963 neque
512 902 584 962 pars
608 881 628 945 5
653 884 831 945 consonabit
854 903 921 946 9119
944 883 1061 945 19197.
1098 882 1141 944 Ε1
1164 885 1234 963 quia
1248 885 1406 946 verbosum
1422 894 1479 958 est,

118 970 242 1050 reliqua
265 970 403 1033 similiter
431 971 554 1052 exsequi
582 971 671 1050 hujus
695 973 954 1047 ratiocinationis,
988 973 1090 1052 accipe
1115 980 1211 1034 totam
1242 974 1326 1034 illam
1353 973 1383 1034 in
1407 980 1480 1054 typo

118 1059 208 1133 (vide
231 1077 323 1139 99919
344 1078 373 1139 p.
395 1055 485 1134 373).
533 1060 695 1140 Tantisper
717 1063 795 1122 enim
819 1061 957 1141 procedit
979 1061 1179 1136 ratiocinatio,
1205 1062 1302 1141 quoad
1320 1062 1482 1141 impegerit

118 1148 150 1210 in
175 1167 317 1210 numeros
343 1147 376 1224 7,
403 1145 437 1224 9,
467 1147 522 1224 11,
551 1146 601 1211 13.
649 1150 684 1212 Si
708 1151 786 1212 enim
810 1158 878 1212 tota
901 1150 1014 1212 chorda
1045 1150 1075 1210 in
1105 1158 1153 1211 tot
1184 1160 1288 1231 partes
1317 1150 1478 1226 dividatur,

118 1238 185 1318 jam
208 1244 313 1317 partes
338 1238 601 1319 quomodocunque
626 1245 742 1300 sumtae
767 1261 787 1300 a
808 1246 876 1300 tnta
899 1239 1067 1301 dissonant.

216 1323 382 1396 Quaeritur
404 1327 452 1388 hic
476 1329 526 1401 (ut
549 1327 687 1390 immorer
711 1328 939 1410 aliquantisper,
962 1329 1136 1408 priusquam
1161 1327 1200 1388 ad
1224 1334 1398 1388 1919119999
1422 1334 1480 1389 δια-

118 1436 227 1477 aanor
250 1415 429 1478 divisionem
451 1417 653 1496 progrediar),
678 1436 754 1498 quae
778 1438 871 1480 causa
895 1417 944 1493 sit,
970 1436 1022 1478 our
1046 1434 1133 1479 99199
1155 1416 1251 1496 911199
1276 1418 1480 1496 19191991199

118 1504 134 1566 1
165 1513 199 1565 91
225 1502 253 1579 1,
280 1511 431 1567 91191919
455 1503 493 1578 2,
518 1507 856 1587 99919919191991199
882 1506 915 1581 1,
940 1504 961 1567 2
985 1514 1016 1566 et
1040 1514 1135 1567 totam
1159 1502 1194 1579 3,
1218 1505 1424 1585 19191991199
1453 1507 1479 1581 1,

118 1590 138 1656 3
165 1589 373 1667 911919914,
398 1602 503 1673 991199
532 1591 960 1675 1,4911919195,991199
988 1594 1019 1668 1,
1046 1594 1065 1656 5
1091 1601 1242 1655 ettotam
1265 1591 1295 1668 6,
1320 1604 1424 1673 partes
1449 1593 1478 1670 2,

118 1678 140 1745 3
166 1680 374 1755 911919915,
398 1691 502 1762 partes
527 1681 557 1757 3,
582 1681 602 1745 5
627 1682 832 1759 9119191911,
859 1683 1028 1764 approbent
1050 1684 1289 1756 consonantiam,
1314 1684 1393 1745 19191
1407 1703 1479 1745 vero

118 1770 274 1845 19191117,
300 1767 329 1846 9,
359 1770 413 1845 11,
441 1769 480 1836 13
505 1779 662 1852 91991199
688 1792 877 1854 quascunque
902 1773 1014 1834 nullam
1046 1772 1202 1834 inveniant
1225 1772 1478 1835 concordantiam.

118 1859 252 1922 Putares
276 1880 400 1922 causam
424 1880 501 1932 esse,
527 1863 604 1942 quod
630 1860 659 1937 7,
685 1858 716 1936 9,
744 1862 794 1932 11,
822 1860 862 1924 13
887 1869 958 1924 9191
979 1863 1123 1941 impares.
1170 1862 1216 1922 At
1237 1880 1294 1922 non
1320 1870 1384 1935 est;
1410 1880 1478 1922 nam

118 1946 199 2012 913
224 1956 256 2009 91
280 1945 300 2010 5
324 1958 395 2011 9991
417 1950 563 2030 11999199,
595 1971 649 2012 999
677 1950 843 2032 impediunt
871 1951 1110 2013 concordantias.
1157 1951 1262 2030 Neque
1287 1950 1362 2011 haec
1386 1969 1480 2011 causa

118 2044 180 2114 est,
206 2038 283 2116 quod
308 2038 369 2099 sint
390 2040 495 2120 9111111;
519 2059 588 2100 9919
613 2035 714 2102 9999
739 2048 788 2101 991
811 2059 949 2102 91199199
971 2041 1095 2120 9111119,
1120 2046 1276 2100 91199199
1302 2039 1478 2100 discordans

118 2134 178 2202 est,
206 2125 418 2202 919991193,
445 2125 464 2190 5
489 2129 680 2208 9991911191,
705 2149 759 2190 999
784 2138 884 2190 191999
908 2128 1081 2190 discordant
1106 2127 1202 2188 esuis
1217 2128 1363 2206 partibus.
1401 2127 1477 2190 Dico

118 2214 213 2295 igitur
237 2233 359 2276 causam
387 2216 465 2278 hanc
496 2236 583 2292 esse,
617 2218 688 2298 quia
720 2219 874 2280 circularis
907 2217 986 2279 linea
1020 2220 1111 2296 (quae
1144 2217 1317 2295 aequivalet
1348 2216 1478 2277 chordae

118 2311 224 2367 rectae
248 2312 280 2365 91
303 2305 528 2385 999919999191,
562 2307 588 2367 91
612 2307 800 2369 circulariter
831 2306 913 2378 teudi
937 2307 1049 2387 possit)
1083 2301 1477 2381 191,3,1,5,6,8

118 2392 215 2456 dividi
238 2395 421 2472 geometrice
444 2403 556 2474 potest,
581 2396 609 2455 iu
635 2396 664 2470 7,
691 2393 720 2469 9,
753 2396 797 2473 11,
827 2393 865 2457 13
881 2397 1062 2473 geometrice
1078 2394 1169 2455 dividi
1189 2395 1300 2474 nequit,
1325 2413 1384 2455 nnn
1403 2394 1477 2455 vitio

118 2481 296 2543 intellectus
320 2484 425 2557 nostri,
450 2503 507 2545 non
531 2484 756 2565 imperfectione
781 2485 926 2545 scientiae
950 2484 1162 2564 geometricae,-
1186 2484 1239 2544 sed
1255 2492 1374 2545 natura.
1412 2485 1476 2544 Im-

118 2570 216 2652 plicat
239 2571 348 2651 quippe
372 2573 656 2649 contradictionem,
691 2573 832 2634 circulum
865 2574 894 2634 in
920 2569 939 2632 7
964 2573 1103 2652 aequalia
1126 2575 1308 2652 geometrice
1332 2572 1475 2634 dividere.

118 2659 229 2741 ltaque
246 2659 375 2722 facultas
391 2660 451 2734 illa,
478 2680 554 2741 quae
574 2670 697 2741 praeest
717 2662 841 2735 auditui,
867 2681 1000 2724 summae
1015 2662 1141 2723 rationis
1157 2680 1268 2740 99991,
1293 2662 1362 2723 11199
1385 2680 1477 2723 99999

118 2748 281 2828 improbat,
308 2749 358 2829 qui
381 2751 476 2811 fluunt
500 2771 519 2810 a
542 2751 777 2830 longitudinibus
802 2750 1053 2830 α’γεωμετρητοιςς
1078 2750 1235 2828 approbat,
1261 2751 1309 2830 qui
1334 2751 1475 2830 919991-

118 2837 273 2900 tudinibus
298 2839 489 2918 geometricis
512 2839 655 2919 pendent.
695 2837 764 2910 Qua
787 2841 815 2900 in
841 2859 873 2900 re
897 2850 1063 2901 creatorem
1086 2839 1221 2900 imitatur
1235 2847 1382 2912 creatura,
1408 2859 1477 2900 nani

118 2935 151 2989 et
174 2926 228 2988 1119
252 2946 350 2988 rerum
373 2928 458 2989 ideas
483 2928 631 2989 desumsit
655 2947 670 2988 e
695 2947 772 3008 penu
795 2929 986 3007 geometrico,
1011 2947 1069 2988 uon
1093 2946 1131 2987 91
1146 2928 1366 3007 quantitatibus
1389 2926 1476 3006 dyac-

118 3035 295 3094 μιτρηςοιςς
319 3034 395 3095 9999
420 3016 573 3092 dixissem,
599 3018 672 3078 illud
695 3017 820 3091 creavit,
845 3018 923 3097 qnod
943 3035 1045 3079 creare
1063 3016 1177 3096 potuit;
1202 3016 1280 3096 quod
1295 3035 1353 3077 nnn
1368 3018 1477 3097 potuit,

118 3104 231 3168 omisit.
279 3104 360 3167 Sane
392 3106 545 3168 fatendum
570 3115 637 3180 est,
673 3107 751 3185 quod
784 3107 939 3167 contendit
967 3106 1056 3167 Plato
1092 3114 1123 3166 et
1152 3104 1380 3168 9199019919
1414 3103 1476 3187 (De

118 3192 312 3256 Divinatione
332 3194 408 3267 II.):
433 3195 521 3257 nefas
545 3214 612 3257 esse
637 3196 781 3274 cogitare,
806 3202 839 3255 ut
858 3196 941 3257 Deus
961 3195 1131 3257 condiderit
1148 3195 1289 3256 mundum
1313 3214 1371 3257 non
1387 3214 1477 3276 qnam

118 3282 182 3344 deri
206 3284 305 3362 potnit
328 3283 484 3362 optimum,
519 3284 583 3366 ipse
608 3285 739 3364 optimus
770 3292 801 3345 et
831 3285 1079 3363 perfectissimus.
1127 3286 1161 3345 19
1185 3284 1240 3346 hoc
1265 3285 1330 3345 solo
1353 3286 1478 3347 offendit

118 3372 228 3452 pietas,
255 3373 333 3452 quod
356 3372 501 3435 bonitatis
526 3375 609 3453 leges
633 3381 665 3434 91
688 3372 902 3434 necessitatem
916 3374 1001 3434 videt
1015 3374 1157 3435 collocari
1180 3392 1238 3435 non
1262 3373 1291 3434 iu
1307 3373 1363 3435 Dei
1388 3394 1476 3437 erea-

118 3461 193 3523 toris
219 3461 352 3535 arbitrio,
377 3463 430 3522 sed
456 3471 551 3536 91119,
576 3463 605 3523 19
630 3461 700 3523 idea
723 3463 916 3542 geometrica.
954 3463 1051 3541 Atqui
1074 3463 1188 3543 cogitet
1208 3462 1376 3541 1119919999,
1399 3465 1476 3525 hanc

118 3548 217 3632 ipsam
239 3569 339 3613 rerum
361 3552 610 3631 geometricarum
635 3551 801 3623 familiam,
835 3571 871 3612 91
901 3569 959 3630 qua
993 3552 1063 3612 idea
1094 3551 1195 3612 mundi
1228 3551 1386 3631 depromta
1416 3559 1472 3626 991,

117 3638 204 3721 prius
237 3639 265 3700 in
290 3639 358 3720 1999
381 3641 515 3702 99999119
547 3640 650 3701 divina
681 3641 792 3713 fuisse,
825 3659 913 3720 quam
946 3641 976 3700 in
1009 3640 1147 3700 materia.
1193 3642 1223 3700 A
1247 3641 1374 3700 materia
1397 3641 1475 3701 enim

118 3735 221 3791 mente
244 3736 348 3808 potest
372 3728 519 3802 abstrahi,
543 3749 562 3790 a
584 3736 684 3791 mente
701 3730 803 3791 divina
827 3728 963 3790 abstrahi
982 3729 1165 3808 cogitatione
1185 3748 1242 3789 non
1258 3736 1370 3807 potest.
1411 3729 1473 3808 191-

118 3824 167 3880 tur
191 3817 222 3880 in
247 3818 312 3879 Deo
337 3818 392 3881 init
415 3818 619 3881 essentialiter
643 3819 680 3879 ab
705 3827 842 3892 aeterno,
872 3819 901 3880 in
925 3820 1083 3880 materiam
1108 3837 1145 3877 91
1167 3817 1224 3878 Dei
1248 3818 1382 3878 essentia
1405 3835 1473 3879 cre-

118 3906 198 3969 ando
223 3906 351 3969 influxit.
399 3907 538 3985 Diceres,
568 3908 734 3970 essentiam
759 3908 892 3969 divinam
916 3927 983 3968 esse
1008 3907 1211 3986 sphaericum,
1236 3925 1349 3968 vacans
1373 3908 1473 3986 spatio

118 4003 148 4057 91
171 3995 312 4069 19919119,
337 3996 381 4058 919
405 3997 536 4059 utDeus
560 4005 647 4075 pater
671 3997 712 4059 sit
735 4005 880 4073 centrum,
905 3997 982 4058 lilius
1007 3996 1188 4075 superficies,
1214 3996 1339 4076 spiritus
1353 3995 1473 4058 distan-

118 4084 181 4148 tiae
208 4084 376 4165 aequalitas
400 4087 494 4148 eentri
519 4106 538 4147 a
561 4086 724 4164 superficie.
771 4086 842 4147 Jam
864 4104 973 4147 novum
1003 4085 1034 4146 iu
1058 4085 1211 4164 theologia
1234 4104 1292 4147 999
1318 4092 1383 4160 991,
1417 4105 1473 4147 vo·
1542 4116 1544 4120 ·

118 4174 268 4237 luntatem
292 4182 324 4236 et
346 4173 503 4237 arbitrium
525 4174 582 4237 Dei
607 4174 671 4254 regi
695 4196 713 4236 a
736 4173 853 4254 legibus
882 4176 1033 4236 essentiae
1063 4193 1150 4246 suae,
1184 4183 1217 4236 ut
1245 4174 1365 4235 mentiri
1389 4175 1473 4247 nolit,

118 4262 271 4347 quianon
295 4271 416 4344 potest,
451 4264 687 4326 contradictoria
712 4264 802 4337 nolit,
838 4263 908 4343 qnia
936 4271 1072 4343 pugnant
1105 4282 1171 4325 com
1203 4264 1299 4343 ipsius
1328 4264 1471 4325 essentia.

118 4352 222 4415 Noluit
246 4352 336 4433 igitur
359 4354 450 4414 aliam
472 4353 574 4415 indere
599 4354 725 4413 formam
749 4352 856 4413 mundo
880 4353 1050 4426 materiato,
1077 4371 1165 4433 quam
1190 4354 1274 4433 cujus
1300 4352 1398 4413 ideaur
1421 4372 1472 4413 re-

118 4440 196 4523 perit
219 4441 453 4504 immateriatam
478 4449 566 4503 9191
589 4443 633 4504 ita
656 4442 754 4502 dicam
777 4441 974 4522 inspatiosam
998 4445 1027 4502 iu
1062 4461 1117 4501 sua
1137 4442 1280 4503 essentia.
1325 4442 1472 4501 11191919

118 4548 173 4593 nou
199 4530 335 4605 admittit
358 4531 586 4612 septangulum,
621 4531 840 4609 nonangulum,
876 4531 987 4591 nullum
1014 4530 1106 4610 igitur
1129 4528 1298 4611 hujusmodi
1323 4547 1417 4610 neque
1442 4529 1472 4589 in

118 4619 303 4702 corporibus,
327 4639 424 4701 neque
447 4620 479 4681 19
502 4621 642 4692 19911119,
666 4639 762 4699 neque
786 4620 815 4682 in
831 4638 972 4681 sensuum
995 4619 1185 4700 praesidibus
1209 4619 1406 4681 facultatibus
1424 4626 1473 4679 est

118 4726 302 4791 expressum.
351 4707 484 4775 Causam
507 4709 560 4786 191,
587 4728 676 4791 qnam
700 4709 845 4790 detegunt
868 4727 973 4784 aures,
1000 4727 1110 4790 quaere
1134 4709 1241 4784 aliam,
1265 4708 1291 4770 si
1314 4708 1389 4769 haee
1413 4726 1471 4769 non

118 4798 226 4861 1111991.
316 4852 319 4857 .
