3278 5542
660 113 825 171 humo„
1126 98 1129 106 λ
1370 111 1413 183 43

60 275 160 356 piaris
192 293 253 339 nou
283 275 387 340 dubito
423 275 493 356 quio
524 282 617 340 antea
646 274 779 338 habeas:
812 293 904 358 quare
931 274 1019 339 iacile
1046 274 1169 356 patior,
1197 282 1231 341 nt
1252 275 1415 340 difficultas

58 363 289 428 uanamittaudi
310 382 365 445 per
387 373 504 428 tautum
526 364 718 427 intervallum
741 385 761 426 a
782 365 928 427 mittendo
951 384 998 427 me
1022 372 1139 427 avocet.
1163 365 1292 428 Tuorum
1315 373 1415 427 autem

58 472 185 534 operum
200 453 238 516 ad
253 472 308 516 uos
322 454 396 516 uihil
409 455 577 534 perfertur3
602 472 736 535 quaeque
751 453 787 515 de
803 462 834 516 te
848 454 989 527 sciebam,
1014 472 1052 514 ex
1065 454 1228 516 Maestlino
1242 453 1414 517 didiceram.

56 543 159 607 Dahis
183 543 275 622 igitur
298 543 424 617 reniam,
449 543 475 606 si
499 543 605 624 quibus
628 543 658 605 in
682 542 755 605 locis
779 544 823 606 tui
842 542 970 606 nominis
992 543 1172 605 mentionem
1196 543 1310 607 iaciens
1333 543 1415 624 inju-

55 633 135 695 riam
160 633 218 695 tihi
241 642 369 713 tuaeque
392 632 551 715 hypothesi
575 633 693 695 faciam.
739 632 833 695 Plura
860 633 1006 696 dicturum
1039 632 1297 714 quaesiturumque
1326 652 1414 696 reve·

56 721 159 784 reatin
182 740 230 784 me
253 722 375 784 retinet.
419 722 515 801 Aperi
539 721 667 785 luctanti
700 721 765 783 voci
798 722 877 784 viam
910 720 1032 801 scriptis
1063 724 1100 783 ad
1134 740 1181 783 me
1203 721 1414 802 paucissimis:

59 811 174 873 elicies
200 811 287 884 enim,
312 818 346 872 ut
368 810 424 872 tibi
443 811 656 885 demonstrem,
681 818 794 893 quanto
814 810 871 873 sim
892 810 1025 872 discendi
1050 829 1138 890 quam
1153 810 1251 873 laudis
1268 811 1413 890 cupidior.

59 900 149 976 Vale,
175 898 234 961 Vir
256 899 449 974 nobilissime,
474 918 598 981 meaque
621 901 677 963 tihi
701 899 801 962 studia
824 899 1031 962 commendata
1053 899 1140 961 habe.

149 988 255 1052 idibus
277 989 351 1052 Dec.
379 985 474 1053 1597.
805 1058 811 1075 ,

361 1077 540 1141 nobilitatis
564 1086 595 1141 et
617 1077 836 1157 Magnitudiuis
858 1077 941 1138 Tuae
964 1077 1126 1139 Reverent.

698 1189 704 1211 ·
805 1167 851 1230 M.
876 1166 1017 1230 Ioannes
1036 1164 1210 1248 Keplcrua,

598 1252 644 1317 iil.
670 1252 792 1338 Styriae
816 1256 979 1318 Procerum
1002 1256 1033 1317 iu
1058 1252 1224 1338 Gymnasio
1249 1250 1414 1316 Graecensi

889 1343 1135 1407 Mathematicus.

125 1516 290 1583 (Inscmptiez
308 1516 368 1568 Viro
386 1515 543 1570 Nobilissimo
561 1525 588 1570 et
605 1519 769 1583 amplissimo,
788 1519 895 1571 Domino
912 1520 1025 1585 Tychonl
1043 1519 1126 1572 Brahe
1145 1519 1235 1578 Dauo,
1253 1518 1414 1571 Mathemati-

54 1605 138 1642 eorum
159 1589 276 1654 Principi,
296 1589 329 1641 ad
346 1603 443 1639 manus.
481 1589 510 1641 Iu
531 1588 727 1652 Denuemarck.)

123 1661 234 1725 Tycha,
252 1663 347 1728 ςιιιιιι
365 1673 462 1727 agens,
480 1663 608 1727 epistolam
625 1663 749 1719 reddidit,
766 1675 840 1728 quam
858 1668 937 1714 tetam
954 1664 996 1714 hic
1013 1664 1169 1715 inserendam
1187 1678 1334 1719 censemur.
1360 1677 1416 1714 cum

55 1748 99 1785 roa
129 1740 237 1783 nutum
263 1734 323 1783 insit
350 1732 474 1798 Tyohouis
497 1734 648 1787 celeberrimi
673 1740 727 1784 ιιιιιι
751 1737 867 1800 temporis
892 1737 1025 1786 mrouomi
1050 1736 1082 1786 de
1100 1735 1202 1801 Kepleri
1223 1737 1325 1800 juvenili
1342 1749 1416 1798 opera

54 1806 192 1869 ιιιιιιιιιιι.
213 1802 258 1855 aad
276 1806 351 1855 attam
369 1806 536 1858 muouomica
552 1807 676 1871 quaedam
694 1807 725 1856 de
742 1808 848 1856 motibus
865 1807 1039 1872 planetarum,
1063 1812 1091 1858 et
1108 1809 1139 1858 de
1156 1808 1212 1864 ilia,
1239 1822 1313 1872 quam
1332 1806 1414 1857 Ptole·

57 1891 161 1934 mam,
190 1874 340 1941 Coperuiour
359 1883 384 1926 et
401 1875 513 1927 Braheus
530 1879 584 1943 ipse
602 1883 743 1928 statuerant
759 1878 844 1929 muudi
862 1879 976 1936 ratione,
1003 1880 1090 1945 quibua
1114 1890 1159 1945 per
1182 1893 1208 1928 se
1229 1888 1254 1929 et
1271 1885 1414 1942 propterte

60 1947 116 2001 had
147 1947 339 1998 contemnendis
371 1946 472 1998 additae
502 1956 560 2000 suut
582 1951 757 1999 mnotatiemes
783 1948 884 2013 Keplerl
914 1952 939 2000 lu
967 1952 1080 2016 margine
1107 1950 1226 2014 epistolas
1255 1949 1414 2013 Tychouioae

62 2033 127 2070 nura
146 2020 250 2084 propria
268 2019 407 2084 adscriptae
426 2015 499 2084 (quas
519 2021 636 2085 appositis
653 2021 731 2072 literis
749 2025 817 2071 a-u
836 2020 974 2072 addidimus
993 2029 1078 2072 annot
1100 2019 1154 2079 1³).

119 2090 199 2141 Haeo
213 2096 296 2140 ιιιιιιι
308 2091 452 2140 conturba
463 2091 604 2154 Tychonie:
623 2091 649 2144 S.
659 2091 687 2141 P.
701 2092 871 2142 Eruditieaime
883 2100 910 2143 et
919 2095 1131 2158 praestantissime
1141 2092 1202 2148 vira
1220 2092 1308 2141 literae
1321 2096 1381 2140 tuae
1399 2105 1415 2142 e

60 2162 137 2226 terna
157 2161 196 2211 Id.
217 2160 280 2211 Dec.
299 2163 428 2226 superioris
453 2164 512 2212 anni
540 2162 573 2214 ad
594 2178 636 2214 me
654 2164 729 2214 datu
748 2165 815 2215 circa
832 2165 904 2216 initia
920 2163 1006 2216 Martii
1023 2179 1068 2230 par
1084 2164 1240 2215 tabellarium
1258 2161 1414 2214 Helmatadio

59 2235 195 2284 enisum
215 2232 274 2282 mihi
292 2233 404 2283 redditae
422 2240 495 2289 sunt,
517 2249 581 2300 quae
603 2241 701 2299 praeter
719 2236 855 2287 doctrinam
875 2244 902 2287 et
919 2237 1101 2288 humanitatem
1119 2236 1273 2303 singularem,
1287 2249 1348 2298 erga
1364 2248 1413 2289 me.

59 2306 109 2356 teet
127 2304 176 2354 tihi
195 2304 227 2354 de
245 2304 310 2355 iacis
328 2306 440 2369 ignotum
458 2311 484 2354 at
502 2305 575 2370 louge
594 2307 715 2365 dissitum,
734 2313 863 2358 testantur
879 2308 1082 2365 benevolentiam,
1101 2321 1149 2372 quo
1167 2309 1242 2356 etiarn
1255 2306 1354 2356 uomina
1367 2305 1411 2354 tibi

60 2377 149 2442 gratias
167 2373 259 2426 habeo.
295 2375 395 2426 Librum
414 2383 493 2433 tuum,
511 2393 583 2441 quem
600 2377 759 2429 Prodromum
776 2393 850 2430 rocas
869 2379 1066 2430 ιιιιιιιιιιιοιιιιιιι
1078 2378 1343 2443 cosmographicorum,
1360 2380 1413 2440 lam

62 2456 131 2498 ιιιιι
150 2447 271 2503 riderem.
291 2453 317 2496 et
334 2453 453 2511 quantum
473 2448 537 2498 ellae
555 2450 731 2513 occupationes
749 2450 863 2500 terebant
879 2451 1040 2517 perlegeram.
1068 2448 1157 2501 Placet
1173 2451 1195 2498 is
1212 2463 1274 2499 sane
1292 2463 1342 2498 non
1359 2462 1412 2497 me·

63 2518 180 2572 duamur.
200 2525 228 2568 et
245 2519 338 2583 ingenii
356 2519 392 2568 tui
411 2533 516 2569 acumen
535 2534 661 2586 sagaxque
679 2521 787 2570 studium
804 2538 854 2572 uon
872 2524 974 2573 obscure
986 2522 1044 2572 hinc
1056 2522 1169 2572 elucente
1188 2528 1217 2570 ut
1229 2521 1259 2570 de
1272 2521 1335 2582 stylo
1347 2525 1413 2569 terro

64 2603 88 2639 ac
103 2589 212 2639 rotundo
230 2589 292 2638 nihil
311 2590 400 2640 dicam.
437 2589 571 2655 Ingeniosa
588 2599 654 2642 certe
673 2599 699 2643 et
716 2594 845 2644 succincta
868 2601 907 2644 est
928 2594 1080 2659 speculatio,
1104 2594 1259 2657 planetarum
1282 2591 1413 2640 distantias

65 2669 85 2710 et
99 2662 220 2712 circnma
238 2662 386 2723 symmetriis
404 2662 553 2727 regularium
571 2677 715 2727 eorpomm,
742 2666 778 2713 uti
797 2666 871 2717 iacis.
897 2665 1064 2730 adstringere,
1089 2671 1114 2714 et
1131 2664 1236 2728 plurima
1253 2664 1279 2711 iu
1297 2663 1334 2711 his
1352 2663 1414 2710 satia

66 2735 193 2782 omenure
214 2732 334 2790 ridentur,
354 2746 404 2782 uon
423 2734 546 2791 obstama
565 2735 628 2800 quod
641 2736 807 2800 proportiones
818 2736 984 2800 Coperuiceae
1002 2751 1046 2801 per
1063 2736 1147 2785 omnia
1157 2737 1183 2784 ιιι
1195 2735 1301 2782 minimis
1312 2732 1412 2796 quibus-

66 2817 102 2866 que
118 2804 187 2854 haud
205 2804 297 2868 ubique
315 2803 495 2868 adstipulantur
513 2801 567 2866 (a):
598 2820 654 2857 cnm
679 2820 725 2857 eae
750 2808 782 2856 ab
800 2810 858 2872 ipsis
878 2810 952 2858 ιιιιιιι
971 2809 1123 2872 apparentiis
1140 2806 1249 2856 nonnihil
1268 2805 1411 2855 deflectant

67 2872 136 2934 Quare
148 2875 227 2925 laudo
238 2875 305 2925 hauc
316 2882 385 2924 tuam
398 2878 423 2926 ιιι
436 2877 604 2942 excogitandis
621 2877 836 2944 perquirendisque
855 2880 945 2930 talibus
963 2879 1125 2944 diligentiam.
1153 2879 1193 2927 An
1204 2891 1260 2926 rero
1271 2890 1316 2940 per
1330 2875 1414 2924 omnia

67 2946 90 2993 is
104 2946 312 3012 acquiescendum
330 2947 375 3007 sit,
395 2963 445 2996 uon
463 2949 500 2998 ita
517 2948 591 2999 iacile
610 2949 718 3000 dixerim.
756 2949 781 3000 Si
800 2953 906 3001 veriores
924 2952 1136 3002 ecoeutrieitatum
1154 2955 1312 3012 utrarumque
1324 2949 1349 2996 iu
1362 2947 1412 2995 siu·

68 3017 116 3080 griis
132 3019 243 3082 planetis
263 3021 527 3078 commemorationes,
555 3020 640 3085 quales
667 3021 774 3085 plurimis
793 3024 864 3072 aunis
883 3024 1033 3088 conquisitas
1051 3023 1077 3070 iu
1095 3026 1191 3084 promtu
1213 3021 1314 3076 habeo,
1342 3017 1412 3068 adhi-

69 3087 166 3147 beantur,
184 3095 304 3154 poterunt
322 3092 499 3140 secundorum
517 3092 543 3140 in
562 3092 600 3141 his
618 3093 737 3142 tmtinam
755 3093 876 3143 exhibere.
913 3094 1006 3144 Verum
1024 3093 1082 3142 mihi
1094 3094 1120 3142 in
1133 3087 1284 3156 complendis
1297 3097 1323 3140 et
1335 3090 1411 3139 eden·

69 3157 94 3207 ds
108 3163 169 3211 meis
188 3160 303 3224 operibus
322 3163 510 3220 astronomicis,
537 3177 602 3227 qnae
620 3165 646 3213 ln
665 3162 749 3214 Dauia
766 3165 944 3228 quodammodo
963 3164 1108 3228 imperfecta
1124 3163 1285 3228 reliqueram,
1304 3174 1410 3224 occupa·

68 3232 155 3294 ιιιιιω,
173 3247 226 3282 nou
244 3234 353 3295 suppetit
370 3247 436 3284 nunc
455 3235 540 3289 ouum,
551 3248 590 3305 ¹ea.
608 3236 763 3285 accuratiore
781 3236 839 3285 lima
857 3238 922 3287 inter
933 3251 961 3287 se
974 3235 1131 3286 conterendi:
1150 3235 1195 3285 het
1205 3235 1251 3285 hoc
1265 3234 1327 3283 torte
1340 3233 1411 3283 alita

70 3299 183 3354 llautm
202 3311 230 3353 te
246 3304 308 3353 seire
322 3303 394 3353 velim
407 3301 455 3366 (b),
470 3307 669 3357 ecoeutrieitatea
682 3307 749 3370 ipsas
761 3308 887 3372 utriusque
899 3309 971 3368 illius,
990 3314 1019 3356 ut
1031 3309 1066 3357 sic
1078 3321 1145 3357 nuuc
1157 3307 1251 3370 loquar,
1271 3305 1413 3359 ecoeutrici,

72 3387 114 3435 pas
130 3375 283 3440 (loperuicus
301 3375 374 3439 paulo
394 3376 465 3426 aliter
483 3379 625 3434 excusarit,
654 3393 704 3427 nou
722 3377 814 3428 hahere
832 3393 876 3429 eas
895 3381 1050 3430 adinvicem
1068 3379 1248 3443 proportiones,
1267 3382 1296 3425 ιιι
1312 3388 1365 3424 ιιι
1381 3375 1414 3423 ιιι

74 3443 152 3496 teum
168 3447 250 3496 tertia
266 3461 338 3509 parer
368 3447 444 3496 veluti
462 3463 492 3498 ex
510 3448 652 3500 Ptolemaeo
670 3451 691 3498 is
709 3449 817 3499 deduxit.
854 3446 949 3501 Neuter
965 3465 1022 3500 rere
1042 3463 1126 3500 eornm
1144 3450 1338 3499 demonstratum
1355 3445 1433 3495 reli·.

74 3517 119 3576 a&
146 3517 199 3568 aso
218 3517 282 3567 haee
301 3518 377 3567 aliam
393 3520 458 3568 inter
475 3534 503 3570 se
520 3519 615 3570 habent
631 3521 753 3570 rationem
771 3528 797 3570 et
815 3523 840 3571 in
859 3523 961 3586 singulis
978 3522 1075 3573 rariaut
1094 3516 1141 3582 (c).
1178 3518 1266 3583 Neque
1281 3519 1348 3566 enim
1360 3523 1412 3566 tres

72 3589 218 3651 tuouyehiae
236 3590 428 3644 observationes.
445 3596 502 3640 utut
519 3593 584 3642 luter
601 3606 627 3640 ss
645 3592 671 3640 ιιι
690 3594 829 3642 ecoeutrioo
848 3589 924 3658 (quod
942 3589 1065 3657 praestat)
1085 3597 1213 3644 remotae.
1233 3589 1360 3638 sufficiunt
1379 3587 1411 3636 ad

68 3659 125 3709 tiam
141 3662 295 3724 superiorum
312 3661 467 3724 planetamm
485 3677 600 3728 apogaea
619 3659 694 3727 (quae
713 3665 788 3712 etiam
807 3679 857 3713 nou
874 3666 961 3727 paucis
979 3663 1095 3729 gradihus
1113 3669 1166 3711 tam
1188 3660 1308 3725 Alphousi
1335 3672 1411 3723 quarn

67 3725 180 3793 Coperuici
197 3732 294 3796 placita
312 3732 415 3782 coelitus
435 3730 547 3795 eludunt)
568 3743 593 3784 et
611 3735 808 3784 ecoeutrieitates
827 3737 913 3785 ambas
932 3736 964 3786 ad
984 3735 1100 3784 amussim
1119 3732 1292 3788 extricandase
1310 3730 1355 3781 aed
1367 3743 1412 3794 per

65 3806 130 3852 tium
147 3804 215 3852 orbis
233 3804 362 3854 circuitum
380 3805 406 3853 iu
424 3805 532 3868 plurimis
549 3805 609 3855 locis
627 3805 690 3855 liaeo
709 3807 858 3870 experiunda
875 3809 977 3857 reninnt
996 3803 1055 3867 (d),
1084 3803 1157 3855 relati
1186 3818 1203 3855 a
1226 3804 1296 3853 nobis
1314 3815 1409 3867 quoque

64 3871 145 3924 ιιαιιιι
165 3882 220 3931 ests
237 3874 309 3931 adeo,
327 3881 357 3925 ιιι
374 3877 450 3926 edam
467 3877 603 3943 tardigradi
621 3877 686 3926 iilius
699 3875 799 3927 Saturni
818 3879 945 3929 circuitum
965 3878 1180 3941 expectares-imos.
1217 3874 1284 3925 Nam
1304 3874 1410 3924 eundem

64 3940 103 3993 doli
119 3947 147 3996 is
166 3947 215 4001 Δ
235 3949 372 4009 oppositum
391 3955 449 3997 aute
469 3962 547 3998 annos
565 3946 598 3997 ²9
618 3950 745 4013 Augustae
764 3948 948 4000 vindelicorum
966 3949 1098 4015 diiigenter
1123 3948 1265 4006 ohterrari,
1293 3945 1411 4011 quemad-

62 4016 151 4066 udum
169 4024 196 4067 et
214 4031 294 4075 nunec
322 4019 360 4067 uti
378 4019 454 4068 etiam
473 4021 498 4069 in
516 4020 666 4070 intermediis
685 4020 838 4082 acronychiis
857 4021 1067 4086 dispositionibus,
1087 4024 1206 4083 quotquot
1222 4018 1315 4067 habere
1333 4016 1410 4074 boort,

62 4084 83 4134 ia
104 4094 158 4138 toto
184 4088 278 4139 boreali
304 4090 474 4148 semicirculo,
503 4091 576 4141 nullis
599 4092 697 4140 omnino
715 4094 900 4153 praetermissis.
939 4091 1153 4153 Quemadmodum
1173 4091 1249 4140 stiam
1267 4089 1293 4138 iu
1311 4087 1412 4151 reliquia

62 4156 147 4209 iuobm
164 4160 289 4223 planetis,
315 4175 415 4224 quorum
434 4163 549 4212 circuitus
567 4164 654 4212 minori
673 4162 795 4212 clauditur
812 4169 930 4227 tempore.
966 4162 1053 4212 Habeo
1072 4162 1181 4211 enimin
1200 4166 1298 4225 promtu
1317 4155 1350 4206 35
1365 4173 1410 4208 an·

61 4243 139 4279 norum
157 4232 339 4281 observationes
357 4232 476 4283 coelestes
494 4231 532 4295 (e)
551 4234 609 4285 inde
627 4234 659 4283 ab
678 4233 847 4283 adolescentia
863 4235 962 4284 iactae:
981 4248 1083 4297 quarum
1101 4230 1135 4281 25
1148 4233 1294 4296 posteriores
1318 4243 1412 4293 magna

62 4303 213 4352 recuratione
230 4303 340 4366 pollent:
368 4319 428 4369 quaa
456 4320 540 4356 omues
566 4320 616 4355 uou
634 4304 740 4371 vulgaris
758 4305 867 4357 mesauri
885 4305 939 4356 loco
959 4319 1092 4361 conservo,
1122 4310 1148 4354 et
1168 4304 1226 4354 hino
1245 4301 1410 4352 astronomiae

61 4375 260 4423 summationem
278 4373 370 4423 molior.

124 4443 161 4494 Ut
181 4460 238 4495 raro
261 4444 292 4493 de
310 4445 391 4496 Marte
415 4446 506 4512 aliquid
529 4447 633 4513 exempli
656 4447 710 4498 loco
735 4447 844 4505 addam,
873 4461 929 4496 cum
957 4446 1130 4497 iamaximam
1149 4447 1247 4511 ingerat
1265 4444 1410 4495 varietatem

61 4520 128 4578 atqua
145 4516 211 4566 iuter
228 4516 323 4566 coelum
340 4524 368 4567 st
384 4518 482 4568 tabulas
501 4520 692 4583 discrepantiam
712 4519 800 4570 ceteris
819 4518 1011 4574 eridentiorem,
1039 4518 1106 4567 solas
1130 4523 1227 4567 tantum
1251 4515 1355 4571 abesse,
1382 4519 1411 4564 ut

61 4587 110 4647 eius
136 4588 308 4638 οωιιιιιοιιιι
330 4589 364 4637 ιιι
389 4591 468 4639 minor
492 4591 589 4642 reddita
614 4589 698 4654 (prout
724 4589 800 4639 voluit
818 4589 984 4654 Gopemicus,
1011 4603 1059 4653 quo
1076 4601 1137 4639 suae
1153 4587 1326 4653 imaginationi
1343 4586 1410 4636 cirea

60 4658 162 4720 quatem
178 4656 242 4710 Solis
261 4657 335 4709 iidem
352 4657 467 4722 iaceret),
485 4670 514 4713 ut
531 4662 612 4728 potius
631 4675 697 4713 nuno
716 4661 841 4730 aliquanto
859 4663 939 4725 maior
957 4662 997 4717 ait,
1017 4673 1091 4727 quam
1103 4672 1142 4717 ea,
1161 4673 1225 4726 quae
1238 4672 1255 4711 a
1266 4656 1409 4709 Ptolemaeo
