3278 5542
479 1519 984 1624 Pnoonmum

141 1915 250 2053 Quem
283 1964 312 2025 in
347 1966 523 2047 colligendis
554 1967 678 2048 Kepleri
711 1968 850 2049 operibus
884 1969 1011 2049 primum
1046 1969 1073 2031 iu
1110 1969 1206 2031 lucem
1239 1969 1412 2032 vocavimus

59 2069 197 2144 libellum,
224 2079 273 2132 est
296 2071 346 2133 ille
371 2073 488 2155 quidem
512 2095 530 2134 a
549 2075 660 2153 juvene
684 2074 883 2155 conscriptus,
907 2077 1066 2157 multisque
1091 2075 1166 2137 loeis
1190 2075 1277 2156 signa
1299 2075 1412 2154 ingenii

63 2176 183 2238 nondum
207 2178 394 2241 corroborati
417 2181 530 2243 refert:
563 2190 597 2243 at
619 2182 724 2243 eodem
747 2190 779 2244 et
801 2178 898 2258 illins,
929 2203 986 2264 qno
1009 2184 1197 2263 conscriptus
1221 2192 1282 2258 est,
1306 2182 1411 2257 seculi,

58 2291 87 2344 et
107 2285 243 2346 auctoris
267 2287 359 2367 ipsius
378 2288 490 2368 ingenii
508 2288 647 2369 vitaeque
663 2289 817 2352 acerrimis
836 2289 1081 2370 gravissimisque
1100 2289 1208 2352 studiis
1228 2290 1412 2352 exercitatae

57 2399 86 2451 et
107 2392 287 2454 nobilitatae
308 2394 494 2457 verissimam
513 2395 673 2477 imaginem
691 2397 840 2459 intuemur
854 2416 1038 2478 expressam,
1064 2398 1152 2479 quid?
1176 2398 1280 2459 eodem
1299 2396 1411 2472 libello,

58 2505 199 2579 tanquam
224 2519 244 2560 a
267 2499 363 2575 fonte,
386 2502 556 2581 posteriora
579 2522 671 2583 opera
694 2504 738 2565 ita
761 2510 832 2564 sunt
855 2503 1005 2578 derivata,
1031 2512 1077 2572 ut,
1107 2524 1126 2566 a
1149 2523 1206 2585 qno
1230 2503 1412 2565 edendorum

59 2602 179 2684 Kepleri
203 2623 325 2685 opernm
349 2608 483 2669 ordinem
512 2609 711 2689 auspicemur,
743 2609 790 2671 hic
822 2610 886 2689 ipse
916 2609 1036 2671 libellus
1063 2610 1202 2672 videatur
1225 2608 1411 2691 aptissimus.

58 2707 251 2791 Quantopere
275 2713 354 2774 enim
377 2733 461 2776 mens
486 2715 616 2777 hnmana
639 2716 836 2789 contenderit,
860 2725 901 2790 nt,
927 2716 1033 2797 quibus
1052 2716 1219 2778 constricta
1242 2691 1412 2790 tenebatur,

59 2820 177 2881 mocula
200 2819 360 2900 frangeret,
386 2840 490 2885 recens
513 2831 602 2902 parta
625 2830 759 2885 tueretur
782 2831 815 2884 et
837 2830 986 2896 servaret,
1007 2822 1100 2902 jactis
1124 2822 1327 2883 fundamentis
1352 2821 1413 2883 alia

60 2933 289 3005 superstrueret,
314 2936 387 3008 quot
400 2928 577 3011 quantisque
595 2949 664 2991 vero
679 2949 745 2991 curn
764 2929 991 2992 difficultatibus
1015 2929 1107 2991 menti
1131 2929 1170 2990 ad
1194 2928 1319 2991 meliora
1341 2937 1412 2989 ten-

62 3031 139 3094 denti
164 3032 256 3095 inerit
278 3032 524 3111 conflictandum,
555 3055 642 3117 quum
666 3036 758 3098 seculi
782 3035 890 3099 decimi
914 3037 993 3098 sexti
1016 3026 1188 3098 memoriam
1211 3033 1414 3097 recolentibus

63 3148 214 3220 appareat,
239 3149 301 3202 tnm
325 3161 362 3203 cx
385 3142 511 3223 singulis
531 3142 620 3223 hujus
631 3142 733 3221 ,libelli
746 3144 877 3223 plagulis
897 3144 1005 3206 elucet.
1042 3142 1262 3204 Dominabatur
1277 3143 1339 3204 iere
1354 3161 1414 3204 una

63 3247 223 3310 inscbolis
250 3248 441 3330 philosophia
463 3250 679 3324 Aristotelica‚
708 3258 906 3331 perangusto,
936 3249 966 3311 in
994 3268 1081 3329 quem
1109 3256 1314 3323 excurrerent,
1345 3248 1413 3310 aliis

62 3373 162 3436 eampo
186 3373 349 3430 concesa03
379 3363 501 3439 praeter
523 3376 636 3438 paucos
659 3357 754 3432 viros,
785 3357 834 3438 qui
858 3377 911 3419 sno
935 3356 1119 3419 confiderent
1141 3352 1275 3435 ingenio,
1307 3355 1414 3437 reliqui

61 3481 158 3525 omnes
182 3462 275 3526 alieni
298 3473 385 3526 erant
408 3463 537 3526 arbitrii.
574 3465 608 3526 In
633 3465 857 3540 mathematica,
882 3463 939 3526 nisi
962 3463 1000 3524 ab
1024 3462 1148 3525 Euclide
1173 3469 1205 3524 et
1218 3462 1412 3537 Archimede,

63 3569 130 3632 mil
143 3569 329 3659 suppetebat
343 3569 463 3644 anxilii3
483 3570 656 3649 algebraica
675 3571 752 3635 ratio
767 3590 873 3652 parum
888 3571 985 3633 adhuc
1006 3572 1088 3633 culta
1104 3589 1171 3632 raro
1187 3569 1216 3631 in
1231 3568 1415 3649 geometriae

71 3676 408 3753 nsnmtransferebatur,
432 3676 614 3757 legarithmi,
639 3695 696 3757 quo
712 3696 770 3738 non
786 3676 891 3738 melius
908 3675 1059 3737 inventurn
1079 3683 1127 3735 est
1146 3673 1185 3735 ad
1206 3672 1415 3735 subducendos
1477 3668 1480 3673 ’

69 3782 189 3846 aarum
204 3781 356 3859 auxilinm,
381 3782 511 3844 nondum
528 3782 556 3843 in
572 3791 688 3861 promtu
707 3791 808 3855 erant;
833 3781 1016 3861 geometrica
1034 3781 1151 3842 ratione
1170 3798 1261 3858 aegre
1286 3797 1414 3860 quaere-

64 3887 180 3967 bantur,
214 3909 291 3971 qnae
314 3888 419 3953 lustris
443 3888 558 3969 aliquot
579 3896 650 3973 post
672 3889 722 3950 via
745 3887 968 3968 compendiaria
991 3887 1084 3948 oeulis
1108 3893 1140 3947 et
1164 3885 1302 3947 maribus
1325 3894 1414 3948 tene-

63 3995 178 4060 bantur.
229 3995 264 4057 In
293 3995 479 4057 astronomia
505 4015 580 4058 unus
608 3994 786 4057 laudabatur
814 3995 1022 4068 Ptolemaeus,
1056 4012 1110 4055 neo
1143 3991 1201 4054 nisi
1233 3992 1321 4071 pauci
1349 4012 1415 4054 cum

63 4100 228 4184 Copernieo
245 4100 344 4165 facere
359 4101 519 4165 audebant.
557 4101 752 4181 Astrologiae
769 4108 869 4163 autern
888 4100 916 4161 in
937 4100 1114 4162 servitutem
1137 4099 1182 4160 ita
1206 4106 1326 4160 asserta
1349 4106 1417 4160 erat

62 4208 259 4281 asuonomia,
286 4218 334 4286 nt,
363 4208 470 4290 quibus
492 4210 570 4271 hanc
593 4208 719 4270 docendi
742 4226 846 4269 munus
874 4206 992 4288 publice
1020 4205 1194 4268 mandatum
1222 4212 1302 4280 erat,
1333 4204 1415 4267 illam

61 4317 235 4398 impugnare
258 4317 344 4379 nefas
369 4324 460 4379 esset.

152 4421 269 4495 Quibus
292 4422 329 4485 de
353 4421 452 4485 causis
476 4421 506 4483 in
528 4421 702 4502 disciplinis,
727 4440 801 4501 quas
822 4420 959 4494 diximus,
985 4417 1099 4497 siquid
1124 4418 1192 4479 novi
1216 4423 1300 4478 esset
1324 4435 1415 4478 exco-

60 4532 201 4612 gitatum,
225 4530 257 4592 id
279 4531 309 4593 in
333 4548 419 4592 suam
438 4549 500 4593 rem
515 4536 632 4590 vertere
648 4539 680 4590 et
694 4545 813 4607 augere,
838 4527 864 4587 si
888 4526 958 4607 qnid
982 4531 1065 4586 esset
1087 4523 1238 4592 vitiosum,
1263 4521 1292 4583 id
1313 4540 1415 4584 ernen-

60 4638 146 4715 dare,
169 4636 375 4702 difficillimum
398 4635 490 4698 fuisse
510 4635 610 4697 seculo
625 4634 704 4696 XVI
722 4632 849 4714 ingeniis
869 4633 908 4693 ad
932 4632 1057 4694 meliora
1080 4629 1253 4704 nitentibus,
1278 4635 1416 4708 apparet.

59 4744 127 4809 Set
147 4742 243 4807 habet
264 4762 350 4807 mens
373 4751 477 4806 nostra
495 4752 603 4805 natura
621 4741 746 4804 sublime
762 4740 901 4821 quiddam
916 4748 947 4801 et
969 4746 1109 4811 erectum,
1134 4746 1167 4797 nt
1188 4734 1416 4797 difficultatibus

59 4849 193 4935 obinde
213 4867 274 4915 non
296 4848 459 4932 alligatur.
484 4849 537 4912 sed
561 4856 665 4912 eontra
687 4847 802 4913 nitendi
826 4846 983 4909 alacritate
1001 4843 1188 4916 incendatur,
1212 4849 1246 4903 ut
1269 4838 1417 4901 destituta

133 4950 337 5007 mml-
1191 4945 1202 4994 ¹

583 5126 682 5293 le
