3278 5542
623 316 924 382 rememores·
1389 313 1454 382 sss

98 472 166 527 ml.
197 473 264 529 utos
288 475 314 524 irs
335 472 366 525 X.
397 487 445 523 usn
464 481 557 525 ustura
573 487 634 530 sna.
663 473 707 525 ssd
727 471 775 524 Dei
793 473 921 527 wtnntsss
945 473 979 523 illl
1005 474 1129 525 verim
1147 488 1227 529 rernm
1246 474 1454 540 significationem

98 544 254 604 snribsems.

151 614 238 665 ⁴Esse
254 617 293 664 its
311 628 380 670 esse,
408 616 530 677 scriptura
548 621 666 669 testetur.
695 629 774 677 quae,
803 616 827 663 iu
847 617 920 680 signa
942 631 991 665 non
1011 630 1100 666 causas
1124 625 1228 685 egentes
1248 618 1380 668 luminaria
1398 634 1454 669 cnm

98 687 172 737 stellis
190 689 272 750 posits
290 700 360 745 esse,
388 685 454 734 clsre
473 686 561 734 innuit.
600 684 683 745 Quare
702 687 774 734 nimis
793 699 903 735 crassum
921 692 960 736 est
978 693 1004 736 et
1023 688 1137 744 carnale,
1157 689 1240 737 omnis
1257 688 1307 737 Dei
1326 703 1402 752 opera
1421 691 1453 739 sd

98 770 187 809 sensu
205 757 320 821 physicas
338 762 384 805 sut
401 755 569 819 philosophias
587 763 708 806 stateram
726 758 817 807 reterre
835 758 906 807 selle.
945 758 1065 818 Vidimus,
1085 772 1159 822 quum
1178 760 1302 809 invalidae
1320 762 1371 809 sint
1388 759 1448 823 phy·

98 830 202 883 bum
221 835 266 878 aut
282 826 480 892 pbilosophorum
497 829 607 877 ratioms
626 828 758 878 demulsis
778 828 825 876 Dei
845 830 972 891 operibus,
992 837 1017 878 et
1035 832 1164 889 metensis,
1189 837 1218 880 ut
1236 831 1352 887 lubnins.
1371 833 1452 881 ventis

98 900 204 955 nolim
241 899 279 951 Ex
296 899 372 952 unies
389 897 478 948 rocula
498 900 540 958 ,in
558 899 650 963 signis“
677 899 756 949 multa
775 907 922 964 arguments
940 900 1048 964 depromi
1067 908 1186 964 possunt.
1215 916 1279 965 quse
1298 916 1328 951 ex
1347 901 1451 966 philoso-

98 966 175 1036 phicis
193 971 292 1020 arcanis
311 970 373 1019 satis
391 968 542 1019 sufficienter
559 969 618 1019 solvi
637 978 770 1035 nequeunt.

100 1111 106 1119 ,
183 1041 389 1121 Keplerus:
428 1039 511 1119 Ego,
544 1048 651 1102 contra
683 1060 771 1120 quam
801 1042 948 1121 opinaris,
984 1060 1037 1103 nec
1060 1043 1189 1122 primas,
1226 1060 1280 1104 nec
1305 1044 1453 1106 secundas

98 1126 162 1195 soli
185 1129 282 1192 tribuo
308 1129 336 1191 in
361 1130 471 1191 virtute
496 1128 591 1202 vitali,
617 1129 669 1190 sed
695 1131 770 1205 dicu,
796 1140 861 1192 toto
885 1149 995 1209 genere
1011 1132 1124 1193 distare
1140 1131 1357 1195 stimulatrices
1376 1153 1449 1195 cau·

98 1236 147 1282 sss
171 1220 322 1281 coelestes
346 1240 365 1280 a
387 1217 576 1297 praesidibus
601 1218 700 1280 causis
724 1220 945 1292 sublunaribns,
971 1220 1064 1281 vitam
1085 1221 1308 1282 continentibus
1334 1230 1365 1282 et
1383 1222 1452 1283 illos

98 1307 238 1370 stimulos
274 1306 496 1386 recipientibus.
548 1306 638 1368 Aliae
673 1307 773 1388 itaque
808 1308 890 1388 leges
924 1317 994 1370 sunt
1026 1310 1102 1371 alius
1136 1329 1292 1371 causarum
1325 1311 1453 1390 generis.

98 1394 163 1473 Sol,
188 1405 337 1478 qnatenus
361 1396 499 1457 stimulat
523 1396 599 1457 lianc
624 1396 691 1468 viur,
718 1416 791 1457 sane
815 1419 852 1458 ex
877 1397 936 1459 situ
961 1398 1059 1459 variat
1083 1398 1339 1473 stimulationem
1375 1419 1452 1481 qua-

98 1499 183 1548 lenus
209 1483 332 1546 calfacit
356 1493 478 1546 externe
503 1485 639 1564 objecta,
674 1485 781 1547 iterum
807 1487 888 1548 uarie
913 1487 1051 1547 stimulat
1079 1506 1131 1566 pro
1156 1489 1239 1549 vario
1264 1486 1341 1559 situ,
1375 1508 1452 1569 qua-

98 1592 182 1636 'euus
211 1592 282 1635 vero
311 1592 364 1635 ceu
393 1573 623 1634 instrumentum
655 1582 702 1636 est
734 1576 862 1636 tuendae
891 1575 971 1636 vitae
1004 1575 1033 1637 in
1068 1577 1273 1648 naturalibus,
1307 1597 1364 1638 uon
1397 1596 1453 1659 pro

98 1662 164 1739 sitsi,
191 1663 245 1724 sed
269 1662 436 1744 aequaliter
458 1661 515 1723 hoc
538 1661 629 1734 facit,
662 1663 732 1742 quia
754 1664 807 1724 illa
830 1664 949 1726 occulta
973 1663 1053 1725 vitae
1078 1666 1268 1727 conservatio
1293 1665 1452 1746 distingui-

98 1769 143 1813 ω
173 1771 194 1812 a
217 1752 296 1825 luce,
328 1769 383 1812 nec
415 1759 449 1812 ut
471 1752 522 1812 lux
546 1751 647 1828 opacis
671 1752 831 1831 impeditur·
862 1760 915 1814 aut
937 1755 1154 1833 repercutitur,
1187 1763 1241 1815 aut
1264 1755 1346 1834 leges
1371 1754 1452 1834 opti-

98 1859 147 1902 :as
172 1839 264 1901 subit.
311 1839 356 1901 Tu
380 1858 450 1902 vero
475 1839 619 1900 relaberis
654 1841 691 1901 ad
716 1851 797 1902 tuum
828 1841 997 1922 in‘geuium;
1035 1852 1194 1923 postquam
1227 1844 1372 1922 dogmata
1404 1844 1451 1904 in-

98 1927 258 1991 troduxisti
283 1947 321 1988 ex
344 1935 396 1989 tuo
420 1928 559 2002 cerebro,
587 1929 651 2007 jam
671 1929 761 2008 jubes
785 1930 845 1991 ista
870 1931 965 1992 Deum
989 1941 1039 1992 tuo
1064 1932 1129 1993 loco
1154 1932 1328 2006 defendere,
1359 1951 1452 2012 negas

98 2032 146 2097 pro
183 2016 269 2078 falsis
300 2016 402 2078 haberi
432 2034 541 2098 posse,
577 2037 643 2078 cum
676 2018 803 2092 dixeris,
840 2039 877 2079 ex
910 2018 1011 2081 divina
1042 2021 1188 2096 relatione
1222 2039 1298 2081 esse.
1351 2019 1452 2082 Proba

98 2120 185 2174 sero,
217 2124 256 2166 ex
279 2105 380 2166 divina
404 2105 550 2166 relatione
574 2125 661 2178 esse,
690 2116 722 2167 et
743 2125 798 2186 pro
828 2109 914 2169 falsis
939 2127 995 2169 uun
1025 2108 1151 2171 habebo.
1199 2110 1282 2170 Tuae
1305 2127 1377 2189 vero
1401 2128 1452 2171 re-

98 2194 217 2261 stionis
242 2193 362 2256 divinae
386 2213 509 2277 summa,
531 2196 605 2256 baec
635 2205 700 2257 est:
740 2205 772 2258 ut
802 2197 877 2277 lapis
906 2196 1091 2259 ordinatione
1121 2208 1152 2260 et
1179 2198 1371 2276 usurpatione
1394 2198 1451 2259 ho-

98 2282 205 2347 ninum
232 2303 270 2343 ex
299 2282 392 2345 limite
422 2283 456 2344 fit
484 2284 744 2362 impedimentum,
783 2286 826 2346 sic
856 2285 910 2347 Sol
942 2305 979 2346 ex
1012 2287 1094 2348 vitae
1127 2287 1233 2351 datore
1265 2286 1452 2349 ordinatione

98 2372 197 2447 lisina
228 2373 264 2432 lit
294 2377 475 2448 θαιασιμος.
526 2372 805 2449 Absurdissimum
843 2394 931 2454 nego.
983 2376 1098 2438 Probes
1131 2395 1225 2455 rreque
1257 2394 1296 2438 ex
1325 2384 1451 2439 naturae

98 2460 267 2543 Quinte,
308 2480 403 2541 neque
441 2480 479 2523 ex
514 2461 572 2523 Dei
610 2463 755 2525 bonitate.
811 2464 985 2526 Absurdum
1022 2465 1132 2539 etiam,
1176 2465 1202 2526 si
1239 2483 1358 2544 semper
1395 2464 1452 2526 boc

98 2550 144 2626 R,
168 2550 307 2612 naturale
331 2570 389 2611 nou
413 2562 501 2624 esse;
539 2551 651 2614 nullum
675 2551 839 2615 violentum
862 2563 1052 2633 perpetuum,
1084 2563 1118 2617 ut
1141 2554 1236 2633 jocer.
1285 2552 1318 2614 Si
1341 2572 1450 2632 perpe·

98 2658 196 2714 unm,
229 2657 287 2700 uon
320 2658 358 2700 ex
389 2639 475 2714 Deo,
511 2649 616 2701 contra
648 2650 787 2702 naturam
821 2653 947 2722 agente,
985 2643 1039 2704 sed
1073 2644 1283 2722 implantatum
1313 2650 1450 2717 naturae,

98 2729 146 2789 ed
180 2745 251 2806 pars
283 2729 336 2788 fiet
367 2737 502 2788 naturae.
550 2727 679 2790 Videtur
709 2731 785 2791 hanc
821 2750 906 2793 suam
935 2731 1120 2792 voluntatem
1148 2733 1246 2803 Deus,
1282 2731 1336 2792 hoc
1365 2750 1451 2792 suurn

98 2814 250 2881 rbitrinn
272 2816 427 2879 intellectu
449 2815 580 2879 Fabricii
603 2818 785 2898 restringere
809 2819 929 2881 debere.
978 2818 1046 2881 liisi
1070 2821 1177 2895 facist,
1207 2819 1323 2881 nesciet
1340 2819 1449 2882 Fabri-

98 2905 173 2980 ins,
208 2905 325 2984 quando
357 2905 508 2966 ordinarie
541 2906 611 2986 quid
643 2906 726 2968 Deus
761 2918 851 2987 agat,
888 2909 1007 2988 quando
1039 2928 1155 2971 rursum
1188 2917 1275 2968 extrs
1307 2908 1451 2971 ordinem.

98 2992 148 3067 sm
176 3003 278 3056 autern
311 2993 381 3058 sciri
407 3002 511 3074 potest
538 3002 571 3055 et
599 2996 840 3057 conformitatem
870 2998 1020 3077 quandam
1044 2998 1179 3072 obtinet,
1208 2996 1274 3076 jam
1298 2988 1381 3058 facta
1406 3006 1453 3057 est

98 3102 167 3163 rurs
190 3092 316 3147 naturae
341 3083 528 3164 accipietque
563 3085 668 3145 modos
702 3085 741 3149 ud
772 3085 860 3148 finem
892 3087 1046 3151 ducentes.
1093 3087 1138 3149 Tu
1162 3105 1200 3149 ex
1223 3104 1296 3149 voce
1320 3086 1452 3164 scriptu-

98 3190 143 3235 ιο
168 3172 329 3252 „signmn“
355 3172 503 3253 quidlibet
526 3173 668 3236 fabricas.

161 3295 351 3346 Fabricius:
381 3295 504 3346 Pisuetae
523 3278 572 3345 non
589 3299 662 3360 juxta
686 3289 842 3348 latitudinem
866 3298 910 3349 sed
925 3300 999 3361 juxta
1016 3299 1151 3363 simplicem
1169 3299 1330 3366 longitndinis
1348 3299 1453 3367 gradum

98 3369 163 3437 drigi
182 3368 281 3417 debent.
320 3367 391 3419 Sicut
409 3369 475 3417 enim
492 3368 612 3432 planetas
630 3377 699 3418 motu
722 3385 766 3419 suo
786 3370 850 3419 Solis
876 3372 981 3420 orbitam
998 3372 1133 3434 respiciunt
1165 3369 1225 3432 (Kx
1255 3374 1287 3420 nt
1305 3385 1355 3420 non
1374 3372 1451 3435 respi-

98 3441 162 3492 rust
179 3446 226 3490 sut
244 3445 333 3488 curant
351 3440 417 3488 viam
434 3445 516 3488 motus
535 3438 611 3497 Solis,
637 3454 714 3506 qusrs
738 3455 818 3505 neque
842 3442 958 3491 effectum
983 3440 1066 3503 vtae).
1099 3456 1143 3491 cnr
1161 3457 1210 3491 non
1230 3443 1305 3491 etium
1323 3443 1452 3490 viantibus

98 3512 141 3563 fi
159 3511 195 3561 sd
212 3511 276 3559 siros
295 3510 399 3560 munies
418 3509 495 3566 Solis.
515 3525 580 3576 qnae
603 3511 628 3559 in
648 3511 764 3575 ecliptica
788 3526 806 3562 s
822 3519 891 3562 motu
910 3513 974 3563 Solis
993 3513 1108 3578 figuntur,
1128 3507 1297 3577 respicerentl
1334 3513 1369 3561 lit
1389 3513 1452 3561 Solis

98 3590 172 3638 m
191 3597 276 3633 eorum
293 3583 440 3645 principium
459 3588 512 3640 est,
540 3585 578 3631 ita
595 3585 710 3633 virtutum
730 3583 826 3633 illorum
845 3586 914 3647 qnasi
933 3584 1084 3642 vehiculum,
1114 3584 1188 3648 idque
1206 3585 1231 3633 in
1250 3585 1291 3633 ris
1309 3598 1355 3632 sua
1373 3585 1450 3646 regia.

98 3654 152 3717 §.z
178 3653 309 3704 Conclusio
328 3661 412 3703 umen
437 3661 475 3703 est
498 3655 594 3717 partim,
607 3651 686 3714 reru)
725 3654 884 3717 Experientia
908 3657 933 3704 in
954 3654 1127 3705 directionibus
1145 3655 1278 3718 respondet
1295 3653 1450 3721 longitudini.

98 3726 156 3787 dam
174 3725 310 3774 ostendunt
327 3725 493 3789 profectiones
512 3725 642 3788 simplices.
682 3725 754 3775 Certe
774 3727 794 3774 si
812 3726 848 3775 vis
866 3726 984 3791 planetas
1009 3727 1035 3774 in
1061 3725 1140 3790 gradu
1162 3725 1300 3775 latitudinis
1327 3726 1451 3773 coorientur

98 3796 216 3856 mres.
235 3803 295 3846 tnnc
314 3796 391 3845 etlam
409 3795 574 3859 profectiones
594 3797 738 3859 sphetarnm
758 3797 791 3846 ad
809 3797 861 3853 hos,
881 3812 930 3845 non
949 3809 1004 3845 sero
1024 3797 1055 3846 sd
1075 3803 1169 3846 oenum
1188 3797 1269 3846 locnnr
1286 3795 1404 3859 planetso
1422 3796 1448 3844 ln

98 3867 197 3920 dison
215 3874 383 3932 operarentur.
421 3866 471 3916 Sed
490 3867 536 3917 boc
554 3883 604 3916 non
624 3869 652 3917 lit
672 3896 703 3904 —
723 3883 783 3933 ergo
803 3902 809 3915 .
830 3904 836 3916 .
858 3903 864 3916 .

178 3941 386 4018 Keplerus:
426 3939 572 4000 Planetus
597 3940 770 4018 dirigendos
793 3940 858 4000 siue
882 3949 1022 4019 respectu
1046 3939 1216 4001 latitudinis
1235 3938 1355 4018 probas,
1381 3939 1451 4018 quin

98 4028 172 4092 ielis
197 4028 325 4090 orbitam
354 4028 383 4090 in
414 4036 579 4088 motusuo
607 4028 781 4107 respiciunt.
829 4029 931 4090 Prima
959 4048 1029 4108 pars
1056 4028 1257 4090 conclusionis
1288 4037 1336 4089 est
1367 4047 1449 4090 vera.

98 4116 156 4198 lgo
180 4118 268 4191 enirn,
296 4137 360 4179 cum
377 4115 480 4179 Solem
502 4135 557 4197 per
580 4118 775 4179 ascensiones
799 4118 937 4198 obliquas
960 4118 1000 4178 nd
1014 4117 1213 4196 promissores
1238 4137 1295 4179 non
1311 4116 1449 4196 dirigam,

98 4224 189 4288 isque
214 4206 406 4269 latitudinem
421 4205 518 4266 habeo
542 4226 618 4286 opus
643 4205 835 4268 considerare
856 4207 884 4268 iu
908 4216 1043 4285 tempore
1067 4208 1288 4268 constituendo.
1314 4204 1448 4267 'Consi-

97 4298 160 4359 lero
185 4304 286 4358 tamen
311 4294 517 4370 latitudinem,
542 4303 576 4355 ut
595 4295 782 4374 intelligam,
816 4316 853 4357 au
888 4295 1013 4358 elumbis
1044 4295 1087 4356 sit
1119 4295 1245 4357 directio
1279 4315 1317 4356 an
1349 4295 1448 4356 sortis.

98 4385 206 4448 Deinde
238 4385 277 4447 ad
300 4384 518 4465 promissorum
544 4393 686 4464 aspectus
719 4385 853 4463 dirigens
887 4403 1012 4447 necesse
1038 4384 1136 4460 habeo
1160 4383 1351 4446 considerare
1375 4383 1448 4444 lati·
1528 4449 1536 4455 ‚

98 4472 231 4556 udinem.
278 4472 358 4537 Nam
381 4472 435 4536 Sol
459 4473 497 4534 ad
523 4472 635 4535 arcturi
660 4473 803 4536 sextilem
826 4474 908 4535 venit
931 4492 988 4534 nou
1013 4471 1043 4534 iu
1074 4472 1191 4549 lilii,
1217 4472 1270 4533 sed
1295 4472 1375 4535 circa
1398 4489 1453 4533 cor

98 4565 130 4643 ζ,
162 4563 235 4644 quia
257 4561 326 4627 inde
349 4564 379 4627 in
404 4570 553 4626 arcturum
587 4569 635 4624 est
658 4571 746 4624 sexta
768 4582 840 4642 pars
864 4562 976 4627 circuli.
1023 4561 1159 4642 Denique
1183 4561 1213 4622 in
1237 4568 1304 4624 ortu
1327 4569 1361 4622 et
1382 4579 1448 4622 me-

98 4653 134 4715 lio
158 4654 236 4715 coeli
260 4652 379 4714 omnino
404 4671 480 4733 opus
504 4659 554 4712 est
577 4652 753 4726 latitudine,
783 4651 919 4714 omnibus
948 4651 1118 4714 sanioribus
1142 4650 1305 4729 astrologis
1329 4657 1448 4714 testas·

98 4742 188 4818 ibus3
212 4754 298 4805 ortus
322 4741 402 4804 enim
425 4741 472 4803 vis
496 4740 631 4803 funditur
653 4760 707 4821 per
730 4741 873 4803 circulum
897 4739 1071 4812 horizontis,
1095 4739 1186 4801 medii
1209 4739 1286 4800 coeli
1309 4757 1362 4818 per
1382 4757 1447 4799 me-

98 4832 244 4909 idisnum,
269 4829 354 4894 Solis
377 4838 410 4894 et
423 4832 531 4894 Lunae
554 4830 660 4892 itidem
684 4829 819 4893 tunditur
841 4840 904 4895 tam
930 4831 1001 4904 late,
1026 4847 1115 4911 quarn
1138 4830 1206 4891 lata
1222 4837 1296 4892 sunt
1311 4845 1453 4911 corpora.
