3278 5542
683 354 787 421 nespas
804 355 873 407 XVI·
1408 353 1468 424 l'bl

118 536 162 589 [no
183 522 367 571 conservatur
391 515 498 586 species
527 516 600 572 floris
631 522 661 570 et
680 532 808 571 numerus
839 515 974 572 foliorum.
1016 519 1059 574 De
1080 520 1133 575 hoo
1154 520 1214 574 ride
1240 521 1366 593 epilogos
1386 522 1469 576 libro·

118 616 166 653 um
186 597 236 652 IV.
258 603 288 651 et
308 597 341 651 V.
362 595 542 651 Harmonioes
563 602 684 651 nostras.

189 672 220 745 f)
242 678 288 731 Ita
308 683 470 747 conceptum
490 683 535 731 est
554 675 607 731 hoc
628 684 832 750 argumentum,
854 683 887 731 ut
907 678 1002 732 audire
1022 680 1104 733 uelim
1124 679 1267 750 physicos,
1289 680 1352 750 quid
1374 687 1471 734 contra

118 759 200 813 licere
222 756 342 828 possint.
384 757 457 811 Nam
477 757 514 810 ab
532 756 583 811 bis
609 757 647 812 25
669 758 748 811 anais
778 774 857 811 nemo
885 760 955 828 qnod
979 758 1063 813 sciam
1090 759 1197 823 extitit,
1229 759 1275 830 qui
1298 759 1367 815 illud
1387 778 1471 814 excu-

118 843 191 893 eret.
236 842 276 891 Δι
294 853 337 891 me
367 838 470 891 candor
493 837 569 891 solus
590 843 697 901 moret,
728 846 760 891 ut
789 837 849 908 ipse
870 837 1018 892 excutiam.
1060 839 1143 892 Vides
1164 839 1252 910 igitur
1273 839 1376 904 lector,
1407 840 1472 910 quid

118 917 259 975 ‘oluerimz
290 911 414 971 centrum
433 917 522 971 solnm
543 934 606 970 esse
627 918 698 988 quod
718 916 806 987 primo
827 917 901 979 circa
920 917 1011 981 Solem
1032 924 1137 989 agatur
1166 919 1194 973 in
1214 934 1328 991 gyrum:
1358 919 1383 973 id
1404 937 1471 974 vero

118 998 151 1053 al
172 996 237 1052 solo
256 1002 326 1052 nutu
345 996 404 1051 deri
425 1013 516 1068 posse,
540 1013 599 1051 cum
620 1014 709 1069 grave
729 1014 784 1051 non
806 996 857 1059 sit,
878 1003 911 1052 ut
931 997 1010 1067 cujum
1031 1014 1096 1068 pars
1117 999 1205 1054 nulla.
1246 998 1327 1053 Hanc
1346 999 1472 1070 proposi·

118 1079 212 1135 ion-
234 1094 288 1133 non
307 1082 404 1148 potest
422 1076 488 1153 milri
509 1077 617 1146 eripere
640 1077 791 1147 physicus,
813 1077 859 1147 qui
880 1078 1035 1141 contendit,
1058 1081 1129 1149 quod
1151 1078 1195 1133 bic
1216 1079 1353 1149 sequitur,
1381 1079 1474 1133 omnia

118 1164 234 1215 enirm
247 1156 334 1229 sequi.
373 1156 414 1212 Et
435 1154 502 1227 quia
515 1157 634 1227 vulgata
647 1156 773 1211 doctrina
800 1157 919 1227 physica
941 1165 1021 1212 tenet
1043 1159 1094 1212 hoc
1115 1161 1148 1215 ds
1168 1165 1262 1213 coebo
1276 1159 1377 1222 mundi,
1401 1161 1473 1229 quod

118 1238 202 1297 annia
224 1237 327 1308 gravia
349 1236 377 1291 id
401 1245 525 1292 canuam
544 1243 692 1307 quaerant,
716 1236 778 1290 ideo
799 1237 955 1292 existimavi
976 1255 1030 1310 ego
1053 1255 1135 1308 posse
1153 1239 1254 1310 gravia
1273 1240 1369 1295 eadam
1387 1254 1475 1309 opera

118 1312 235 1385 οἰῂιῐιιιιι
248 1315 292 1372 sui
304 1316 426 1388 corporis
450 1332 592 1387 quaerere.
633 1317 735 1371 Vanum
757 1315 787 1371 in
800 1317 943 1386 Epitomes
955 1318 1150 1373 Astrommiae
1163 1319 1213 1373 lib.
1232 1320 1257 1375 1.
1278 1319 1472 1387 demonstrari,

118 1394 211 1455 slsum
234 1395 373 1465 esso-boc
394 1396 571 1467 physicorum
585 1395 710 1459 axioma,
735 1398 806 1467 quod
829 1397 930 1469 gravia
950 1405 1087 1468 quaerant
1111 1399 1199 1453 ullum
1213 1405 1335 1453 centrum
1358 1406 1391 1453 nt
1404 1398 1473 1461 tale,

118 1471 287 1535 “usinum
301 1477 372 1549 quod
387 1483 509 1531 centrum
525 1475 611 1531 totius
625 1476 730 1548 mundi3
746 1493 848 1541 rerum,
870 1479 918 1530 sed
932 1494 984 1546 per
997 1479 1131 1542 accidens,
1151 1479 1222 1548 quod
1242 1484 1367 1532 centrum
1380 1478 1473 1532 Tellu-

118 1552 144 1615 i's
158 1562 309 1629 appetant,
333 1572 483 1627 nonquam
500 1555 524 1609 id
539 1562 670 1626 puuctum
684 1563 738 1619 est,
762 1558 809 1609 sed
825 1556 890 1627 quia
903 1574 1002 1627 corpus
1017 1558 1136 1612 Telluris
1150 1563 1300 1629 appetunt;
1327 1558 1397 1628 quod
1412 1574 1472 1611 cum

118 1632 316 1701 it'rotundum,
340 1654 378 1690 ex
392 1653 426 1690 eo
440 1634 507 1699 deri,
532 1642 565 1689 ut
578 1636 744 1706 appetentia
758 1636 814 1690 ists
827 1637 936 1690 feratur
948 1653 1044 1691 versus
1059 1638 1183 1702 medium,
1205 1643 1235 1691 et
1249 1637 1287 1691 sic
1301 1654 1397 1691 versus
1411 1655 1474 1691 cen·

118 1734 195 1782 rums
219 1717 292 1772 adso
313 1716 429 1789 quidem,
454 1723 485 1770 ut
507 1715 531 1769 si
545 1716 633 1770 Terra
656 1716 776 1787 liguram
799 1716 919 1770 baberet
938 1716 1081 1771 distortam
1104 1716 1282 1779 sensibiliter,
1306 1716 1407 1788 gravia
1420 1734 1476 1779 nou

118 1792 205 1854 heus
229 1813 313 1851 unum
335 1795 454 1866 undique
476 1801 607 1866 punctum
631 1801 745 1851 tensura
767 1796 879 1850 merim.
930 1797 991 1850 Hoc
1017 1797 1104 1868 igitur
1126 1798 1302 1851 tundamento
1329 1806 1474 1851 corruente

118 1885 253 1935 motura
266 1876 352 1931 etiam
366 1876 502 1930 evertitur
515 1875 578 1929 bulo
592 1876 686 1930 nimia.
729 1876 841 1931 Scilicet
854 1892 971 1947 corpora
993 1878 1169 1947 planetarum
1182 1879 1210 1931 in
1224 1884 1300 1931 motu
1320 1876 1369 1931 seu
1385 1883 1474 1931 trans·

118 1957 217 2014 atione
240 1956 283 2010 sui
303 1956 378 2010 circa
391 1954 482 2010 Solem
503 1972 557 2009 non
578 1965 644 2010 sunt
667 1957 868 2011 consideranda
890 1963 922 2010 ut
934 1966 1041 2026 punct-a
1053 1958 1258 2018 mathematica
1280 1958 1328 2010 sed
1346 1958 1430 2026 plane
1444 1964 1477 2010 ut

118 2053 231 2109 urpora
249 2035 408 2100 materiata,
432 2044 463 2090 et
476 2050 536 2090 mm
550 2039 667 2107 quodam
681 2036 760 2107 quasi
781 2038 903 2107 pondere
917 2033 963 2105 (ut
985 2037 1013 2091 in
1035 2038 1107 2091 libro
1125 2040 1159 2091 de
1173 2038 1259 2091 stella
1272 2052 1345 2090 nora
1367 2033 1475 2106 scripsi)

118 2136 161 2175 soc
182 2125 237 2182 est,
260 2117 442 2186 inquantum
463 2123 528 2170 suut
549 2112 685 2186 praedita
702 2117 838 2171 facultate
862 2116 998 2171 renitendi
1021 2117 1106 2170 motui
1125 2117 1297 2171 extrinsecus
1321 2116 1401 2170 illato
1425 2133 1476 2186 pro

118 2196 181 2269 nole
203 2195 327 2267 corporis
344 2202 382 2251 ,et
403 2195 542 2251 densitate
565 2196 709 2251 materiae.
750 2198 821 2251 Nam
837 2197 903 2268 quia
925 2197 1011 2251 omnis
1026 2198 1145 2252 materia
1169 2199 1203 2252 sd
1226 2197 1346 2267 quietem
1360 2196 1476 2250 inclinat

118 2296 137 2335 n
149 2278 214 2333 loco
228 2276 279 2330 illo
291 2276 319 2330 in
335 2292 389 2347 quo
401 2283 448 2331 est
462 2274 526 2341 (nisi
541 2292 639 2346 corpus
654 2276 772 2331 vicinum
786 2276 813 2330 ri
827 2277 988 2349 magnetica
1001 2276 1078 2332 illam
1094 2279 1129 2331 ad
1143 2294 1173 2330 se
1184 2272 1312 2341 alliciat),
1328 2276 1391 2330 binc
1406 2277 1475 2329 adeo

118 2352 197 2423 [ιλιι
211 2356 301 2411 virtus
315 2354 387 2411 Solis
401 2354 519 2411 motoria
539 2364 649 2427 pugnet
663 2373 722 2410 eum
745 2357 799 2411 bae
813 2356 914 2412 inertia
933 2357 1076 2420 materiae,
1101 2357 1173 2411 sicut
1193 2357 1221 2411 in
1244 2357 1324 2411 lance
1347 2363 1477 2427 pugnant

118 2438 164 2495 luo
186 2437 320 2508 pondera,
341 2453 433 2507 exque
458 2440 637 2507 utrarumque
651 2435 749 2490 virium
766 2437 950 2507 proportione
973 2439 1084 2491 tandem
1107 2443 1255 2491 enascatur
1277 2435 1406 2490 celeritas
1430 2434 1477 2488 vel

118 2516 232 2575 sidtu
256 2514 398 2586 planetae.
439 2515 510 2569 Vide
533 2515 760 2570 introductionem
783 2516 811 2570 in
835 2517 983 2571 Commeat.
1010 2517 1117 2581 Martis,
1140 2526 1170 2572 et
1192 2517 1254 2587 ipsa
1275 2515 1478 2571 Commentarius

118 2596 231 2670 passim
255 2594 404 2667 praecipue
425 2612 491 2650 vero
513 2594 613 2650 librum
637 2595 683 2650 lv.
705 2596 847 2666 Epitomes
871 2597 1074 2652 astronomiae.

118 2678 121 2683 ’
191 2676 291 2747 Neque
312 2683 406 2731 minsa
429 2693 467 2730 ex
490 2694 523 2729 oo
546 2675 685 2747 sequitur,
714 2678 786 2746 quod
809 2677 854 2730 hic
876 2693 928 2747 per
951 2676 1051 2730 falsam
1074 2676 1312 2731 ratiocinationem
1336 2674 1477 2729 amolitum

118 2758 195 2821 ten,
218 2756 316 2814 dubios
342 2763 373 2810 et
393 2755 548 2811 titubantes
572 2752 684 2811 motoris
699 2772 812 2827 gressus
827 2755 912 2820 effici,
929 2756 952 2809 si
966 2758 1079 2811 laborat
1099 2758 1127 2810 in
1146 2758 1275 2826 pondere,
1297 2755 1435 2825 vincitque
1449 2756 1477 2808 iu

118 2853 223 2913 pagna.
261 2836 333 2891 Nam
348 2844 427 2891 certa
441 2843 472 2890 et
486 2843 616 2891 const-ans
631 2844 676 2889 est
697 2836 839 2906 proportio
853 2835 949 2890 virium
973 2837 1045 2891 inter
1059 2854 1089 2890 se
1109 2846 1294 2906 utrarumque,
1319 2842 1349 2889 et
1361 2834 1479 2888 victoria

118 2916 264 2989 partibilis,
285 2933 336 2986 pro
351 2915 448 2970 virium
464 2916 587 2978 modulo;
609 2923 641 2969 ut
655 2932 744 2986 neque
758 2916 875 2986 planeta
889 2917 915 2969 in
931 2918 1025 2970 eodem
1038 2917 1157 2971 baereat
1171 2916 1239 2979 loco,
1255 2932 1344 2985 neque
1362 2913 1477 2968 rotatio·

118 2998 154 3053 nis
168 2997 277 3052 solaris
291 2996 463 3052 celeritatem
478 3003 653 3066 assequatur.
687 3000 825 3067 (Compara
843 3018 899 3054 cum
917 3002 1038 3068 hisquae
1058 3002 1208 3068 Copernicus
1227 3002 1259 3053 de
1275 3003 1399 3067 grsdtats
1418 3000 1478 3050 dinis

118 3074 263 3135 m.ltevol.
283 3073 443 3124 coelestum‘
463 3073 506 3123 lsb.
526 3073 552 3132 1,
571 3088 627 3138 cap.
648 3069 687 3134 a.)

139 3212 142 3217 ¹
191 3143 229 3221 g)
251 3146 408 3201 Manifestis
423 3146 619 3217 experimentis
638 3146 691 3200 boc
710 3145 812 3199 falsum
824 3146 1046 3216 deprehenditur.
1088 3147 1215 3201 Pondera
1232 3132 1346 3200 seorsim
1364 3144 1475 3208 sermm,

118 3229 230 3283 {domim
244 3234 274 3281 e't
287 3234 457 3300 magnetem
480 3227 582 3299 collige
596 3228 720 3297 pondera
734 3226 762 3281 in
774 3242 858 3280 unam
872 3243 1011 3282 summam.
1054 3226 1244 3297 Suspendatur
1263 3226 1360 3280 deinde
1375 3224 1475 3278 ferrum

119 3313 281 3380 smagnete
294 3306 324 3361 ri
345 3306 397 3361 illa
419 3306 564 3368 invisibili;
587 3323 702 3378 magnes
726 3323 791 3360 vero
815 3314 944 3362 nectatur
966 3324 984 3362 a
1007 3308 1086 3362 lance
1109 3313 1159 3360 aut
1177 3306 1323 3376 injiciatur,
1348 3303 1477 3375 quisvis

122 3394 244 3458 permeat
257 3389 373 3451 lancem,
399 3387 422 3441 si
437 3403 491 3441 non
504 3387 543 3441 sit
555 3387 661 3441 ferrea:
683 3385 798 3450 videbis,
819 3394 986 3458 magnetem,
1011 3390 1073 3441 dum
1087 3394 1152 3442 actu
1165 3393 1244 3441 tenet
1257 3392 1408 3441 attractum
1422 3383 1478 3438 fer·

123 3484 184 3533 rum,
209 3485 299 3539 aeque
323 3469 539 3538 ponderaturum
564 3467 696 3537 utrisque,
718 3467 795 3537 prius
819 3469 856 3521 ab
879 3468 994 3523 invicem
1018 3466 1165 3539 separatis.

137 3558 140 3563 '
196 3547 229 3614 h)
266 3549 329 3603 Non
359 3547 501 3621 equidem,
536 3549 608 3618 quod
640 3547 759 3602 influxus
788 3548 922 3602 coelestes
955 3548 1099 3620 indigeant
1131 3547 1226 3617 aliqua
1257 3545 1390 3608 materia,
1425 3561 1480 3615 qua

131 3629 160 3681 sd
177 3643 226 3684 nos
250 3627 442 3691 devehantur;
466 3628 566 3683 falsum
593 3627 664 3681 enim
689 3632 734 3682 est
756 3627 824 3681 illud
847 3628 1024 3692 Aristotelis,
1049 3633 1115 3682 aere
1139 3642 1208 3697 opus
1230 3643 1292 3679 esse
1315 3627 1350 3680 ad
1375 3624 1479 3677 sensio·

135 3719 183 3765 nsm
203 3708 326 3782 corporis
347 3707 451 3764 Solaria
475 3709 717 3778 transportandam
740 3724 828 3778 usque
852 3709 888 3762 ad
911 3709 1027 3772 oculum,
1052 3716 1084 3762 ut
1107 3708 1135 3761 in
1150 3706 1254 3776 Opticis
1278 3703 1478 3758 demonstravi:

138 3788 188 3856 quin
206 3790 310 3860 potius,
342 3806 396 3860 quo
425 3787 513 3843 minus
535 3787 653 3842 occurrit
681 3788 817 3842 materiae
844 3788 873 3842 in
894 3788 991 3842 itinere
1012 3788 1114 3852 medio,
1144 3786 1198 3839 hoc
1225 3785 1313 3838 minus
1334 3783 1499 3853 impeditur'

139 3864 175 3921 lun
193 3869 219 3924 in
238 3869 405 3939 trajectione
425 3885 485 3924 sua.
526 3868 588 3923 Hoc
608 3868 696 3940 igitur
721 3868 773 3922 sibi
793 3869 891 3922 volunt
915 3869 971 3923 ista
995 3869 1097 3922 rerba:
1129 3865 1200 3920 sicut
1220 3881 1337 3935 corpora
1356 3881 1411 3917 non
1432 3862 1479 3915 im-

140 3947 242 4015 suant,
264 3966 318 4021 quo
339 3949 427 4003 minus
448 3948 568 4003 influxus
590 3950 725 4003 coelestes
747 3949 774 4001 in
796 3948 893 4002 intima
912 3955 1069 4019 penetrent,
1091 3946 1130 4001 sic
1144 3946 1227 4000 etiam
1247 3943 1378 3999 motorias
1392 3943 1480 3997 facul-

141 4028 199 4081 uses
218 4046 272 4084 uon
293 4028 419 4100 indigere
440 4029 600 4099 corporibus
621 4029 759 4100 aliquibus
780 4028 955 4093 intermediis,
978 4026 1076 4100 quibus
1097 4027 1184 4081 veluti
1205 4025 1311 4080 catenis
1333 4030 1384 4078 aut
1396 4023 1481 4077 vecti·

140 4101 180 4159 bns
198 4111 331 4164 movenda
350 4107 527 4180 planetarum
549 4124 666 4178 corpora
684 4108 867 4179 prehendant.
908 4110 1016 4164 Ludere
1038 4104 1146 4179 placuit
1165 4107 1193 4160 in
1215 4124 1281 4161 voce
1304 4104 1376 4158 aeris
1397 4103 1482 4174 paulo
1559 4132 1562 4139 ·

138 4187 265 4246 ursolus.
308 4189 379 4252 Quid
400 4189 473 4242 orbis
494 4189 540 4242 rel
563 4189 689 4242 coelum?
731 4188 801 4251 Quid
822 4187 873 4241 nisi
896 4194 965 4242 aer?
1004 4190 1043 4243 Et
1065 4190 1129 4260 quid
1150 4192 1218 4242 ae'r?
1254 4186 1324 4249 Quid
1346 4184 1397 4239 nisi
1419 4201 1481 4254 spe·

136 4257 183 4320 des
208 4269 395 4325 immaterlata
422 4269 559 4340 corporis,
592 4270 663 4340 quod
688 4275 790 4322 motum
822 4269 944 4338 planetis
966 4268 1064 4334 insert,
1095 4270 1123 4322 in
1150 4267 1299 4340 gyratione
1324 4263 1481 4319 versantis?

132 4340 210 4419 A[qui
228 4350 352 4421 seposito
377 4349 441 4404 lusu
464 4351 644 4404 concedamus
672 4355 764 4403 adrem
789 4354 913 4402 nostrum
934 4365 996 4402 esse
1017 4366 1115 4418 corpus
1137 4348 1325 4410 materiatum,
1357 4359 1481 4415 permea-

130 4413 184 4480 bfle
203 4444 221 4484 s
240 4429 423 4485 facultatibus
443 4429 622 4501 magneticis,
652 4427 788 4493 motoriis,
819 4428 1020 4493 calefactoriis,
1051 4428 1253 4482 illuminatoriis
1283 4434 1313 4481 et
1333 4425 1481 4479 similibus:

128 4505 160 4553 Ι*
180 4508 214 4564 sit
232 4527 322 4582 vapor
352 4527 407 4565 non
437 4516 497 4564 tcto
526 4527 630 4583 genere
651 4510 788 4564 diversum
817 4511 854 4564 ab
875 4515 954 4575 abre,
986 4511 1034 4564 sed
1056 4510 1156 4564 saltem
1185 4509 1326 4580 gradubus
1348 4501 1483 4560 crassitiei

126 4570 268 4647 di*tinctus
290 4604 309 4646 a
328 4590 498 4647 crmnmsis
521 4591 593 4646 aeris
614 4589 728 4660 eampis.

750 4789 768 4795 ο
785 4784 896 4795 ω.---
