3278 5542
158 305 201 382 M
559 374 561 378 ³
746 312 908 367 Petam

144 496 272 541 ¹morere
296 477 426 539 fortasse
449 477 629 558 postulando
657 476 774 556 possit:
807 477 832 539 si
862 476 939 537 forte
964 474 1086 537 fortuito
1109 474 1172 536 illic
1195 476 1327 537 locorum
1349 481 1512 535 transeant

156 564 450 646 Groppenbachiani.

242 655 288 717 En
311 654 405 717 habes
429 655 587 736 epistolam
611 653 685 714 bene
709 654 840 733 longam,
864 663 896 715 et
919 653 1083 732 longiorem
1107 653 1247 729 fortasse,
1272 659 1362 734 qnam
1377 670 1509 731 occupa-

154 745 252 807 tiones
275 763 361 806 meae
384 745 535 825 nuptiales
555 744 631 805 ferre
652 750 789 821 possunt
837 740 975 820 Optarim
1000 751 1110 813 autenm
1133 751 1221 816 utet
1242 762 1297 823 per
1321 741 1429 802 literas
1452 757 1508 820 pe-

154 834 197 908 tii,
223 833 339 914 aliquos
363 853 400 893 ex
423 843 524 895 vestro
550 830 695 911 Collegio,
720 841 751 892 te
774 832 950 911 praesertim
971 844 1061 911 atque
1080 831 1123 893 M.
1139 833 1290 893 Millerum
1314 830 1363 892 hic
1388 829 1506 892 adesse.

154 921 215 985 Sed
239 923 308 1003 quia
332 925 368 984 de
392 932 422 984 te
446 923 502 984 hoc
526 941 648 1001 sperare
671 940 729 983 non
753 938 894 1000 possum,
919 921 991 982 illud
1015 921 1110 982 solum
1133 929 1164 982 te
1189 940 1278 1000 rogo,
1308 930 1341 982 ut
1364 918 1406 980 ad
1429 919 1506 980 diem

152 1012 316 1092 nuptialem
340 1011 400 1073 tuis
424 1010 561 1092 precibus
584 1010 655 1071 mihi
678 1019 800 1091 praesto
825 1010 879 1072 sis.
925 1010 1037 1072 Rerum
1061 1029 1194 1073 mearum
1218 1019 1423 1090 statusporro
1438 1008 1506 1071 talis

152 1111 209 1178 est,
234 1110 267 1163 ιιι
291 1101 317 1162 si
341 1100 449 1163 moriar
471 1101 552 1161 intra
576 1119 692 1174 aunum,
718 1099 769 1160 vix
793 1118 970 1181 quemquam
993 1099 1090 1179 major
1109 1099 1270 1162 infelicitas
1289 1107 1438 1160 mortuum
1457 1116 1505 1158 se-

153 1191 202 1272 qui
225 1191 350 1270 possit„
380 1189 483 1269 Magni
508 1197 622 1265 sumtus
647 1189 683 1250 de
706 1208 772 1251 meo
797 1188 927 1250 faciendi
950 1198 1038 1250 sunt:
1071 1189 1170 1251 solent
1193 1208 1223 1250 n.
1247 1188 1295 1250 hic
1319 1185 1501 1267 splendidis·

152 1280 226 1340 sime
251 1278 390 1360 apparari
413 1278 544 1358 nuptiae.
592 1277 646 1340 Sin
670 1287 772 1340 autem
794 1272 877 1340 Deus
901 1277 1089 1340 mihivitam
1113 1287 1269 1357 proroget,
1303 1285 1417 1338 certum
1451 1283 1503 1344 est,

152 1369 278 1448 ligatum
302 1376 334 1428 et
357 1369 552 1430 constrictum
576 1386 622 1429 me
646 1387 714 1429 esse
737 1367 768 1429 in
792 1369 869 1429 hunc
893 1368 1007 1440 locum,
1032 1367 1172 1448 quicquid
1195 1368 1317 1429 tandem
1339 1366 1377 1426 de
1402 1372 1504 1426 nostra

152 1459 257 1518 schola
286 1459 348 1519 fiat.
396 1457 474 1519 Sunt
505 1457 584 1518 enim
614 1474 742 1536 sponsae
771 1475 855 1518 meae
879 1456 935 1518 hoc
960 1458 1023 1519 loco
1047 1457 1190 1535 praedia,
1224 1465 1294 1517 sunt
1317 1455 1426 1529 amici,
1461 1461 1505 1515 est

151 1556 240 1627 pater
273 1548 423 1626 locuples;
457 1555 491 1607 ut
521 1547 582 1607 fere
612 1546 723 1607 salario
747 1564 806 1607 non
830 1564 1010 1624 magnopere
1034 1544 1168 1624 indigere
1192 1546 1296 1606 videar
1317 1551 1390 1627 post
1412 1562 1503 1604 anuos

152 1635 275 1716 aliquot,
301 1636 326 1696 si
351 1635 423 1697 mihi
445 1636 501 1696 hoc
524 1636 664 1697 decorum
688 1645 781 1697 esset.
823 1635 886 1698 Nec
906 1635 977 1696 mihi
995 1642 1083 1714 patet
1098 1636 1195 1696 exitus
1211 1654 1248 1696 ex
1266 1632 1323 1695 hac
1340 1632 1502 1713 provincia,

152 1724 208 1786 uisi
230 1733 284 1787 aut
305 1724 425 1805 publica
448 1724 607 1786 calamitas
631 1733 684 1786 aut
706 1724 826 1803 privata
848 1724 1039 1787 interveniat.
1086 1723 1224 1798 Publica,
1257 1723 1282 1784 si
1311 1742 1418 1803 nempe
1442 1723 1503 1783 Lu·

151 1814 276 1875 therano
300 1832 358 1875 non
382 1813 511 1894 amplius
532 1821 599 1874 tuta
623 1813 663 1874 sit
685 1813 856 1892 provincia,
891 1821 944 1875 aut
972 1812 999 1875 si
1021 1833 1040 1874 a
1063 1812 1160 1880 Torca
1182 1813 1303 1894 propius
1326 1811 1502 1875 infestetur:

150 1902 200 1984 qui
224 1903 341 1983 quidem
360 1900 427 1982 ja'm
451 1903 608 1965 nunciatur
631 1921 696 1964 cum
720 1902 872 1965 sexcentis
895 1902 1026 1966 millibus
1049 1901 1199 1964 hominum
1212 1901 1241 1962 in
1255 1902 1410 1981 procinctu
1428 1919 1502 1962 esse.

151 1992 274 2054 Privata
296 2012 367 2054 vero
391 1993 550 2067 calamitas
582 1991 608 2053 si
637 2010 705 2053 mea
728 2012 809 2067 uxor,
824 1992 978 2055 moriatur.
1025 1990 1077 2054 Sic
1100 1993 1191 2054 etiam
1215 1992 1352 2053 umbram
1375 1989 1503 2071 aliquam

148 2090 249 2144 status
272 2081 330 2143 mei
354 2081 449 2145 vides.
496 2083 526 2143 A
549 2081 614 2143 Deo
638 2082 725 2162 plura
746 2091 850 2163 petere
875 2101 932 2143 non
957 2082 1061 2154 audeo,
1088 2100 1176 2162 quam
1199 2080 1254 2142 hoc
1277 2089 1411 2160 tempore
1435 2078 1503 2141 mihi

148 2171 298 2234 eveniunt.
344 2173 379 2233 In
409 2170 596 2239 naturalibus
630 2179 729 2233 autem
760 2172 860 2234 causis
893 2190 1024 2251 agnosco
1049 2172 1188 2233 effectum
1213 2169 1388 2231 directionis
1411 2168 1503 2230 Medii

148 2260 223 2321 coeli
246 2261 285 2321 ad
304 2260 412 2322 Jovem
438 2268 469 2322 et
493 2261 593 2322 sextil.
611 2259 646 2333 Ω.
680 2262 755 2322 Asc.
771 2260 810 2320 ad
826 2264 852 2332 8
870 2259 921 2338 Θ,
946 2259 1026 2333 89,
1050 2259 1140 2335 All,
1165 2257 1204 2336 Θ
1230 2258 1269 2320 ad
1291 2264 1328 2330 Δ
1349 2260 1390 2330 l.
1425 2256 1502 2328 Quid

148 2348 272 2410 directio
295 2350 321 2420 J
348 2350 387 2410 ad
412 2353 438 2422 8
463 2352 484 2426 Q
508 2357 538 2409 et
560 2343 595 2413 [l
619 2356 644 2420 ό
668 2357 757 2429 atque
781 2349 927 2410 transitus
950 2349 1001 2410 ille
1025 2350 1064 2411 ad
1088 2349 1217 2413 futurum
1241 2346 1272 2410 8.
1294 2345 1343 2410 ¹8.
1360 2346 1501 2426 Septem·

147 2436 210 2498 bris
242 2438 388 2500 allaturus
421 2438 479 2510 sit,
514 2445 640 2517 expecto
671 2457 729 2499 non
759 2439 934 2500 meticuloso
958 2435 1090 2512 animo,
1110 2458 1176 2500 cum
1199 2437 1296 2499 Deum
1320 2437 1502 2517 superiorem

147 2544 320 2605 agnoscam.
367 2528 402 2589 In
426 2545 534 2605 magno
558 2544 625 2586 meo
650 2526 810 2588 infortunio
835 2527 907 2587 illud
932 2527 1143 2605 oblectationis
1166 2526 1272 2602 habui,
1301 2526 1380 2606 quod
1404 2525 1503 2587 omnia

147 2615 192 2677 ita
225 2635 291 2677 cum
321 2617 404 2677 coelo
438 2622 664 2678 consenserunt.
724 2615 859 2677 Directio
892 2626 959 2678 erat
990 2636 1062 2697 prae
1096 2617 1228 2679 foribus:
1267 2615 1321 2676 sed
1353 2613 1503 2676 Saturnus

147 2705 299 2766 transibat
321 2723 376 2785 per
398 2705 568 2786 oppositum
591 2703 678 2767 Jovis
703 2713 733 2765 et
758 2704 1018 2787 appropinquabat
1039 2706 1185 2787 quadrato
1199 2704 1401 2778 ascendentis,
1426 2704 1502 2764 unde

116 2804 118 2808 “
147 2793 248 2855 omnia
270 2794 416 2875 impedita
439 2803 523 2867 sunt,
554 2813 647 2873 usque
670 2813 715 2868 eo,
741 2795 809 2855 dum
833 2792 982 2857 Saturnus
1006 2814 1123 2857 cursum
1146 2804 1227 2857 retro
1250 2795 1388 2856 flecteret
1410 2811 1502 2872 supe·

146 2882 393 2965 riori-Januario.
435 2883 495 2946 Est
517 2892 619 2945 autem
641 2883 714 2944 mihi
737 2882 767 2958 'll
790 2883 819 2944 in
848 2879 886 2947 19
909 2889 948 2959 34,
973 2887 1045 2946 Asc.
1070 2885 1101 2947 in
1126 2882 1167 2947 25
1191 2883 1302 2964 gemin.
1349 2880 1412 2944 Sed
1436 2881 1503 2944 finis

145 2973 271 3038 chartae
303 2974 401 3035 adest.
446 2973 513 3053 Ego
538 2973 577 3034 H.
604 2972 698 3035 Tuam
721 2972 786 3033 Deo
812 2971 884 3053 Opt.
908 2974 991 3035 Max.
1022 2975 1216 3047 commendo,
1251 2972 1300 3053 qui
1323 2971 1379 3033 tibi
1403 2971 1503 3032 omnia

144 3060 269 3141 largiter
291 3063 448 3124 retribuat.
495 3061 530 3124 Si
552 3069 670 3124 tantum
694 3062 747 3124 otii
770 3062 825 3123 tibi
850 3074 1006 3142 superest:
1040 3081 1152 3143 quaeso
1176 3062 1360 3125 solummodo
1385 3061 1422 3122 de
1447 3080 1501 3121 ca-

143 3151 277 3213 lendario
301 3153 493 3231 respondeas.
540 3152 618 3212 Vale
641 3152 825 3230 Praeceptor
849 3152 1066 3214 amantissime.

233 3237 264 3303 9.
289 3241 405 3320 Aprilis
429 3243 509 3324 stylo
533 3259 611 3301 novo
635 3260 712 3301 anno
740 3237 833 3303 1597.
1000 3298 1002 3307 ,

665 3330 705 3391 Η.
730 3330 765 3391 Τ.
791 3328 879 3391 Grat.
904 3331 977 3394 disc.

1154 3417 1202 3480 Μ.
1226 3419 1259 3482 J.
1283 3415 1413 3500 Keploe.

214 3559 320 3610 Addidit
333 3558 456 3624 Keplerns
474 3560 501 3608 in
518 3557 556 3608 his
574 3559 650 3609 literis
669 3560 788 3610 nonnulla
806 3561 837 3610 de
857 3559 1004 3611 Calendario
1023 3559 1186 3627 Gregoriano,
1210 3575 1275 3628 qnae
1292 3561 1424 3612 reserenda
1441 3574 1496 3611 aen·

143 3634 235 3682 ammos
254 3632 286 3682 ad
304 3646 380 3696 opera
397 3630 499 3696 Kepleri
517 3631 691 3697 chronologica
709 3629 776 3693 (Vol.
795 3629 862 3693 lu).
1420 3638 1424 3647 ’

145 3719 148 3726 ’
212 3703 382 3754 Maestlini
400 3717 519 3768 responsa
536 3718 635 3760 eorum,
662 3705 749 3768 quibus
767 3719 828 3768 opus
846 3703 964 3755 donatum
982 3707 1031 3768 sit.
1051 3705 1165 3758 nomina.
1184 3705 1336 3768 pretiumque
1354 3701 1501 3767 typothetae

139 3773 265 3831 solutum,
291 3776 404 3840 aliaque.
432 3790 497 3840 qnae
520 3775 604 3826 aliena
626 3774 745 3825 hocloco
764 3782 836 3834 sunt,
862 3778 972 3827 referunt
991 3774 1051 3838 (rid.
1071 3774 1182 3830 Haosch.
1200 3792 1225 3841 p.
1248 3774 1280 3825 te
1298 3772 1340 3837 a).
1377 3773 1502 3840 Keplem

142 3845 274 3896 Maestlino
293 3848 417 3911 rescripsit
435 3847 572 3912 Septembri
591 3848 650 3897 anni
671 3845 756 3896 teet:

230 3951 367 4014 Salutem
389 3953 558 4033 plurimam.
605 3951 640 4015 Si
664 3972 718 4015 vos
742 3954 848 4024 isthic,
873 3961 906 4014 ut
929 3961 1009 4032 opto,
1034 3952 1158 4028 valetis,
1183 3962 1302 4032 gratnm
1325 3951 1398 4013 mihi
1421 3970 1500 4012 non-

141 4041 225 4103 tium.
271 4040 337 4120 Ego
361 4052 393 4103 et
415 4061 484 4103 mea
506 4043 622 4122 conjux,
646 4043 736 4104 sicuti
760 4051 907 4123 optamus,
932 4041 1142 4121 conjugialiter
1160 4044 1309 4105 valemus:
1334 4041 1412 4122 quod
1428 4059 1499 4101 ver-

53 4133 56 4141 '
142 4130 210 4191 bum
234 4130 304 4210 quid
328 4130 490 4209 significet,
515 4129 569 4193 Sol
592 4133 774 4211 patefaciet,
798 4132 847 4194 ubi
870 4131 909 4193 ad
933 4131 1111 4211 quadratum
1134 4132 1173 4193 ab
1196 4132 1282 4193 initio
1307 4132 1403 4194 locum
1426 4148 1499 4209 per-

141 4219 274 4290 venerit,
309 4218 334 4279 si
364 4220 428 4280 Deo
460 4221 619 4300 placuerit.
666 4221 733 4282 Non
758 4240 879 4300 possum
903 4229 932 4282 te
959 4218 1134 4283 Clarissimo
1162 4219 1290 4283 Domine
1318 4230 1501 4302 praeceptor

139 4326 198 4369 non
218 4308 375 4369 certiorem
397 4309 532 4387 reddere,
558 4309 630 4371 milri
652 4328 706 4389 pro
731 4311 812 4372 edito
837 4311 941 4371 libello
962 4309 1038 4371 hunc
1064 4310 1204 4372 honorem
1228 4309 1359 4373 aGallis
1382 4307 1498 4380 haberi,

139 4407 173 4460 ut
195 4395 487 4477 Regiussproiessor
510 4399 652 4460 Lutetiae
675 4399 858 4479 Parisiorum
881 4409 1031 4478 expecto
1055 4400 1237 4461 constitutus
1260 4418 1316 4480 ego
1341 4398 1411 4472 sim,
1447 4406 1501 4458 aut

139 4495 221 4547 certe
246 4486 336 4559 illum,
363 4488 412 4566 qui
435 4487 509 4548 haec
534 4488 642 4549 adme
667 4488 798 4568 scripsit,
824 4488 950 4550 stultum
974 4489 1067 4551 foisse
1091 4508 1214 4550 necesse
1238 4488 1288 4550 sit.
1323 4485 1403 4557 Quia
1425 4503 1499 4563 vero

138 4574 174 4647 is,
200 4575 250 4655 qui
273 4576 345 4637 mihi
370 4579 435 4637 loco
460 4576 565 4639 cedere
590 4578 731 4651 volebat,
765 4579 881 4639 interea
905 4586 1038 4640 mortuus
1062 4587 1129 4650 est,
1153 4588 1186 4638 et
1207 4579 1310 4657 procul
1334 4576 1423 4638 dubio
1449 4575 1498 4637 di-

137 4682 244 4726 versae
268 4664 436 4726 sententiae
460 4684 665 4728 successorem
685 4668 749 4747 jam
766 4663 903 4746 reliquit,
928 4667 996 4729 ideo
1021 4666 1149 4741 decrevi,
1176 4667 1274 4747 quoad
1290 4666 1356 4729 Deo
1371 4666 1498 4746 placue-

138 4753 197 4826 rit,
229 4762 334 4834 spreta
361 4755 445 4834 regia
466 4755 653 4835 professione
678 4756 707 4819 in
730 4755 835 4841 Styria
854 4775 984 4819 manere.
1031 4757 1195 4837 Exemplar
1218 4756 1366 4836 epistolae
1391 4755 1430 4815 ad
1449 4772 1499 4814 me

137 4843 247 4918 missae
271 4843 595 4924 tihitranemitterem,
620 4844 955 4921 nistnlhieomtaret.
978 4853 1009 4908 te
1028 4844 1062 4908 id
1073 4844 1193 4928 pridem
1208 4845 1331 4909 habere.
1374 4842 1500 4928 Scripta
