3278 5542
138 339 181 407 08
729 338 892 392 motuum.

140 509 321 582 potenusam
345 499 409 561 sive
434 501 514 563 latus
538 501 642 562 decem
665 502 772 580 pedum
797 501 825 562 iu
859 499 1025 580 particulas
1059 496 1196 560 minimas
1225 494 1329 570 divisi,
1363 492 1503 574 pinnulas

136 589 225 650 alteri
248 588 376 650 laterum
402 588 482 651 circa
506 598 619 650 rectum
644 589 736 651 affixi.
784 588 977 668 Triangulum
1011 588 1107 667 ipsum
1137 585 1219 647 nulla
1242 583 1382 647 trochlea
1404 582 1501 644 stabi·

137 677 200 750 hvi,
225 677 278 739 sed
303 676 395 738 libere
420 699 439 738 a
463 679 531 739 inne
555 679 685 757 pendere
709 679 848 756 permisi,
882 678 1025 756 appensis
1055 675 1123 737 hinc
1151 674 1219 736 inde
1242 671 1440 752 pondusculis
1464 671 1502 733 li-

136 765 222 828 bravi
245 765 405 846 tantisper,
432 767 500 827 dum
524 767 615 828 stella
638 767 778 845 pinnulae
803 767 950 827 foramina
970 765 1185 844 ingrederetur.
1231 762 1338 824 Habes
1369 778 1502 841 appara·

136 864 200 917 tum
225 855 404 916 universum.
452 857 559 935 ltaque
584 855 757 916 observatio
782 856 924 916 instituta
947 852 978 915 2.
1004 853 1113 915 Octob.
1140 871 1216 913 anno
1244 847 1346 927 1597;
1370 845 1426 913 26.
1451 846 1502 910 27.

19 977 25 989 .
137 941 191 1007 28.
215 943 360 1004 Decemb.
387 963 464 1004 anno
485 940 583 1017 1597;
609 963 696 1005 mane
721 953 752 1004 et
776 945 898 1024 vesperi
918 941 969 1006 28.
990 943 1094 1004 Martii
1118 960 1195 1003 anno
1215 937 1318 1014 159&
1338 937 1393 1003 25.
1416 936 1502 1017 Sept

137 1051 214 1094 anno
243 1028 337 1107 1598,
362 1032 454 1094 toties
479 1033 515 1093 de
539 1051 616 1092 novo
641 1033 784 1094 dimensis
808 1032 945 1094 omnihus
975 1031 1140 1106 lateribus;
1173 1038 1206 1091 et
1229 1027 1413 1109 deprehendi
1437 1025 1502 1108 qni·

136 1121 204 1183 dem
227 1121 431 1182 constantiam
454 1121 657 1184 instrumenti.
705 1119 783 1183 Cum
807 1141 879 1203 ergo
903 1132 1010 1202 quater
1034 1118 1257 1183 observaverim
1281 1116 1420 1180 omuibus
1442 1116 1502 1178 sci·

138 1210 211 1271 licet
235 1208 305 1269 anni
329 1209 581 1288 tempestatibus,
617 1211 655 1270 ad
679 1210 832 1289 negotium
856 1212 953 1291 ipsum
977 1209 1112 1285 idoneis,
1144 1216 1206 1269 tres
1236 1206 1360 1270 ultimae
1385 1204 1501 1286 quidem

139 1297 334 1360 consentiunt
356 1299 592 1373 observationes,
618 1300 714 1378 prima
738 1300 940 1360 secessionem
965 1299 1048 1360 furit.
1095 1298 1160 1361 Nec
1182 1295 1298 1370 mirum,
1323 1313 1392 1358 cnm
1410 1294 1503 1374 prima

76 1384 85 1397 ⁸
139 1394 171 1448 et
194 1385 283 1447 unica
309 1386 408 1461 fuerit,
434 1407 488 1448 nec
513 1388 673 1449 admodum
697 1389 798 1469 quieto
823 1395 909 1462 aere,
934 1407 999 1448 cum
1025 1388 1062 1448 ad
1084 1380 1272 1448 levissimam
1295 1384 1435 1447 aurulam
1456 1381 1500 1443 in·

137 1482 338 1537 strumentum
361 1495 458 1538 meum
482 1476 694 1556 impelleretur.
743 1475 872 1539 Ceterae
896 1485 959 1538 tres
982 1474 1159 1556 exquisitius
1184 1484 1308 1554 captae,
1333 1473 1501 1552 iteratoque

138 1563 261 1643 saepius
287 1565 477 1626 examinatae
502 1573 582 1627 sunt.
617 1563 850 1646 Comparatione
875 1566 957 1627 facta
980 1565 1093 1645 primae
1117 1583 1259 1626 erroneae
1284 1580 1350 1623 cum
1373 1559 1502 1625 secunda

139 1651 339 1716 confirmabar
362 1652 480 1714 iumen
504 1655 755 1730 ratiocinatione3
780 1655 874 1735 deque
899 1655 955 1715 hac
980 1652 1203 1733 comparatione
1223 1659 1334 1714 sonant
1350 1649 1500 1731 proximae

137 1759 222 1804 meae
247 1741 362 1803 literae.
413 1743 627 1805 Verumtamen
653 1744 757 1805 ultima
780 1744 952 1806 observatio
977 1741 1148 1822 Septembri
1172 1741 1276 1820 elapso
1305 1739 1430 1814 habita,
1454 1756 1500 1800 re·

138 1829 249 1892 tutavit
269 1830 396 1910 primam
420 1830 546 1894 Octobri
571 1833 734 1912 superioris
759 1833 828 1894 anni
852 1843 988 1913 captam,
1025 1840 1056 1893 et
1083 1830 1315 1892 confirmabatur
1345 1850 1364 1890 a
1389 1826 1500 1890 duabus

136 1918 269 1999 reliquis.
316 1918 364 1980 Ex
389 1922 525 1983 omnibus
549 1922 645 1983 tribus
669 1923 852 2002 comparatis
875 1940 929 2001 pro
955 1930 1037 1983 certo
1063 1920 1205 1999 colligere
1228 1918 1328 1999 potui,
1360 1917 1501 1979 differen-

137 2009 211 2071 tiam
235 2008 266 2069 in
290 2008 500 2071 altitudinibus
524 2010 638 2093 polaris
662 2013 791 2085 stellae,
825 2011 850 2073 si
875 2031 933 2092 qua
958 2018 1023 2083 est,
1055 2010 1133 2071 infra
1163 2016 1231 2070 octo
1260 2006 1404 2086 scrupula
1428 2022 1501 2068 esse.

139 2098 218 2160 Nam
243 2097 282 2159 ad
305 2097 435 2160 minores
459 2100 623 2178 particulas
649 2100 878 2162 instrumentum
903 2119 1000 2161 meum
1024 2118 1081 2159 non
1102 2097 1267 2159 descendit.
1300 2095 1399 2175 Igitur
1412 2092 1502 2158 aemi·

140 2187 288 2248 diameter
312 2186 408 2260 orbis,
433 2189 483 2267 qui
507 2189 631 2250 Terram
657 2191 753 2265 vehit,
779 2182 880 2250 minus
896 2208 984 2269 quam
1010 2186 1251 2269 quingentesima
1280 2184 1433 2265 particula
1460 2191 1505 2244 est

141 2275 177 2337 de
202 2274 428 2337 semidiametro
460 2277 594 2338 lixarum.
649 2278 801 2340 Dimoveui
839 2289 940 2339 tamen
975 2297 1032 2337 nou
1065 2295 1187 2356 possum
1216 2275 1254 2337 ab
1287 2293 1323 2335 ea
1356 2272 1503 2354 opinione,

139 2363 208 2444 quin
233 2364 368 2437 credam,
407 2365 528 2425 tandem
562 2365 591 2425 in
622 2365 721 2446 aliquo
750 2366 845 2445 primo
871 2367 918 2427 vel
947 2365 1101 2427 luculenta
1129 2373 1217 2443 parte
1241 2362 1328 2443 primi
1352 2371 1503 2442 repertum

138 2452 175 2514 iri
199 2451 408 2512 differentiam.
456 2451 544 2522 Quod
568 2455 592 2514 si
618 2453 673 2514 hoc
697 2473 754 2515 non
780 2456 849 2528 fiat,
879 2463 911 2515 et
940 2455 967 2514 si
991 2455 1062 2515 milri
1081 2453 1261 2515 credendum
1285 2451 1340 2527 sit,
1365 2450 1502 2513 omuibus

138 2540 233 2602 modis
258 2539 510 2603 inaestimabilem
533 2561 601 2604 esse
625 2543 816 2605 altitudinem
839 2545 964 2606 lixarum
988 2545 1025 2604 ad
1042 2541 1124 2605 Solis
1149 2542 1352 2609 altitudinem,
1368 2539 1426 2601 hoc
1446 2557 1503 2601 uno

139 2636 315 2709 argumento
343 2629 411 2708 plus
443 2631 577 2691 offendar
608 2631 638 2692 iu
663 2632 836 2694 defensione
870 2630 1043 2711 Copernici,
1084 2651 1171 2712 quam
1203 2631 1284 2693 mille
1314 2628 1504 2691 saeculorum

139 2737 298 2781 consensu.
346 2716 491 2788 Quamvis
519 2720 608 2781 unica
636 2721 796 2801 religiosae
825 2722 934 2782 mentis
967 2722 1118 2782 attonitae
1149 2728 1182 2781 et
1212 2718 1363 2800 stupentis
1399 2716 1502 2779 excla-

117 2807 269 2882 matione
295 2804 479 2887 Copernicus
504 2809 591 2888 hujus
615 2810 785 2872 offendiculi
815 2811 940 2895 nebulas
969 2809 1147 2889 dispulerit:
1172 2809 1293 2869 Tanta
1316 2806 1501 2879 nimirum,

139 2897 284 2978 inquiens,
310 2904 369 2958 est
392 2898 480 2959 haec
504 2897 569 2959 Dei
594 2897 678 2979 Opt.
702 2900 796 2961 Max.
822 2899 987 2961 Fabrica.
1034 2900 1079 2960 At
1102 2899 1201 2960 hercle
1224 2905 1344 2959 recreat
1373 2914 1423 2958 me
1447 2912 1504 2957 non

140 2986 256 3058 leviter,
284 2985 353 3045 dum
376 2989 538 3066 perpendo,
563 3007 620 3049 nou
645 2998 707 3049 tam
732 2990 840 3050 debere
865 3008 919 3049 uos
943 2988 1044 3049 mirari
1068 2988 1221 3068 ingentem
1244 2993 1277 3048 et
1298 2984 1434 3047 infinitae
1460 2983 1505 3047 si-

138 3075 240 3137 milem
267 3073 365 3136 ultimi
393 3075 469 3136 coeli
504 3077 749 3154 amplitudinem,
788 3096 876 3158 quam
909 3097 924 3137 e
958 3086 1063 3138 eontra
1095 3085 1232 3138 nostmm
1264 3074 1503 3148 homuncionum,

141 3172 322 3242 nostraeque
347 3163 432 3243 hujus
457 3165 640 3227 exilissimae
663 3166 812 3245 glebulas,
830 3168 964 3246 adeoque
980 3166 1133 3228 mobilium
1148 3165 1277 3228 omnium
1296 3163 1504 3243 exiguitatem·

139 3253 255 3331 Nempe
279 3251 344 3312 Deo
368 3253 493 3314 mundus
518 3272 576 3314 non
601 3263 649 3315 est
672 3264 791 3329 vastus,
821 3265 855 3316 at
877 3275 931 3316 nos
956 3256 1083 3329 mundo,
1117 3273 1165 3316 me
1190 3252 1331 3326 Christe,
1361 3268 1505 3333 perquam

140 3340 240 3420 exigui
269 3359 382 3403 sumus.
429 3340 510 3412 Quid
543 3343 622 3404 enim
650 3343 677 3405 ei
712 3338 815 3423 potest
843 3344 939 3406 videri
975 3363 1134 3423 magnum,
1174 3343 1223 3424 qui
1261 3351 1320 3404 etc.
1355 3340 1506 3404 ucetiam

141 3428 296 3492 Ciceronis
321 3431 485 3491 autoritate
509 3439 586 3494 utar.
633 3433 738 3512 Neque
763 3452 801 3493 ex
824 3434 901 3495 mole
926 3433 1070 3512 judicium
1099 3441 1148 3494 est
1180 3433 1217 3493 de
1248 3431 1440 3512 praestantia
1463 3430 1505 3491 ia·

141 3519 289 3581 ciendum.
336 3519 419 3581 Deus
443 3520 536 3594 enim,
561 3521 663 3601 quiin
688 3522 760 3583 altis
784 3522 918 3595 habitat,
950 3522 1073 3583 humilia
1100 3532 1200 3583 tamen
1230 3520 1363 3599 respicit.
1412 3520 1455 3581 Et
1477 3517 1505 3579 si

141 3607 264 3669 mobilia
299 3609 366 3670 ideo
399 3608 546 3672 vilissima
582 3629 653 3689 pars
687 3610 789 3672 mundi
818 3618 933 3684 essent,
968 3611 1037 3691 quia
1072 3618 1169 3673 totum
1196 3619 1333 3691 systema
1366 3616 1505 3688 respecto

141 3699 267 3760 finarum
298 3717 392 3778 prope
426 3699 600 3761 evanescit:
635 3708 718 3761 esset
754 3700 858 3761 eodem
895 3709 1072 3779 argumento
1111 3701 1197 3761 homo
1234 3700 1313 3761 inter
1349 3704 1506 3778 postrema

142 3788 243 3848 mundi
267 3788 500 3866 rejectameuta,
538 3789 588 3868 qui
626 3790 795 3868 comparari
828 3809 894 3851 cum
923 3789 1031 3863 Terra,
1061 3789 1156 3851 Terra
1186 3788 1254 3867 ipsa
1281 3806 1347 3849 cum
1380 3785 1506 3849 Saturni

142 3877 226 3937 coelo
261 3876 380 3937 minime
408 3885 530 3954 potest:
566 3885 649 3939 esset
681 3878 811 3958 quinimo
844 3877 1011 3940 crocodilus
1045 3886 1098 3938 aut
1129 3878 1252 3957 elephas
1285 3877 1351 3937 Deo
1384 3875 1504 3956 majori,

144 3983 232 4043 quam
257 3966 359 4037 homo,
394 3984 499 4035 curae,
530 3975 690 4045 propterea
719 3968 789 4047 quia
817 3968 894 4028 mole
919 3968 1066 4027 hominem
1091 3975 1243 4045 superant.
1289 3966 1381 4026 Hisce
1406 3975 1439 4027 et
1461 3964 1506 4026 si-

145 4053 265 4112 milibus
290 4053 439 4114 ratiouum
463 4055 615 4130 fomentis,
641 4057 742 4116 nescio
768 4065 800 4117 ut
824 4056 929 4134 ingens
953 4056 1000 4116 hic
1025 4055 1110 4117 bolus
1135 4055 1278 4136 concoqui
1301 4053 1409 4134 possit.

232 4142 324 4202 Porro
349 4142 551 4204 instrumenta
575 4163 701 4222 magna,
735 4152 858 4218 exacta,
894 4154 925 4205 et
953 4144 1206 4206 rectificatissima
1234 4153 1339 4224 optare
1373 4160 1507 4224 possum,

142 4229 289 4302 indicare,
319 4250 376 4310 quo
406 4230 485 4304 loco,
520 4251 578 4310 qua
605 4232 732 4310 pecunia
766 4241 994 4312 comparentur,
1029 4252 1085 4294 non
1114 4253 1246 4313 possum.
1301 4234 1388 4294 Dono
1424 4231 1509 4295 dedit

142 4317 305 4382 Moestlino
331 4318 431 4400 Tycho
456 4319 555 4380 Brahe
581 4340 706 4381 aeneum
731 4323 894 4403 quoddam,
921 4322 1111 4385 utilissimum
1136 4323 1269 4404 quidem,
1294 4323 1320 4384 si
1343 4322 1509 4384 Moestlino

144 4409 207 4487 ejus
232 4407 399 4468 advehendi
424 4428 460 4469 ex
484 4409 566 4470 Balti
592 4412 658 4483 (eo)
683 4419 807 4483 sumtus,
834 4419 887 4471 aut
910 4412 1078 4490 incorrupte
1104 4432 1157 4491 per
1173 4421 1291 4474 tanturn
1315 4411 1509 4473 intervallum

143 4496 318 4558 traducendi
343 4515 413 4576 spes
437 4505 530 4558 esset.
578 4496 677 4560 Credo
701 4518 754 4577 per
777 4500 986 4561 Moecenatem
1010 4510 1041 4561 et
1063 4502 1249 4564 Praxitelem
1269 4501 1419 4580 Keplerus
1440 4501 1510 4575 (ant

144 4587 209 4664 ejus
235 4587 299 4646 loco
324 4586 409 4647 multi
436 4587 501 4659 alii)
527 4606 584 4657 nnn
611 4588 802 4666 inelegantia,
829 4608 884 4649 nec
908 4590 1026 4651 inutilia
1049 4598 1190 4652 strueret.
1238 4588 1384 4660 Quamvis
1407 4591 1435 4652 si
1457 4607 1510 4650 ar-

143 4674 256 4736 tificem
278 4674 350 4735 mihi
373 4682 488 4756 optem,
529 4695 586 4736 non
617 4678 795 4739 arcularinm
824 4679 932 4751 velim,
966 4679 1019 4739 sed
1049 4680 1208 4750 moratium
1239 4687 1272 4743 et
1299 4679 1510 4742 architectum.

143 4763 230 4826 anri
255 4764 388 4826 enimet
412 4765 633 4845 amphitheatro
657 4767 824 4829 rectissime
849 4768 915 4847 quis
939 4777 1049 4840 utatur,
1075 4768 1131 4829 hoc
1154 4777 1216 4843 est,
1241 4769 1455 4850 perpendiculo
1480 4774 1513 4828 et

146 4872 236 4937 aqua.
283 4852 365 4917 Sane
387 4871 442 4940 pro
467 4854 549 4918 Solis
572 4856 783 4919 observatione
806 4876 862 4919 nec
885 4857 985 4942 optari
1008 4855 1128 4940 quidem
1152 4859 1251 4942 aptius
1276 4859 1434 4940 quicquam
1451 4875 1511 4939 po-
