3278 5542
627 330 659 381 ds
676 330 749 381 robur
767 333 929 398 astrologicis.
1398 328 1463 395 355

115 485 296 566 mpossibile
320 506 358 548 ex
372 491 457 552 coelo
472 491 647 568 praedicere
661 500 778 566 ventos,
803 491 862 552 nisi
881 510 1005 567 annuos,
1030 509 1087 551 non
1112 491 1194 570 prins
1209 490 1331 570 cognita
1346 489 1465 563 iptema

116 575 263 655 {realitate
288 579 488 656 quarumlibet
520 589 682 654 terrarum,
714 590 748 641 ut
771 581 917 655 sciamus,
951 600 1008 660 quo
1037 590 1171 660 tempore
1195 577 1322 658 quilibet
1349 587 1465 640 tractus

116 663 247 726 tbundet
270 665 403 728 humore.
451 669 496 728 Tu
519 687 591 729 varo
615 669 734 748 quaeris
758 671 920 731 etiamnum
945 689 1010 731 cnm
1031 669 1205 748 vulgaribus
1230 668 1401 747 astrologis,
1426 687 1465 728 au

116 753 184 815 arti
209 752 351 832 planetae
375 765 524 819 certorum
554 758 615 818 sint
637 767 794 820 ventorum
826 768 971 831 motores,
1002 757 1087 837 quasi
1118 757 1247 818 influxus
1275 757 1466 834 planetarum
1493 786 1496 793 ⁴

116 860 170 903 am
184 843 250 903 sint
262 844 464 923 particulares
489 854 521 906 et
540 865 641 907 curam
657 856 752 925 agant
771 847 986 925 distinctarum
1003 848 1114 908 Terrae
1130 845 1271 926 partium.
1319 844 1466 923 Equidem

116 948 173 991 am
204 939 254 992 est
280 950 377 1011 parva
399 934 518 1009 Tellus,
553 944 617 996 tam
645 944 762 997 remota
785 938 860 999 haec
883 945 1002 1011 nostra,
1028 954 1103 1015 qnae
1127 936 1210 1007 fiunt,
1236 954 1255 994 a
1277 933 1467 1012 planetamm

116 1019 266 1093 ausibus,
301 1022 326 1082 si
351 1040 425 1101 quos
448 1021 492 1084 illi
517 1023 645 1097 habent,
678 1032 712 1086 nt
735 1025 853 1087 omnino
876 1025 960 1086 Deos
984 1043 1051 1086 esse
1077 1041 1201 1085 necesse
1226 1021 1281 1096 sit,
1312 1022 1339 1083 si
1362 1020 1467 1082 harum

116 1125 212 1170 erum
243 1109 358 1171 habent
385 1111 535 1172 notitiam.
582 1113 662 1175 Nam
691 1114 756 1175 sine
784 1114 894 1176 notitia
918 1113 1128 1175 administrare
1157 1112 1218 1172 ista
1246 1129 1305 1171 nou
1328 1118 1466 1188 possunt.

116 1197 217 1271 dices,
243 1216 298 1277 per
321 1201 545 1279 sympathiam?
590 1201 667 1263 Dico
691 1221 763 1282 ego,
788 1205 900 1265 nullam
925 1222 993 1263 esse
1018 1200 1231 1284 sympathiam,
1256 1217 1333 1278 qnae
1356 1217 1415 1260 uon
1438 1198 1468 1258 iu
1531 1241 1533 1245 ψ

116 1305 188 1346 saec
213 1287 272 1346 duo
296 1306 410 1364 genera
433 1291 538 1363 cadat,
569 1310 725 1371 corporum
755 1301 786 1353 et
810 1294 983 1353 animorum.
1032 1289 1213 1372 Sympathia
1242 1288 1320 1349 inter
1343 1305 1470 1366 corpora

117 1384 161 1436 eat
185 1377 372 1454 magnetica,
408 1386 442 1438 ut
471 1399 565 1440 causa
594 1382 649 1442 loci
674 1388 705 1442 et
727 1383 871 1461 temporis
900 1380 980 1442 idern
1009 1381 1062 1441 fiat
1091 1380 1128 1440 de
1160 1395 1234 1450 uno,
1265 1376 1344 1456 quod
1371 1376 1406 1437 fit
1433 1375 1469 1436 de

117 1464 230 1535 altero,
259 1474 293 1526 ut
320 1485 466 1528 converse
498 1477 638 1547 magnete
669 1471 779 1531 sermm
804 1488 919 1551 quoqne
948 1477 1150 1530 convertatur.
1197 1467 1241 1526 At
1265 1464 1363 1544 qualis
1387 1483 1470 1545 sym-

117 1552 233 1628 pathia,
259 1563 301 1626 ut,
327 1575 392 1616 cum
416 1556 542 1634 planeta
565 1558 713 1637 quispiam
729 1568 873 1638 perpetuo
890 1566 1054 1631 moveatur,
1080 1564 1188 1616 ventus
1211 1554 1304 1634 ipsius
1323 1553 1473 1615 interdum

117 1641 233 1703 saltem
255 1645 443 1722 consurgat?
490 1645 523 1707 Si
539 1648 637 1725 quoad
653 1648 759 1709 directi
784 1649 831 1709 vel
846 1646 1016 1725 retrogradi
1040 1653 1111 1706 suut
1133 1644 1290 1722 planetae,
1317 1651 1474 1703 ventorum

117 1731 303 1810 propriorum
320 1733 411 1794 flatus
427 1734 572 1796 durarent
585 1735 685 1810 iidem,
710 1744 781 1797 tuuc
805 1736 880 1797 haec
896 1743 979 1797 esset
1001 1733 1184 1815 sympathia.
1232 1730 1342 1792 Altera
1356 1731 1475 1791 animo·

117 1838 186 1882 rum
212 1821 385 1901 sympathia
409 1830 479 1883 tunc
503 1824 532 1883 in
557 1825 656 1885 ventis
679 1826 776 1886 locum
801 1825 906 1895 habet,
934 1841 999 1884 cum
1024 1835 1077 1884 aut
1099 1819 1230 1901 planetis
1253 1819 1395 1898 relinquis
1419 1835 1476 1878 no-

117 1907 216 1970 itiam
239 1918 406 1985 ventorum,
431 1920 485 1972 aut
511 1913 624 1974 Terras
641 1914 787 1975 ‘notitiam
812 1922 998 1993 aspectuum.
1045 1911 1134 1988 Elige
1158 1917 1256 1969 utrum
1276 1907 1362 1968 velis.
1408 1906 1475 1985 Ego

117 2017 142 2059 n
169 1998 325 2060 sententia
349 2018 470 2073 maneo,
495 2001 525 2062 in
551 2003 670 2065 Tellure
695 2023 762 2064 esse
788 2005 965 2065 facultatem
990 2009 1166 2080 aspectuum
1188 1996 1420 2076 perceptricem,
1445 2001 1477 2054 et

117 2086 240 2167 quoties
265 2087 398 2150 incidunt
423 2099 574 2168 aspectus,
599 2092 780 2153 naturaliter
803 2091 943 2170 instigari
968 2090 1045 2150 hanc
1065 2089 1102 2150 ad
1120 2085 1325 2147 exsudandum
1344 2085 1373 2144 id
1398 2082 1477 2164 qnod

117 2174 223 2247 habet,
249 2195 308 2254 qua
329 2187 418 2257 parte
443 2179 544 2240 habet.
592 2181 739 2242 Sudorem
761 2181 864 2260 pluvia
887 2181 953 2258 ejus
978 2178 1052 2253 loci,
1085 2176 1217 2256 pluviam
1239 2173 1322 2234 venti
1346 2173 1476 2234 circum·
1550 2225 1556 2234 .

117 2263 201 2325 circa
234 2274 413 2344 sequuntur,
448 2277 555 2329 ventos
589 2270 864 2349 circumjacentium
893 2268 1048 2346 regionum
1077 2271 1254 2343 tempestas.
1301 2262 1345 2324 Ut
1376 2269 1479 2322 autem

117 2351 220 2414 Terra
234 2353 316 2414 intus
335 2355 401 2433 jam
417 2354 549 2424 hument.
570 2358 635 2435 jam
660 2368 756 2432 areat,
781 2376 838 2418 non
862 2357 960 2435 magis
984 2375 1020 2416 ex
1036 2355 1121 2416 coelo
1146 2361 1203 2425 est,
1228 2369 1317 2431 quam
1332 2357 1367 2411 nt
1390 2350 1476 2410 homo

118 2441 185 2521 jam
211 2442 312 2516 sitiat,
343 2444 408 2522 jum
433 2443 531 2519 bibat,
560 2446 623 2525 jam
648 2447 793 2526 quiescat.
840 2445 996 2524 Perpende
1026 2452 1127 2504 tamen
1151 2442 1222 2503 hoc:
1256 2438 1339 2499 venti
1363 2437 1478 2499 eminus

118 2530 323 2591 advenientes
347 2550 487 2594 serenare
511 2534 666 2596 videntur:
696 2535 745 2614 qui
769 2553 840 2596 vero
863 2533 982 2613 pluvias
1006 2534 1143 2605 afferunt,
1169 2548 1185 2590 e
1208 2528 1374 2608 propinquo
1398 2525 1478 2588 oriri.

118 2618 203 2679 Hinc
233 2619 396 2680 orientales
420 2623 532 2696 sereni,
568 2623 637 2702 quia
661 2624 785 2685 eminus.
832 2622 971 2697 limium,
1004 2619 1073 2702 quia
1102 2642 1120 2682 a
1149 2618 1223 2680 locis
1252 2616 1412 2677 humilibus
1440 2615 1480 2675 ad

118 2708 255 2781 altiora,
291 2708 319 2768 in
353 2717 420 2770 tota
444 2712 562 2789 quidem
594 2730 671 2790 pene
695 2713 830 2791 Europa,
862 2711 1011 2790 etiamque
1035 2711 1064 2771 in
1087 2708 1240 2770 America.
1288 2703 1480 2767 Contrarium

119 2799 152 2860 iu
179 2797 350 2871 Lusitania,
377 2799 417 2859 ibi
442 2801 519 2860 enim
543 2802 746 2863 occidentales
771 2820 910 2862 serenare
935 2819 1060 2860 necesse
1084 2806 1175 2870 esset,
1202 2813 1267 2857 cum
1282 2794 1381 2873 magni
1397 2794 1480 2854 fluvii

120 2889 154 2950 iu
182 2886 369 2948 occidentem
396 2889 544 2961 ferantur,
569 2898 601 2950 ct
623 2890 667 2950 sic
692 2889 832 2950 occiduae
855 2898 959 2969 partes
983 2898 1054 2949 sunt
1077 2886 1189 2948 ordinis
1213 2882 1388 2945 humilioris.
1436 2882 1481 2942 At

120 2977 153 3040 in
177 2983 247 3036 tota
262 2974 515 3057 reliquaEuropa
539 2978 742 3040 occidentales
763 2987 833 3040 sunt
854 2976 963 3056 pluvii:
993 2977 1063 3057 quia
1085 2971 1255 3056 ponderosi,
1281 2990 1347 3032 cum
1371 2969 1478 3031 devol-

121 3072 239 3127 vantur
261 3082 315 3143 per
338 3065 480 3139 declivia,
507 3066 670 3129 orientales
694 3068 793 3141 leves,
819 3067 868 3146 qui
892 3066 1109 3146 quodammodo
1133 3061 1310 3125 ascendunt.
1356 3059 1479 3120 Ponde-

120 3175 196 3218 rosa
225 3161 326 3214 autem
359 3163 390 3214 et
413 3156 556 3216 devoluta
588 3155 604 3216 a
635 3155 800 3236 propinquo
832 3156 935 3215 venire
962 3173 1087 3215 necesse
1119 3159 1176 3213 est.
1222 3149 1332 3211 Adhuc
1360 3147 1480 3228 quidem

120 3241 261 3317 somnio;
293 3243 408 3323 poterit
441 3245 497 3305 hoc
525 3245 622 3307 excoli
653 3246 712 3306 alio
742 3254 887 3323 tempore.
935 3244 1023 3304 Adde
1058 3250 1158 3304 tamen
1182 3247 1214 3301 et
1237 3238 1309 3312 hoc,
1342 3237 1480 3298 boreales

120 3349 281 3405 serenare,
314 3331 363 3411 qui
396 3332 435 3394 ad
463 3333 540 3394 haec
567 3334 788 3395 mediterranea
818 3333 908 3395 etiam
934 3328 1150 3412 quodammodo
1180 3327 1356 3390 ascendunt.
1402 3326 1481 3388 Item

119 3420 190 3495 hoc,
217 3440 236 3480 a
260 3419 373 3482 nivosis
396 3420 568 3501 regionibus
592 3423 674 3484 venti
698 3422 860 3502 longinqui,
886 3430 920 3483 ut
943 3422 980 3482 ab
1002 3421 1162 3482 Americae
1187 3416 1347 3490 montibus,
1373 3434 1392 3474 a
1414 3415 1480 3476 Lu·

119 3530 180 3573 nae
206 3508 359 3570 montibus
383 3509 412 3571 in
436 3511 553 3586 Africa,
579 3532 597 3572 a
620 3511 767 3591 Rhodope
788 3510 936 3571 Thraciae
970 3509 1084 3571 etesiae
1106 3507 1301 3578 Graecorum,
1325 3524 1345 3564 a
1367 3502 1481 3565 nivosis

120 3596 247 3680 Styriae
278 3599 429 3660 montibus
459 3599 542 3661 venti
574 3600 603 3661 in
628 3600 812 3680 planitiebus
836 3597 1004 3678 Ungariae,
1039 3599 1077 3659 ab
1102 3594 1261 3675 Apennino
1296 3600 1328 3652 et
1349 3591 1480 3672 Alpibus

121 3687 239 3750 niuosis
265 3687 357 3766 gelidi
375 3688 425 3749 illi
444 3689 537 3762 venti,
563 3698 683 3751 aestate
707 3687 777 3749 anni
799 3683 892 3766 1603,
918 3695 952 3749 ut
976 3686 1077 3747 estin
1101 3703 1168 3746 mea
1190 3680 1403 3770 praefatione..

216 3776 283 3850 (Ad
307 3774 355 3849 5.)
402 3774 535 3838 Causam
568 3778 739 3840 lenissimae
768 3776 874 3837 hiemis
905 3794 963 3835 non
987 3774 1091 3846 miror,
1126 3772 1216 3833 miror
1245 3768 1347 3849 potius
1375 3767 1482 3828 eodem

120 3873 259 3946 tempore
284 3864 500 3944 rigidissimam
533 3866 626 3927 luisse
662 3866 792 3928 hiemem
819 3866 849 3928 iu
873 3864 974 3926 Italia.
1022 3860 1101 3931 Quid
1132 3861 1278 3930 dicemus,
1311 3856 1370 3917 uisi
1403 3855 1482 3937 qnod

120 3954 300 4034 Apenninus
324 3962 356 4014 et
379 3953 475 4034 Alpes
487 3955 722 4035 »exspiraverint
744 3956 798 4016 hos
823 3962 945 4028 ventos,
980 3951 1000 4013 ii
1025 3968 1097 4029 orgo
1127 3947 1212 4009 nobis
1237 3954 1308 4008 suut
1330 3945 1481 4008 australes

120 4041 251 4124 ideoque
276 4042 383 4117 calidi,
415 4043 502 4106 Italis
526 4063 597 4106 vero
621 4045 759 4106 boreales
782 4043 909 4123 ideoque
934 4039 1046 4120 frigidi,
1070 4036 1205 4111 simodo
1234 4053 1352 4110 rerum,
1376 4053 1481 4095 omnes

120 4131 262 4195 boreales
287 4131 423 4210 frigidos,
449 4133 600 4195 australes
623 4135 747 4196 calidos.
796 4131 930 4194 Causam
953 4147 1064 4209 quaero
1090 4126 1230 4190 similiter
1261 4124 1292 4185 iu
1316 4122 1482 4184 visceribus

120 4220 246 4282 Terrae.
292 4220 361 4282 Nisi
386 4223 464 4282 enim
487 4221 583 4283 Terra
606 4231 668 4284 tam
698 4223 808 4284 fnisset
830 4221 953 4282 humida
976 4226 1041 4278 toto
1065 4225 1208 4278 autumno
1232 4211 1305 4274 anni
1326 4208 1427 4288 1604,
1453 4219 1485 4272 et

120 4309 219 4372 hieme
250 4318 395 4390 sequente
424 4329 482 4371 non
512 4310 621 4372 fuisset
650 4319 711 4371 tam
742 4311 818 4372 lenis
842 4310 947 4371 hiems.
996 4307 1096 4385 Tepor
1125 4304 1172 4365 hic
1203 4301 1333 4365 obtinuit
1362 4319 1429 4362 cum
1454 4300 1484 4361 in

120 4396 244 4472 Suesia,
269 4406 333 4459 tnm
356 4399 385 4459 in
410 4398 524 4481 Styria,
549 4400 579 4460 in
600 4400 738 4480 Ungaria
761 4418 832 4460 vero
857 4395 1021 4478 aliqnando
1045 4394 1174 4454 immane
1200 4392 1311 4470 frigus,
1343 4397 1378 4450 ut
1399 4388 1485 4450 multi

120 4487 236 4550 milites
264 4486 326 4548 sint
348 4488 462 4549 amissi.
510 4486 626 4550 Contra
654 4487 861 4550 humidissima
889 4495 921 4547 et
951 4486 1014 4545 fere
1047 4500 1165 4561 semper
1193 4478 1296 4560 pluvia
1329 4477 1425 4539 hiems
1453 4479 1485 4540 in

120 4576 283 4651 Bohemia,
318 4575 488 4638 siccissima
515 4577 543 4638 in
569 4575 688 4658 Styria,
721 4587 755 4638 ut
778 4576 946 4638 diutissime
977 4590 1036 4633 uon
1059 4570 1188 4650 pluerit,
1222 4566 1324 4648 pulvis
1348 4565 1484 4631 aestivus

120 4665 224 4728 luerit.
270 4665 358 4727 Adeo
381 4665 502 4727 variant
523 4666 586 4726 ista
608 4684 662 4745 per
684 4666 835 4747 regiones.
884 4660 1040 4743 Superiori
1054 4660 1195 4739 Augusto
1218 4654 1324 4736 primis
1351 4652 1393 4717 10
1416 4655 1485 4719 die-

120 4757 177 4817 bus
201 4754 277 4815 adeo
302 4754 407 4816 valida
434 4753 493 4816 luit
513 4755 689 4824 commotio,
721 4754 797 4816 adeo
830 4752 1010 4833 prodigiosa
1038 4745 1195 4810 inundatio
1220 4743 1350 4806 omnium
1374 4745 1484 4814 fluvio-

120 4860 196 4918 rum,
222 4842 273 4922 qui
296 4862 316 4905 a
336 4842 489 4906 montibus
504 4841 655 4925 Styriacis
680 4844 825 4917 oriuntur,
849 4849 885 4904 ut
906 4839 1059 4903 hominum
1079 4834 1253 4900 memoriam
1278 4838 1410 4914 superet.
1450 4835 1486 4896 In

1212 4939 1275 4994 πᾶ
