3278 5542
242 310 306 379 124
753 311 866 377 Mysteril
885 311 1084 378 cosmographia

238 483 339 549 tates,
371 481 404 536 et
427 473 523 537 tribus
549 474 783 536 dimensionibus
808 481 968 536 constant:
1004 492 1074 535 narn
1097 473 1195 534 ideam
1218 471 1320 535 mundi
1343 471 1514 559 perfectam
1535 489 1588 533 esse

238 564 388 627 convenit.
436 563 574 625 Lineas
598 583 669 625 vero
695 571 726 624 et
749 564 971 643 superficies
996 571 1135 638 rectae,
1162 570 1194 624 ut
1216 562 1361 636 infinitas,
1386 569 1420 623 et
1441 559 1529 641 proiu
1549 580 1588 622 or-

116 658 122 671 ·
238 653 316 716 diuis
333 652 452 714 minime
467 672 606 732 capaces,
633 673 649 712 e
669 653 777 713 mundo
796 653 890 727 finito,
915 652 1148 726 ordinatissimo,
1172 651 1371 731 pulcherrimo
1393 650 1590 729 ejiciamus.⁸)

236 744 367 805 Rursum
382 761 419 803 eu
443 742 672 823 corporibus,
699 761 822 821 quorum
837 741 978 803 infinities
994 741 1109 802 infinita
1123 749 1194 803 sunt
1207 760 1328 820 genera,
1353 738 1521 819 seligemus
1543 738 1590 800 ali·

66 875 72 883 ·
164 897 172 914 ,
237 850 296 911 qua
319 850 410 892 censu
434 831 538 892 habito
561 851 615 914 per
638 838 738 891 certas
763 839 871 903 uotas;
895 839 979 909 puta,
1005 849 1080 910 quae
1105 838 1158 890 ant
1182 831 1280 892 latera
1303 827 1526 908 ant-angulos,
1549 834 1591 890 eut

236 920 336 1000 plana,
361 920 480 999 singula
495 920 544 981 vel
562 920 688 993 alterna,
714 919 761 980 vel
782 921 887 999 quovis
911 919 1062 981 constanti
1086 920 1173 980 modo
1198 919 1294 980 mixta
1315 917 1454 979 habeant
1479 915 1590 979 invicem

237 1002 385 1090 aequalia,
410 1019 443 1070 ut
466 1009 511 1069 ita
535 1010 614 1070 bona
638 1028 703 1070 cum
728 1009 844 1070 ratione
869 1010 906 1068 ad
932 1009 1044 1069 linitum
1065 1009 1176 1089 aliquid
1197 1009 1344 1070 veniatur.
1378 1004 1470 1077 Quod
1486 1005 1590 1086 siquod

236 1117 331 1177 genus
357 1116 513 1177 corporum
536 1116 590 1177 per
614 1107 712 1159 certas
737 1098 922 1159 conditiones
950 1098 1132 1176 descriptum
1156 1097 1236 1158 iutra
1259 1096 1376 1175 species
1401 1096 1525 1176 quidem
1545 1114 1590 1156 nu·

237 1206 318 1249 mero
342 1186 444 1248 finitas
468 1187 623 1259 consistit,
653 1187 707 1247 sed
736 1192 835 1248 taiu'eu
865 1187 894 1247 in
923 1187 1075 1264 ingentem
1099 1205 1287 1248 numerorum
1311 1185 1431 1264 copiam
1455 1183 1589 1265 multipli-

237 1285 333 1350 catur,
360 1294 461 1336 eorum
485 1294 641 1355 corporum
666 1276 791 1354 angulos
815 1284 847 1336 et
870 1283 976 1336 centra
998 1276 1154 1353 planorum
1176 1276 1375 1354 prolixarum
1398 1272 1587 1344 multitudiue,

237 1364 455 1443 magnitudine,
478 1364 597 1443 situque
622 1365 871 1436 demonstrando,
897 1365 924 1424 si
947 1382 1119 1443 possumus,
1145 1364 1341 1425 adhibeamus
1356 1361 1406 1437 b):
1432 1362 1483 1425 sin
1506 1368 1590 1423 subu

238 1453 264 1514 is
290 1454 374 1514 labor
398 1472 455 1514 non
480 1462 528 1515 est
552 1453 697 1527 hominis,
730 1472 801 1533 ergo
819 1454 982 1532 ‘tantisper
1006 1453 1177 1515 differamus
1201 1453 1313 1516 numeri
1337 1472 1373 1514 ac
1398 1452 1481 1514 situs
1504 1468 1589 1512 estun

239 1542 387 1603 rationem
412 1560 574 1621 quaerere,
604 1543 673 1604 dum
702 1543 767 1623 quis
797 1541 884 1605 uobis
907 1543 946 1604 ad
969 1561 1059 1606 unum
1082 1561 1204 1617 omnes,
1235 1551 1308 1622 quot
1336 1548 1512 1622 quantaeve
1533 1539 1589 1611 sint,

238 1631 442 1709 descripserit.
482 1632 587 1692 Missis
612 1632 704 1711 igitur
726 1632 792 1693 fixis
817 1639 907 1711 atque
932 1631 958 1693 ei
982 1631 1153 1710 permissis,
1178 1631 1226 1711 qui
1252 1631 1335 1692 solus
1358 1638 1502 1692 numerat
1524 1628 1588 1691 mul·

237 1719 396 1781 titudinem
425 1722 599 1794 st,ellarum
628 1728 661 1782 et
688 1721 822 1800 singulas
852 1721 969 1781 nomine
997 1729 1088 1782 vocat
1120 1721 1218 1793 (Psal.
1247 1717 1345 1794 147),
1376 1718 1589 1798 sapientissime

238 1808 359 1883 artifici,
385 1828 440 1870 nos
464 1811 567 1872 oculos
591 1811 629 1871 ad
654 1810 850 1890 propinquas,
877 1829 988 1888 paucas
1013 1818 1044 1871 et
1067 1810 1193 1871 mobiles
1216 1817 1441 1872 convertamus.

325 1898 461 1979 Denique
485 1898 579 1977 igitur
602 1899 751 1960 delectum
776 1918 930 1977 corporum
955 1900 980 1961 si
1005 1898 1207 1971 habuerimus,
1233 1906 1323 1978 atque
1348 1916 1470 1959 omnem
1492 1895 1589 1957 mixto·
1619 1914 1627 1929 ·

237 1995 339 2048 rnrut
326 1987 444 2049 turbam
468 1988 660 2067 ejecerimus,
682 1971 874 2050 retineamus
899 2007 969 2049 vero
994 1988 1060 2049 sola
1083 1988 1155 2061 illa,
1187 2007 1310 2067 quorum
1333 1987 1436 2049 omnia
1458 1985 1548 2065 plana
1564 1990 1589 2043 et

239 2076 427 2155 aequilatera
451 2084 482 2137 et
506 2076 705 2156 aequiangula
729 2077 857 2151 luerint,
888 2079 1048 2138 restabunt
1076 2076 1162 2137 uobis
1185 2076 1260 2138 haec
1285 2076 1413 2156 quinque
1443 2091 1589 2153 corpora

237 2165 440 2244 regularia,
466 2166 572 2245 quibus
589 2164 699 2227 Graeci
719 2167 794 2227 haec
814 2167 980 2245 ascripsere
1005 2166 1133 2238 uomina,
1159 2166 1269 2227 cubus
1293 2185 1347 2227 seu
1370 2164 1586 2233 hexaedrun,

237 2254 398 2335 pyramis
423 2273 475 2317 seu
504 2255 745 2329 tetracdrum,
775 2255 1062 2323 dodecasdrmu,
1095 2255 1340 2328 icosabdrum‚
1373 2252 1587 2314 octaedron.

237 2339 384 2423 Quodque
409 2342 455 2403 bis
479 2343 607 2423 quinque
631 2344 717 2422 plura
741 2363 807 2405 esse
831 2362 888 2404 non
913 2345 1046 2423 possint,
1062 2347 1089 2416 ⁰)
1114 2344 1182 2404 vide
1207 2343 1324 2405 Euclid.
1352 2341 1403 2404 lib.
1427 2341 1507 2404 XIII
1530 2346 1589 2419 post

238 2449 322 2509 prop.
351 2428 391 2493 18
415 2431 560 2494 scholion.
577 2429 605 2503 ιι)

327 2517 428 2589 Quare
453 2521 532 2581 sicut
555 2520 659 2582 horum
683 2520 823 2581 delinitus
848 2528 878 2580 et
901 2521 1026 2600 exiguus
1051 2521 1210 2582 admodum
1234 2528 1282 2581 est
1306 2538 1456 2592 numerus,
1482 2525 1587 2579 oetero-

237 2627 301 2669 rurn
319 2616 379 2669 ,aut
402 2608 633 2671 innumerabiles
657 2618 709 2670 aut
733 2608 866 2670 infinitae
895 2609 1032 2688 species,
1065 2611 1110 2672 ita
1138 2609 1239 2671 decuit
1261 2609 1292 2671 in
1316 2609 1426 2671 mundo
1451 2607 1511 2668 duo
1532 2622 1590 2666 ease

237 2697 395 2759 stellarum
419 2717 549 2777 genera,
587 2698 717 2759 evidenti
749 2697 918 2758 discrimine
949 2699 987 2759 ab
1018 2719 1049 2760 se
1075 2699 1200 2759 invicem
1224 2698 1383 2772 distincta,
1418 2691 1589 2775 (cujusmodi

240 2795 340 2848 motus
364 2794 396 2848 et
419 2788 503 2867 quies
527 2789 603 2862 est),
629 2806 751 2866 quornm
775 2807 863 2847 ιιιιιιιιι
888 2789 1119 2866 genusinfiuito
1143 2786 1259 2859 simile,
1290 2794 1324 2847 ut
1346 2786 1442 2859 fixae,
1477 2785 1592 2846 alterurn

237 2882 400 2954 angustum
424 2886 457 2937 ut
479 2876 630 2956 planetae.
678 2877 745 2938 Nou
771 2885 819 2936 est
843 2876 930 2954 hujus
955 2878 1011 2938 loci
1041 2877 1196 2957 disputare
1220 2876 1257 2936 de
1290 2874 1410 2946 causis,
1443 2893 1498 2936 cur
1526 2873 1590 2934 haec

240 2974 427 3039 moveantur,
452 2966 506 3028 illa
529 2985 597 3027 non.
646 2964 707 3027 Sed
730 2965 839 3044 posito,
865 2966 942 3043 quod
966 2967 1106 3046 planetae
1131 2974 1215 3026 ructu
1238 2963 1432 3043 indiguerint,
1456 2962 1591 3043 sequitur,

239 3062 272 3115 ut
296 3053 373 3114 huuc
398 3055 586 3129 obtinerent,
612 3054 755 3116 rotundos
780 3054 867 3115 orbes
892 3055 1026 3133 accipere
1052 3054 1202 3116 debuisse.
1218 3056 1246 3127 ⁰)

330 3141 487 3204 Habemus
503 3143 605 3204 orbem
619 3152 742 3223 propter
756 3151 878 3215 motum,
903 3153 934 3205 et
957 3162 1083 3222 corpora
1105 3163 1179 3224 prop
1182 3150 1228 3204 ter
1251 3161 1404 3204 uumemm
1429 3147 1462 3201 et
1484 3138 1594 3218 magui·

239 3229 415 3305 tudines:¹)
441 3231 510 3311 qnid
534 3240 632 3293 restat
655 3230 801 3310 amplius,
828 3232 895 3310 quin
921 3233 1055 3295 dicamus
1079 3251 1145 3294 cum
1169 3233 1307 3304 Platone,
1331 3234 1408 3292 deor
1430 3227 1479 3292 oiri
1501 3248 1595 3308 prope

240 3341 326 3396 apsis,
352 3328 441 3400 atque
465 3321 495 3381 in
520 3320 577 3381 hac
602 3320 753 3382 mobilium
778 3320 892 3381 fabrica
915 3341 1040 3401 corpora
1064 3322 1186 3384 orbibus
1206 3330 1237 3381 et
1251 3321 1339 3383 orbes
1354 3318 1533 3397 corporibus
1552 3316 1596 3378 iu·

238 3407 397 3487 scripsisse
422 3409 582 3489 tantisper,
608 3410 676 3471 dum
700 3409 813 3471 nullum
837 3411 964 3488 amplius
989 3429 1096 3490 corpus
1119 3418 1261 3481 restaret,
1284 3409 1362 3488 quod
1385 3425 1445 3469 non
1470 3407 1551 3469 intra
1570 3411 1598 3465 et

238 3504 327 3558 extra
350 3498 509 3560 mobilibus
533 3498 653 3560 orbibus
678 3498 821 3560 vestitum
845 3508 937 3560 esset.
984 3500 1061 3561 Nam
1085 3519 1124 3560 ex
1153 3496 1203 3573 13,
1232 3492 1287 3570 ll,
1314 3493 1364 3572 15,
1392 3490 1443 3570 16,
1473 3494 1514 3559 17
1537 3492 1598 3557 libri

237 3585 323 3648 XIII.
340 3586 475 3650 Euclidis
500 3588 600 3650 videre
625 3595 683 3659 est,
707 3606 796 3667 quam
820 3587 893 3648 haec
918 3607 1043 3667 corpora
1066 3598 1176 3650 natura
1199 3607 1255 3649 sua
1278 3587 1340 3648 siut
1364 3593 1440 3665 apta
1464 3585 1506 3647 ad
1527 3585 1598 3647 banc

238 3675 463 3756 inscriptionem
488 3685 519 3740 et
541 3676 856 3755 circumscriptionem.
905 3674 1006 3746 Quare
1036 3679 1061 3739 si
1093 3678 1220 3759 quinque
1250 3694 1377 3755 corpora
1399 3673 1600 3736 mediantibus

237 3774 269 3826 et
302 3766 512 3829 claudentibus
546 3767 668 3830 orbibus
702 3767 872 3828 inserantur
904 3766 962 3827 sibi
996 3775 1116 3841 mutuo,
1152 3765 1328 3827 habebimus
1361 3781 1518 3827 nnmerum
1549 3778 1600 3824 sex

237 3854 363 3916 orbium.

326 3940 414 4014 Quod
439 3943 465 4004 si
490 3944 592 4024 aliqua
615 3943 716 4005 mundi
742 3951 829 4003 aetas
853 3943 908 4004 boc
932 3950 1023 4023 pacto
1043 3944 1079 4003 de
1095 3944 1195 4004 mundi
1211 3941 1408 4022 dispositione
1424 3938 1601 4020 disputavit,

239 4039 272 4092 ut
295 4050 349 4093 sex
379 4031 467 4093 orbes
497 4043 624 4110 poneret
652 4032 777 4093 mobiles
805 4032 886 4093 circa
909 4030 1013 4093 Solem
1045 4032 1243 4106 immobilem,
1278 4030 1331 4092 illa
1363 4030 1467 4110 utique
1502 4046 1601 4092 veram

237 4119 452 4181 astronomiam
475 4119 613 4183 tradidit.
659 4120 773 4201 Atqui
797 4121 976 4199 ejusmodi
1008 4140 1071 4183 sex
1095 4120 1202 4200 orbes
1226 4121 1338 4182 lrabet
1363 4117 1600 4196 Coperuicus,

238 4227 372 4290 eosque
397 4209 502 4270 binos
526 4208 560 4269 in
585 4209 764 4288 ejusmodi
788 4210 830 4269 ad
855 4208 1012 4271 invicem
1036 4211 1292 4289 proportione,
1326 4217 1362 4270 ut
1385 4208 1478 4268 haec
1502 4205 1601 4288 quiu-

238 4316 306 4377 que
335 4316 488 4379 corpora
517 4298 636 4359 omnia
666 4297 859 4378 aptissime
889 4298 1116 4361 interlocari
1147 4299 1311 4378 possint,
1345 4316 1437 4377 qnae
1470 4314 1601 4359 summa

238 4387 312 4449 erit
333 4406 456 4449 eorum
485 4405 575 4466 quae
604 4396 814 4466 sequnntur.
863 4384 964 4456 Quare
989 4388 1139 4468 tantisper
1162 4388 1329 4450 audiendus
1354 4395 1418 4459 est,
1443 4386 1516 4447 dum
1538 4383 1602 4465 quis

237 4483 291 4538 aut
314 4476 448 4556 aptiores
472 4475 512 4536 ad
535 4477 610 4537 haec
624 4475 886 4556 plrilosophemata
900 4476 1061 4562 protulerit
1074 4477 1266 4559 hypotheses,
1293 4485 1346 4537 aut
1368 4475 1516 4549 docuerit,
1540 4474 1599 4535 lbr-

238 4565 315 4626 tuito
338 4566 368 4626 iu
398 4584 535 4627 numeros
566 4573 655 4645 atque
684 4565 712 4626 in
746 4574 875 4626 mentem
909 4565 1035 4626 bominis
1068 4565 1198 4646 irrepere
1232 4584 1342 4646 posse,
1376 4564 1455 4643 quod
1490 4562 1602 4643 optima

238 4654 353 4715 ratione
378 4673 416 4716 ex
440 4654 515 4733 ipsis
539 4663 664 4716 naturae
694 4653 849 4733 principiis
882 4655 1042 4715 deductum
1067 4663 1123 4717 est.
1170 4656 1249 4719 Nam
1282 4654 1352 4733 qnid
1385 4651 1601 4727 admirabilius,

239 4743 309 4822 quid
333 4744 370 4804 ad
393 4744 634 4824 persuadendum
659 4744 913 4806 accommodatius
934 4743 991 4804 dici
1017 4752 1069 4804 aut
1094 4745 1164 4822 fingi
1187 4751 1305 4824 potest,
1339 4761 1428 4823 quam
1451 4741 1533 4824 quod
1556 4760 1601 4815 ea,

142 4898 153 4913 ⁴
239 4851 316 4914 quae
332 4830 516 4916 Copemicus
540 4852 577 4896 ex
592 4854 793 4914 φαινομηοις,
816 4851 854 4894 ex
877 4832 1044 4908 effectibus,
1071 4851 1107 4894 ex
1131 4833 1359 4916 posterioribus,
1383 4830 1471 4915 quasi
1495 4848 1602 4895 caesus
