3278 5542
712 104 873 163 mamm
1449 106 1470 177 9

124 262 177 314 nihil
194 262 276 315 hahet
294 271 320 317 et
337 267 424 317 nititur
441 267 531 318 canoni
548 267 726 335 tcimgnlcrnun
745 283 762 320 a
779 285 806 322 re
824 270 881 321 olim
899 270 973 322 edito.
1011 269 1104 321 Verum
1122 284 1172 321 non
1190 269 1282 329 dubito.
1299 271 1358 338 quin
1375 270 1472 323 libellus

120 335 186 384 inrlt
203 335 265 386 ollnn
283 335 317 387 ab
333 338 385 403 ipso
404 339 570 403 cnmcdptur,
590 347 739 406 anteqnmn,
758 355 822 407 quae
839 342 962 407 penitiora
977 340 1051 405 hujus
1068 341 1188 393 edendae
1206 347 1279 400 mut.
1301 342 1398 407 plenius
1414 356 1471 408 per·

10 408 22 421 '
118 411 244 457 renum
260 407 351 461 neae
386 410 423 460 At
440 411 505 474 quod
522 411 619 470 scribis,
637 419 664 463 te
680 428 763 463 meum
782 413 918 465 suditorem
936 428 990 465 ease
1008 412 1083 468 nelle,
1100 413 1127 464 id
1145 413 1259 469 obsecro.
1281 413 1394 465 discrima
1411 412 1472 465 rnlhi

117 477 240 543 expliceu
260 478 338 531 mm
356 483 422 532 enirn
439 496 502 532 rum.
540 479 610 544 (Vid.
629 483 740 536 Hansch.
758 501 782 550 p.
803 481 841 547 3.)

183 549 313 616 Keplerus
331 551 395 605 haee
412 553 553 618 respondit:

716 678 748 742 S.
773 681 808 742 P.
833 680 872 743 D.

200 799 330 862 Literns
344 809 422 876 tuas,
440 797 615 864 Clarissimo
628 802 755 864 Domine
769 803 961 885 Praeceptor,
977 798 1084 866 creo.
1101 802 1240 883 scriptas,
1256 799 1287 867 4.
1302 798 1341 866 id
1356 803 1481 884 Aprilis.

119 888 219 969 accepi
245 896 279 951 et
302 890 339 951 ad
363 908 416 952 eas
439 909 493 971 per
514 891 764 954 Emdschochinm
787 892 942 972 respondi,
971 901 1132 972 propterea
1155 893 1232 973 qnod
1256 892 1470 955 humanitatem

116 987 195 1039 tuam
219 978 387 1041 intricatae
409 998 494 1042 meae
516 998 622 1042 manus
644 980 774 1043 lectione
798 981 956 1044 liberatam
971 980 1126 1043 volebam:
1150 982 1284 1063 quodque
1303 981 1376 1044 nihil
1396 990 1471 1053 erat,

114 1066 191 1147 qnod
217 1068 384 1131 tacendum
407 1077 500 1132 esset.
543 1069 623 1134 Nam
648 1089 723 1152 quae
748 1071 862 1150 etjam
886 1077 949 1133 tum
972 1070 1019 1131 hic
1044 1071 1239 1150 gerebantur,
1268 1078 1299 1132 et
1327 1070 1471 1134 hactonus

10 1208 14 1245 ·‚
113 1155 199 1235 plura
223 1157 412 1229 acciderunt,
436 1177 511 1238 quae
535 1159 731 1221 mutationem
755 1167 854 1222 status
877 1161 935 1222 mei
959 1167 1107 1239 spectant,
1133 1158 1238 1241 quibus
1263 1159 1354 1222 etiam
1378 1179 1471 1240 expe-

10 1320 16 1332 ·
116 1245 234 1308 dieudis
258 1252 312 1308 tuo
335 1245 407 1308 mihi
431 1246 554 1309 consilio
578 1266 652 1329 opus
680 1255 746 1311 eet:
777 1248 830 1311 illa
858 1249 957 1311 omnia
979 1248 1017 1310 D.
1042 1248 1081 1312 D.
1106 1249 1237 1329 Papio,
1269 1249 1379 1311 fautori
1406 1267 1471 1311 meo

10 1381 18 1422 q
117 1333 263 1415 singulari
296 1353 397 1397 coram
427 1336 563 1398 recensui
591 1347 623 1400 et
650 1338 719 1419 quia
746 1338 797 1400 ille
826 1339 926 1401 omnia
949 1339 1013 1417 jam
1042 1338 1157 1418 pridem
1185 1337 1303 1399 sciebat
1331 1357 1378 1399 me
1407 1337 1472 1418 ipso

10 1475 20 1514 Ξ
117 1424 200 1504 longe
225 1423 350 1500 rectius,
375 1437 465 1506 atque
489 1426 564 1487 adeo
588 1426 698 1489 certius
721 1429 833 1489 reterre
857 1428 912 1490 tibi
935 1434 1072 1489 oretenus
1091 1434 1203 1507 potest,
1229 1445 1317 1508 quam
1340 1446 1396 1506 ego
1419 1445 1473 1508 per

10 1579 20 1590 ,
119 1513 240 1575 literas:
271 1512 340 1575 ideo
364 1512 462 1595 ipsum
485 1513 701 1577 officiosissime
725 1517 822 1593 oravi,
851 1538 888 1578 ne
912 1516 997 1591 milri,
1026 1516 1075 1577 ubi
1099 1517 1245 1578 H.‘Iham
1269 1516 1470 1589 convenisset,

10 1633 22 1691 q
118 1602 168 1664 hnc
190 1620 292 1685 opera
316 1602 446 1666 deesset.
493 1601 553 1676 Qut
576 1624 633 1666 non
658 1605 753 1667 solnm
776 1606 805 1668 id
829 1624 861 1666 se
891 1606 1038 1667 facturum
1065 1605 1192 1686 recepit,
1224 1606 1278 1669 sed
1307 1605 1398 1668 etiam
1424 1624 1473 1669 une

10 1757 20 1768 ,
122 1691 272 1771 praesenti
298 1698 330 1754 et
353 1692 478 1756 salutari
503 1692 628 1755 consilio
656 1694 818 1757 instmxit:
852 1695 928 1757 adeo
959 1701 991 1756 ut
1019 1693 1091 1755 nihil
1119 1701 1232 1770 restet,
1266 1713 1354 1775 quam
1376 1701 1411 1757 nt
1431 1692 1472 1757 Η.

10 1830 13 1840 .
123 1781 206 1843 'luem
221 1780 373 1861 majorem
388 1780 417 1843 in
433 1782 550 1844 modum
566 1801 676 1863 rogem,
702 1803 738 1845 ne
753 1784 930 1864 dedignetur
943 1783 972 1843 in
992 1783 1050 1844 mei
1069 1782 1199 1863 gratiam
1219 1783 1258 1845 ab
1277 1783 1327 1845 illo
1347 1782 1471 1857 discere,

10 1859 21 1955 ζ
127 1887 186 1949 quse
199 1889 253 1933 me
273 1888 385 1932 caueae
400 1879 552 1946 moveant,
577 1873 732 1953 quominus
753 1872 920 1934 existimem
943 1872 1015 1934 mihi
1039 1871 1150 1935 diutius
1175 1879 1264 1955 atque
1287 1872 1319 1934 in
1342 1888 1473 1953 sequen·

10 2036 13 2043 .
132 1967 176 2019 ten
189 1978 307 2022 annum
322 1955 365 2024 96
387 1960 436 2021 hio
456 1961 716 2023 commorandum:
747 1961 853 2023 deinde
874 1980 946 2023 vero
970 1961 1125 2042 perpensis
1149 1961 1186 2025 iis
1210 1960 1310 2025 ansis
1332 1980 1380 2025 une
1404 1978 1472 2024 cer-

132 2048 218 2111 tiorem
234 2048 359 2120 reddat,
382 2048 452 2130 quid
472 2050 722 2112 consultissimum
745 2050 907 2113 existimet.
944 2047 1076 2131 Cumque
1091 2048 1183 2112 nolim
1196 2050 1353 2133 quicquam
1367 2056 1474 2113 contra

131 2137 331 2219 obligationem
353 2157 451 2201 meam
474 2139 591 2201 iacere:
621 2139 694 2202 illud
718 2139 809 2202 etiam
832 2140 910 2203 scire
933 2146 1058 2220 expeto,
1084 2139 1304 2203 consulendnne
1327 2138 1369 2203 sit
1389 2136 1474 2203 ouria
1513 2160 1519 2173 ¹

131 2224 193 2304 prius
216 2234 312 2307 atque
341 2227 409 2290 hinc
433 2247 479 2289 me
503 2229 655 2290 conform
678 2229 829 2292 aliorsum.
874 2230 968 2291 Putat
991 2226 1069 2290 enim
1092 2228 1131 2291 D.
1156 2226 1283 2310 Papius,
1312 2246 1403 2310 posse
1424 2246 1472 2291 me

10 2380 12 2387 ,
133 2315 242 2378 honesto
257 2316 381 2393 salario,
405 2336 472 2379 cum
495 2317 594 2397 aliquo
616 2318 762 2398 discipulo
781 2320 809 2381 in
830 2318 960 2398 aliquam
975 2317 1161 2381 academiam
1181 2316 1344 2381 discedere.
1375 2315 1471 2381 Deui-

135 2423 176 2484 que
195 2405 224 2467 si
248 2423 323 2486 opus
347 2405 459 2468 habeat
480 2406 520 2467 H.
545 2406 611 2467 ‘iba
634 2407 808 2470 dilucidiora
836 2406 1053 2487 explicatione,
1083 2414 1173 2488 atque
1201 2407 1232 2469 id
1260 2405 1332 2468 milri
1355 2405 1472 2488 signill-

136 2494 231 2556 caverit
254 2494 402 2567 (lortusso
426 2496 518 2558 etiam
535 2495 598 2557 sine
617 2495 688 2567 hoc)
713 2516 769 2577 ego
792 2496 907 2577 prolixe
931 2495 1070 2558 scribam.
1108 2496 1248 2559 Nondum
1271 2515 1354 2571 saue,
1377 2494 1473 2557 Prae·
1556 2524 1560 2530 ·

138 2590 220 2662 ceptor
232 2583 527 2656 benevolentissime,
553 2592 672 2666 tempus
693 2594 748 2662 est,
773 2593 807 2647 ut
825 2604 954 2647 messem
974 2591 1090 2646 tuorum
1114 2585 1322 2647 beneficiorum
1345 2604 1382 2646 ex
1404 2602 1473 2647 mea

140 2672 303 2749 grstitudiue
333 2672 470 2754 colligas.
519 2670 620 2744 Quare
648 2674 724 2736 hanc
752 2664 841 2755 porro
869 2680 1034 2736 sementem
1063 2673 1162 2736 facere
1192 2693 1229 2735 ne
1260 2673 1382 2753 pigeat:
1414 2664 1479 2735 hac'

140 2768 201 2823 certa
217 2779 283 2843 epe,
309 2762 372 2823 iore
391 2771 424 2825 ut
439 2763 586 2825 cumulate
602 2762 762 2845 aliquando
782 2764 989 2843 respondeam,
1012 2781 1079 2823 cnm
1093 2762 1177 2825 Dens
1200 2763 1271 2825 mihi
1296 2763 1472 2825 facultatem

141 2865 246 2925 proaua
259 2849 422 2913 clementia
434 2851 563 2931 largitus
578 2852 676 2914 fuerit.
710 2852 770 2916 Sed
794 2872 851 2914 non
876 2854 962 2932 plura
986 2851 1074 2924 addo,
1098 2859 1133 2914 ut
1154 2852 1201 2914 vel
1226 2852 1319 2913 semel
1341 2850 1473 2913 breviter

144 2938 264 3012 sibam,
295 2958 350 3002 nec
378 2948 408 3002 te
438 2949 470 3002 et
496 2949 549 3002 tua
577 2942 699 3022 negotia
722 2942 840 3004 nimium
864 2940 1044 3021 perturbem.
1091 2940 1156 3002 Deo
1180 2959 1234 3002 vos
1263 2960 1365 3002 omues
1388 2958 1471 3003 oom-

144 3029 234 3091 ucudo.
256 3028 308 3091 Ἠ.
323 3029 406 3092 Tuae
430 3030 549 3110 conjugi
571 3031 801 3093 honestissimae
826 3031 989 3092 officiosam
1013 3029 1140 3092 salutem
1165 3030 1242 3092 dico.
1275 3029 1344 3091 Erit
1366 3029 1416 3095 ubi
1435 3029 1473 3090 ad

70 3150 73 3157 ·
144 3112 400 3199 ltpraeceptorem
416 3115 699 3194 Celliumscribam,
723 3120 749 3182 si
769 3119 838 3202 quid
862 3120 930 3180 novi
954 3119 1029 3181 haec
1049 3127 1151 3182 aestas
1170 3119 1353 3199 produxerit.
1385 3118 1473 3181 Nunc

59 3150 84 3365 '
146 3206 216 3269 luna
242 3226 345 3271 coram
373 3209 412 3272 D.
441 3209 553 3289 Papius
584 3209 759 3273 recensebit.
812 3206 958 3272 Omnibus
987 3214 1086 3271 autem
1122 3209 1196 3272 meis
1227 3206 1472 3289 praeceptoribus

147 3293 369 3359 officiosissimam
393 3297 522 3361 salutem
546 3298 621 3360 dico.

205 3384 284 3450 Vale
309 3384 339 3449 7.
368 3384 406 3450 17
430 3386 504 3466 Maji
528 3405 604 3449 auno
624 3382 676 3450 95.
914 3387 951 3447 Η.
976 3386 1011 3446 Τ.
1037 3385 1242 3448 deditissimus
1267 3384 1429 3468 discipulus

1031 3475 1077 3537 Μ.
1101 3474 1154 3537 Jo.
1177 3473 1308 3557 Kepler.

195 3630 266 3694 Qun
284 3648 364 3703 snpra
375 3633 436 3686 dicit
446 3634 577 3699 Keplerns,
596 3633 707 3684 loannes
721 3632 849 3697 Papius,
868 3633 1003 3684 secundum
1015 3632 1169 3683 Hanschium
1187 3634 1235 3683 hnc
1254 3647 1331 3698 usqne
1349 3632 1472 3698 gymnasii

138 3700 267 3756 lium
284 3707 389 3757 rectoris
406 3720 508 3758 munere
525 3707 624 3757 iunctus
643 3710 709 3761 erat,
729 3708 783 3768 tam
801 3719 858 3754 nero
875 3703 1015 3769 'subiugum
1033 3705 1151 3765 necessit,
1171 3706 1213 3754 nbi
1229 3705 1363 3754 triennium
1382 3704 1472 3770 exegit,

134 3773 178 3824 lullo
193 3775 339 3836 θωῑᾱίιιιι,
362 3785 450 3842 ponem
466 3777 658 3844 Regiomontum
680 3783 863 3841 hanegressus,
888 3776 930 3825 uhi
952 3791 1041 3825 munus
1064 3777 1138 3826 aulici
1157 3776 1273 3826 archiatri
1292 3782 1318 3826 et
1334 3775 1472 3827 medicinae

131 3846 258 3909 mie-uin
275 3862 322 3915 per
339 3849 486 3900 decennium
503 3851 593 3915 gessit,
620 3863 685 3899 auno
706 3845 774 3897 1622
797 3854 905 3898 mortuus
925 3853 970 3897 est.
1007 3848 1062 3897 Alio
1080 3848 1135 3899 loco
1153 3849 1260 3911 pluribus
1279 3848 1397 3898 dicendus
1415 3848 1471 3898 erit.

130 3915 189 3977 ane
205 3918 345 3985 nuptm
362 3933 455 3971 omae
473 3922 604 3982 moverint,
628 3926 657 3969 nt
674 3920 705 3970 de
724 3919 792 3968 abitu
810 3933 825 3969 e
843 3918 929 3982 styria
951 3919 1085 3984 cogitaret,
1109 3919 1190 3969 nullas
1207 3919 1327 3968 habemns
1344 3919 1391 3968 nisi
1410 3918 1472 3968 lone

126 3987 182 4041 hunc
197 3993 280 4055 ipsum
297 3990 369 4057 Papil
388 3990 522 4042 &cenum
540 3999 568 4043 et
589 3992 737 4043 offensiones
759 3991 879 4055 quasdam
902 3991 928 4039 in
951 3993 1094 4056 gymnasio,
1119 4005 1181 4056 quas
1204 3992 1286 4056 mugit
1311 3991 1337 4039 in
1360 3990 1472 4056 sequenti

187 4132 264 4185 (hren
284 4133 334 4185 hoe
358 4134 423 4185 idern
447 4141 557 4198 tempus,
583 4149 630 4198 qno
655 4135 746 4198 priores
770 4133 802 4182 ad
825 4132 985 4183 Maeetlinum
1008 4134 1077 4183 dedit
1099 4133 1198 4190 literas,
1224 4140 1307 4182 mente
1330 4133 1471 4196 concepisse

49 4254 52 4263 ,
123 4204 211 4256 rilem
228 4205 353 4270 Keplcrox
389 4206 504 4256 rimordia
522 4205 633 4267 Mysterli
657 4207 695 4255 sui
722 4205 916 4270 cosmographici
941 4202 1030 4268 (comp.
1055 4205 1131 4269 praei.
1150 4203 1253 4268 Kepleri
1276 4210 1419 4269 sequentem
1438 4203 1471 4255 ad

49 4268 52 4301 ²
123 4277 223 4338 prim
240 4221 396 4339 editionem&
415 4291 494 4342 eaque
511 4277 639 4326 nunciavit
656 4276 788 4327 Maestlino
806 4290 891 4326 mense
908 4275 982 4336 Julio,
1003 4283 1031 4326 nt
1049 4292 1079 4326 ex
1096 4276 1134 4326 his
1153 4281 1256 4340 apparet
1273 4274 1357 4325 literis.

722 4434 755 4498 S.
779 4436 814 4497 P.
838 4432 875 4497 D.

207 4559 313 4623 Tertia
335 4559 411 4623 haec
430 4559 559 4642 epistola
581 4560 653 4634 erit,
682 4558 856 4623 clarissime
875 4560 913 4622 D.
928 4561 1122 4641 Praeceptor,
1148 4560 1184 4621 de
1208 4557 1314 4622 eidem
1332 4559 1469 4621 materie.

126 4647 252 4726 Primam
274 4647 343 4719 dedi
366 4648 548 4733 ‘lubingensi
572 4649 731 4717 tabellario
755 4648 919 4729 Steiulino,
944 4651 999 4729 sub
1023 4651 1110 4728 tinem
1129 4647 1224 4720 nostri
1242 4646 1324 4735 Julii.
1362 4645 1470 4718 Alteri
