3278 5542
144 273 207 372 444
341 352 345 359 a
654 298 766 367 emur
784 296 986 369 consono

140 461 386 545 occupationibus
408 462 564 527 detentum
587 481 698 545 magno
721 471 754 525 et
781 461 895 524 difficili
918 467 1009 542 alque
1037 462 1167 526 molesto
1191 461 1296 528 labore
1320 461 1498 527 sublevavit.

141 549 241 624 Quam
263 552 397 616 tabulam
422 551 487 633 ipso
511 552 705 632 permittente
729 559 852 613 anctore
876 557 992 626 tecum,
1018 551 1128 626 lector,
1152 548 1355 628 communico,
1387 551 1497 635 tibique

141 642 184 705 sio
208 661 276 704 eam
298 642 483 717 commendo,
507 649 541 703 nt
565 661 641 725 quae
665 661 722 703 non
747 648 863 703 tantum
887 639 916 702 in
935 640 1091 720 praesenti
1106 638 1228 722 negotio
1251 638 1309 705 tibi
1333 640 1496 722 protutura.

139 730 194 794 sed
217 730 310 793 etiam
332 728 591 794 intricatissimum
613 730 723 793 nodum
747 730 786 791 ad
809 727 926 791 oculum
951 729 1095 805 solutura,
1120 736 1212 811 atque
1225 729 1305 793 sdeo
1328 738 1362 792 te
1383 729 1419 793 in
1435 728 1497 811 ipre

139 819 366 885 Prnteuicarnm
399 828 489 901 atque
513 816 672 901 Gopernici
706 819 800 902 adyta
831 818 918 898 quasi
950 837 1041 881 mann
1079 819 1206 882 ductura
1238 819 1281 882 sit
1292 813 1335 893 ⁸).
1379 815 1495 883 Etenim

138 927 176 971 ex
199 928 236 971 es
255 909 419 989 jucundum
443 917 491 971 est
514 908 646 984 discere,
671 908 818 990 quomodo
842 925 935 987 auges
958 908 1148 988 planetarum
1171 907 1312 972 diver-ste
1336 907 1496 971 indiverso

137 996 252 1061 zodiaci
277 998 344 1060 loca
367 998 495 1060 cadant:
519 999 598 1080 qnod
621 997 650 1061 in
670 997 790 1060 Venere
813 997 881 1077 plns
905 995 1015 1076 integri
1036 996 1155 1059 trientis
1176 996 1388 1061 diversitatem
1410 995 1494 1079 perit

136 1087 217 1151 Nam
246 1086 312 1167 ejus
341 1104 507 1167 apogaeum
530 1096 579 1150 est
602 1086 631 1149 in
656 1086 683 1163 ὅ
713 1094 745 1148 et
767 1090 815 1160 Π,
843 1083 967 1164 donicus
994 1086 1023 1148 in
1046 1089 1081 1161 ὅ
1103 1094 1137 1148 et
1158 1102 1215 1147 aa.
1263 1084 1381 1151 Videre
1408 1084 1493 1151 otiu

138 1184 195 1251 est,
221 1175 309 1256 longe
342 1177 418 1237 alias
447 1195 516 1238 esse
547 1177 643 1239 lineas
676 1174 888 1239 distantiarum
915 1196 934 1237 a
958 1174 1048 1250 Sole,
1080 1193 1169 1255 qnam
1200 1196 1219 1237 a
1246 1184 1354 1239 centro
1376 1174 1491 1239 Terreni

138 1263 230 1327 orbis.
277 1260 364 1335 Quae
393 1264 555 1327 diversitas
583 1265 613 1327 in
637 1261 657 1341 ᾗ
682 1263 814 1326 maxima
842 1271 904 1334 est,
932 1272 1093 1344 propterea
1120 1265 1199 1344 qnod
1227 1265 1349 1346 integra
1370 1262 1490 1329 Telluris

137 1352 323 1434 irsmpornc
342 1353 406 1433 ejus
431 1354 594 1418 distantiae
619 1353 747 1416 aceedit.
794 1354 828 1414 In
852 1353 930 1415 Jove
954 1361 1056 1414 antem
1078 1371 1183 1433 pamm
1206 1360 1357 1428 mutatur,
1381 1346 1489 1436 qnia'i'r

139 1461 197 1504 non
223 1451 256 1504 nt
278 1441 427 1505 Saturnus
451 1461 467 1503 e
490 1445 613 1523 regione
637 1442 718 1505 Solis
741 1443 776 1503 lit
799 1442 977 1515 altissimus,
1001 1442 1055 1503 esd
1078 1442 1109 1503 in
1134 1451 1197 1514 ἐξ,
1222 1442 1273 1505 nbi
1296 1444 1361 1505 lero
1384 1461 1486 1523 aequa·

139 1531 209 1594 liter
233 1530 322 1593 abest
344 1533 382 1593 ab
406 1540 531 1613 utroque
555 1542 658 1595 centro
683 1531 765 1594 Solis
796 1539 827 1592 et
850 1530 932 1593 orbis
956 1529 1065 1611 magni.
1113 1532 1215 1611 Atque
1245 1532 1315 1594 inde
1345 1532 1484 1594 etiamad

138 1621 256 1682 oculum
279 1629 366 1701 patet
388 1621 605 1685 demonstratio
629 1622 703 1701 ejus,
730 1620 807 1702 quod
828 1618 1011 1700 Copernicns
1036 1620 1087 1682 lib.
1106 1620 1145 1682 V.
1170 1619 1278 1683 Revoi.
1304 1640 1374 1702 cap.
1392 1618 1423 1684 4.
1444 1615 1481 1683 li.

139 1717 170 1770 et
193 1706 235 1772 22
259 1710 314 1771 snb
338 1711 440 1780 finem,
471 1711 507 1770 de
532 1711 666 1772 mutabili
692 1709 916 1772 eccentricitate
941 1709 1051 1772 Martis
1076 1715 1108 1771 et
1130 1708 1261 1772 Veneris
1285 1710 1327 1773 sd
1350 1710 1479 1773 mutatio-

139 1818 205 1860 nem
229 1798 389 1873 Terrenae,
414 1799 599 1862 brevissimis
623 1799 722 1862 verbis
747 1797 861 1873 innuit,
896 1797 1043 1861 Rheticns
1072 1816 1143 1860 vero
1173 1799 1204 1861 in
1235 1819 1291 1862 sna
1314 1799 1479 1862 Narratione

138 1887 288 1967 copiosius
312 1890 510 1970 persequitur.
557 1889 649 1951 Aliud
674 1888 765 1949 etiam
791 1897 854 1961 est,
887 1889 970 1968 cnjus
995 1906 1048 1949 nos
1073 1887 1191 1950 isthaec
1215 1888 1323 1951 tabula
1346 1889 1476 1961 admonet

137 1976 215 2056 qnod
241 1978 310 2057 quia
333 1979 517 2041 commodius
542 1979 601 2040 elio
627 1979 691 2040 loco
717 1977 775 2039 dici
805 1984 922 2057 potest,
952 1996 1029 2038 nnnc
1058 1976 1201 2039 differam.
1248 1978 1338 2040 Nunc
1362 1978 1400 2040 ad
1423 1996 1476 2040 ren.

137 2066 273 2129 Pandam
296 2074 398 2130 autern
421 2068 646 2149 quadruplicem
676 2067 810 2128 ordinem
839 2085 1035 2129 numerorum.
1082 2067 1117 2127 ln
1150 2066 1245 2145 prirno
1274 2076 1364 2130 ernnt
1391 2067 1475 2148 plane·

137 2166 236 2217 tarum
259 2155 419 2219 abscessus
445 2177 464 2218 a
494 2167 597 2219 centro
631 2155 730 2236 magni
761 2155 861 2223 orbis,
896 2157 974 2218 sicut
1006 2155 1026 2216 ii
1060 2155 1221 2217 abscessus
1254 2163 1286 2218 et
1319 2157 1430 2218 numeri
1451 2173 1476 2216 er

138 2243 305 2324 Copemico
329 2255 360 2308 et
374 2246 544 2309 Prntenicis
569 2245 746 2326 simpliciter
770 2254 801 2306 et
824 2245 888 2306 sine
913 2243 1079 2306 mutatione
1103 2244 1271 2307 eliciuntur.
1311 2247 1344 2308 ln
1369 2244 1477 2308 seeundo

138 2341 226 2396 emnt
249 2335 410 2397 abscessus
440 2334 555 2399 orbium
584 2355 602 2395 a
630 2343 734 2401 centro
758 2332 856 2409 Solis,
888 2333 938 2415 qui
965 2333 1144 2413 proveniunt
1171 2353 1209 2394 ex
1232 2331 1402 2415 Copernico
1426 2339 1478 2414 post

138 2422 223 2484 illam
245 2423 458 2487 resolutionem
481 2442 683 2497 numerorum,
715 2422 751 2483 de
776 2442 834 2503 qna
857 2423 945 2484 modo
968 2421 1071 2484 vidisti
1095 2422 1229 2486 tabulam
1254 2423 1297 2496 (in
1324 2434 1423 2487 annot.
1444 2424 1476 2495 b).

139 2511 172 2572 ln
197 2510 286 2575 tertio
310 2520 342 2574 ot
365 2522 472 2593 quarto
497 2513 619 2575 venient
637 2531 753 2574 rursum
773 2510 933 2574 abscessus
950 2512 1140 2592 planetsmm
1155 2532 1174 2572 a
1189 2508 1240 2590 Θ,
1264 2522 1356 2593 prout
1379 2514 1418 2575 illi
1439 2527 1477 2592 per

82 2668 88 2679 „
137 2599 397 2680 interpositionem
429 2621 584 2684 corporum
621 2601 729 2665 mutati
763 2609 842 2664 sunt.
898 2600 940 2663 Et
971 2599 1080 2664 tertius
1113 2601 1230 2682 quidem
1263 2602 1338 2679 ordo
1371 2603 1425 2665 erit
1451 2615 1477 2660 er

138 2695 290 2753 structura
312 2690 413 2753 mundi
436 2712 487 2768 ea,
518 2710 594 2772 qnae
622 2709 676 2772 pro
706 2690 898 2766 fundamento
922 2689 1047 2756 habebit
1073 2689 1155 2753 orbis
1178 2690 1303 2753 Terreni
1327 2690 1477 2759 crassitiem

137 2776 319 2859 simplicem,
340 2799 406 2842 non
431 2781 584 2844 accensio
608 2787 774 2863 systemate
798 2779 922 2842 Lunari.
969 2777 1105 2850 Quartus
1127 2779 1256 2862 denique
1279 2781 1390 2860 prodet
1409 2797 1477 2845 crat·

137 2866 237 2930 sitiam
261 2869 343 2933 orbis
366 2870 489 2938 Terreni
513 2878 644 2945 tantam,
673 2886 750 2950 qnae
779 2887 872 2948 supra
894 2877 924 2930 et
948 2868 1027 2930 infra
1049 2866 1303 2931 semidiametrum
1327 2871 1409 2934 orbis
1430 2869 1477 2934 la·

137 2956 218 3020 naris
241 2966 402 3039 contegere
425 2960 534 3041 possit.
555 2955 599 3034 ⁸¹)

334 3340 443 3403 Altiss.
478 3337 498 3404 9
544 3336 565 3402 d

238 3381 258 3461 5
333 3427 501 3493 numne
546 3427 565 3492 4

233 3618 263 3694 u
333 3571 443 3677 Altiss.
479 3569 498 3636 5
545 3569 566 3636 2

334 3660 447 3725 Hnmrl.
480 3658 500 3724 4
547 3659 566 3725 5

334 3802 445 3868 Altiss.
483 3802 496 3867 l
547 3803 566 3869 3

233 3859 260 3923 ὅ
334 3892 495 3957 numini
545 3892 566 3958 4

334 4035 445 4100 Altiss.
483 4034 495 4098 1
568 4034 590 4099 0

236 4084 495 4188 64444444
568 4122 678 4189 44
796 4066 868 4187 5,
1046 4119 1066 4186 5

311 4224 1187 4240 *um—*m*—

236 4311 261 4383 9
335 4266 500 4332 ercino
546 4262 588 4330 44
634 4263 678 4330 44
729 4264 751 4329 4
796 4262 839 4330 44
886 4261 929 4328 44
978 4262 1000 4328 4
1045 4261 1088 4329 44
1134 4262 1172 4328 44
1207 4233 1439 4335 'Nino‘

206 4426 208 4431 ,
334 4354 499 4442 nunno
546 4352 589 4421 44
635 4353 678 4420 44
729 4353 750 4418 4
796 4351 833 4417 44
885 4350 927 4431 rr
979 4350 1000 4417 o
1046 4350 1090 4419 44
1136 4352 1177 4419 oo
1229 4357 1250 4424 4
1295 4353 1340 4423 44
1389 4355 1429 4424 44

335 4496 499 4563 ormo
545 4495 588 4563 44
634 4494 677 4562 44
729 4496 751 4563 4
796 4494 840 4563 44
890 4493 929 4562 44
978 4494 1000 4559 4
1046 4493 1089 4560 44
1135 4495 1172 4561 44
1229 4498 1340 4565 444
1385 4498 1427 4564 or

238 4547 589 4689 imminere
657 4583 840 4652 4444
908 4581 1090 4651 4444
1157 4584 1428 4654 44444

195 4684 938 4705 -—-.-.—-———-————--—l
1201 4693 1438 4706 ——-—

229 4710 1428 4886 onrzorrrooooooooo
