3278 5542
147 333 190 399 66
745 334 908 385 Prooemium.

147 508 242 547 muum
259 500 318 545 ants
337 492 459 545 Christum
477 500 581 550 ustum,
610 498 670 541 ante
694 492 758 543 haec
786 501 872 542 nostra
896 489 1225 554 ιιιι1ι1878ιιιίι,ιι
1243 493 1392 545 Ptolemaeo
1409 492 1453 543 lib.
1471 491 1513 541 lli

148 563 232 629 capt
251 565 409 614 manifestum
428 562 490 614 est.“
529 562 569 623 (ln
588 563 696 612 editione
714 563 853 628 Almagesti
873 564 1015 613 Venetiana
1033 578 1057 613 a.
1079 562 1147 613 15¹5
1166 563 1223 613 lolio
1243 560 1300 624 28.)

220 634 445 694 „Mathematicus“
465 635 506 698 qui
523 634 652 683 Honorio
680 636 831 684 seutentiam
859 650 929 684 suern
954 636 984 684 de
1004 634 1135 683 Prodrorm
1153 635 1297 698 perscripsit
1315 630 1409 697 (comp.
1427 628 1512 697 pti).

147 705 313 758 Johauues
331 706 519 755 Praetorius
538 705 600 758 iuit.
618 706 738 767 professor
756 712 809 754 turn
829 708 944 769 temporis
962 706 1103 754 matheseos
1129 707 1155 754 in
1181 705 1313 755 academia
1330 700 1513 755 ateramum

148 784 303 827 astronomus
327 778 363 825 rei
382 776 496 839 publicae
514 774 726 839 Norimbergensis
751 775 794 835 (ob
812 792 900 825 munus
926 779 972 838 ipsi
998 776 1144 825 mandatumr
1168 776 1339 825 conscribendi
1366 773 1513 825 Celenderis

148 845 345 907 anniversaria),
371 848 411 910 qui
439 861 524 910 parum
551 844 649 909 quidem
674 847 782 893 innotuit
807 848 950 908 conscriptis
976 846 1042 894 libris
1066 846 1265 901 mathematicis,
1291 858 1445 909 quamquam
1460 860 1510 909 per·

147 918 227 971 multa
251 919 349 983 reliquit
373 917 543 979 manuscripta
565 914 598 964 ad
620 915 744 965 mathesin
768 918 991 979 astronomiamque
1021 916 1172 978 pertinentia
1202 912 1293 979 (comp.
1322 914 1510 979 Doppelmaier:

150 989 223 1048 „Von
242 989 290 1038 den
307 988 403 1038 Nitrnb.
421 984 634 1041 Mathematicls“,
660 1003 684 1050 p.
705 981 768 1045 88),
794 988 873 1050 magis
901 1001 957 1035 vero
984 986 1103 1035 coniectis
1136 986 1306 1035 instrumentis
1330 984 1510 1035 mathematicis

146 1057 290 1121 („mensula
307 1053 509 1118 Praetorians“).
546 1056 616 1105 inest
631 1056 750 1118 judicium
768 1056 889 1106 Praetorii
907 1057 1001 1114 litoris,
1027 1056 1050 1105 d.
1070 1056 1094 1105 d.
1115 1054 1148 1105 2³
1168 1059 1225 1121 Apr.
1246 1064 1277 1106 st
1296 1072 1320 1106 ι.
1341 1053 1429 1114 1888,
1453 1070 1509 1120 quas

150 1130 354 1194 deprehendimus
372 1131 437 1183 inter
455 1127 515 1177 Mes.
535 1128 658 1176 Herwarti
676 1126 804 1177 Monechii
823 1135 979 1177 conservata.

218 1218 289 1268 Haec
315 1224 400 1267 sutem
426 1224 485 1265 sunt
508 1215 573 1264 illius
591 1217 682 1264 verba:
705 1215 744 1264 De
764 1216 881 1279 Koepleri
900 1216 1007 1279 quadam
1026 1216 1190 1278 propositione
1214 1221 1241 1263 et
1258 1214 1387 1263 Prodromi
1411 1228 1508 1265 censura

148 1292 278 1354 expetitur.
315 1288 355 1337 Ι)ι
373 1288 421 1336 ιιι
439 1289 515 1350 ipsius
533 1286 671 1335 subtilitate
690 1287 755 1335 malo
774 1287 835 1336 alios
854 1288 1003 1336 sententiam
1023 1287 1099 1340 terre,
1124 1287 1166 1349 qui
1191 1301 1241 1334 non
1265 1286 1439 1335 astronomicis
1455 1298 1505 1333 ιι·

147 1360 244 1425 pliciter
265 1359 473 1423 speculationibus
502 1358 612 1406 contenti
638 1360 771 1407 secretiora
789 1364 893 1406 naturae
913 1357 1015 1406 decreta
1039 1356 1147 1420 physicis
1175 1361 1201 1405 et
1223 1355 1402 1419 metaphysicis
1420 1352 1461 1418 (ut
1475 1357 1506 1405 ait

73 1419 79 1430 ⁹
150 1427 234 1491 autor)
257 1430 393 1479 rationibus
424 1430 505 1477 rimari
532 1437 669 1485 conantur,
696 1436 722 1477 et
748 1428 833 1478 iisdem
858 1429 960 1492 argutiis
984 1428 1147 1477 delectantur.
1184 1426 1278 1492 Magno
1297 1440 1356 1476 cum
1375 1426 1460 1477 ardore
1476 1428 1503 1475 ad

149 1501 203 1551 libri
221 1501 294 1563 hujus
312 1500 445 1549 lectionem
463 1499 627 1554 accedebam.
647 1499 705 1555 sed.
725 1508 753 1548 ιι
772 1514 854 1548 rerum
873 1500 962 1559 iatear,
983 1506 1009 1547 et
1027 1499 1091 1562 quod
1109 1498 1184 1547 nolim
1202 1499 1227 1547 in
1248 1499 1342 1547 autoris
1361 1504 1504 1548 contemtum

148 1579 194 1622 aut
220 1570 432 1635 reprehensionem
458 1570 567 1625 dictum,
594 1577 687 1633 quanto
711 1585 766 1619 cum
785 1573 878 1632 majore
896 1578 987 1619 conatu
1006 1585 1092 1618 nervos
1116 1569 1245 1619 intendere
1273 1568 1406 1633 cupiebam
1438 1570 1503 1620 stin

147 1643 253 1708 legendo
271 1657 382 1707 pergere,
401 1648 472 1690 tanto
490 1640 629 1704 languidior
648 1642 737 1701 iactus,
757 1643 822 1689 omni
841 1655 885 1705 spe
903 1642 1035 1691 frustratus
1054 1642 1096 1690 tui.
1121 1640 1153 1689 Et
1171 1640 1192 1689 si
1205 1653 1309 1690 oausam
1327 1641 1383 1705 quis
1400 1648 1502 1705 quaerat,

148 1714 261 1779 equidem
280 1714 352 1763 aliter
369 1713 516 1777 respondere
534 1726 584 1759 uon
602 1713 700 1773 possim.
720 1726 795 1775 quem
812 1712 876 1775 quod
895 1714 1022 1761 minimam
1041 1712 1129 1761 herum
1147 1726 1228 1761 rerum
1246 1716 1345 1775 partem
1364 1710 1501 1777 tnsdugsm

148 1792 175 1835 et
191 1784 257 1849 quod
275 1784 420 1840 existimem.
439 1784 503 1833 haec
522 1796 538 1830 a
556 1796 629 1845 scopo
647 1785 812 1832 astronomiae
831 1782 940 1831 nonnihil
961 1785 1091 1840 aberrare,
1112 1782 1150 1832 rel
1170 1784 1252 1845 potius
1271 1781 1304 1831 ad
1315 1782 1445 1846 physicam
1455 1796 1501 1846 ptr·

147 1856 234 1907 tinere.
254 1869 319 1920 quae
337 1863 503 1904 astronomum
521 1869 571 1901 non
590 1854 640 1902 iere
658 1853 710 1903 ulle
727 1855 753 1903 in
772 1870 797 1902 re
813 1856 900 1916 iurare
917 1862 1028 1918 possunt.
1066 1853 1129 1903 Puto
1152 1855 1177 1902 in
1197 1853 1347 1917 disciplinis,
1366 1851 1393 1901 h
1411 1867 1435 1903 s.
1451 1866 1501 1918 geo

147 1928 256 1975 metricis
274 1932 300 1975 et
319 1927 490 1981 arithmeticis.
514 1925 623 1986 inprimis
641 1926 770 1974 scientiam
789 1940 832 1989 per
850 1940 877 1975 se
896 1925 973 1974 solam
991 1927 1098 1988 spectari
1117 1924 1222 1983 debere,
1251 1930 1277 1973 et
1305 1922 1501 1974 mathemah'cn

148 2011 180 2046 ea
197 1998 253 2061 ipsa
268 1998 374 2048 scientis
393 2001 536 2045 contentum
554 2009 609 2045 esse
627 2011 715 2058 posse;
742 2003 769 2045 at
795 2011 852 2044 uero
871 1997 896 2045 in
916 1997 1010 2045 artibus
1028 2011 1100 2045 usum
1123 1996 1245 2060 spectari.
1273 1996 1396 2059 sineque
1421 1994 1503 2047 irum

147 2070 237 2118 artium
255 2068 382 2118 doctrinae
401 2069 574 2131 suscipiuntur.
612 2066 678 2127 Quia
696 2075 780 2117 autem
799 2069 958 2121 astronomia.
978 2066 1110 2116 Aristotele
1128 2072 1207 2123 teste,
1227 2066 1259 2115 ad
1277 2065 1409 2131 physicam
1431 2062 1516 2133 magh-

146 2140 263 2195 lucliuat.
282 2155 328 2189 neo
346 2140 455 2189 scientiis
474 2153 517 2201 per
536 2153 562 2187 se
581 2141 738 2189 annumerari
756 2145 855 2202 potest.
875 2146 986 2201 oportet,
1005 2146 1083 2202 puto,
1107 2145 1135 2186 ut
1153 2143 1307 2187 ethonomus
1325 2150 1376 2187 sua
1393 2136 1504 2203 dogm

147 2210 180 2261 ad
197 2226 269 2260 usum
287 2211 438 2271 transierat,
463 2217 491 2258 ut
517 2223 551 2257 sc.
571 2209 751 2271 phaenomena.
778 2210 853 2258 oculis
882 2217 908 2259 et
925 2224 1000 2258 sensu
1017 2216 1152 2272 percepta.
1181 2210 1231 2258 suis
1256 2206 1434 2271 hypothesibus
1451 2220 1503 2259 cn·

145 2288 245 2347 gruaut,
266 2295 296 2332 ec
315 2283 351 2331 sic
370 2296 400 2331 ιι
419 2287 489 2329 corte
507 2294 585 2329 causa
603 2280 648 2328 tali
666 2288 776 2329 motuum
795 2281 936 2329 discrimina
954 2281 1129 2343 perducantur.

215 2368 264 2417 Illa
290 2383 346 2417 vero
374 2368 511 2430 speculatio
536 2382 664 2431 corporum
689 2369 837 2434 regularium
864 2368 921 2431 quid
955 2383 1046 2431 quaeso
1071 2367 1103 2417 ad
1132 2368 1308 2417 astronomiam
1326 2364 1442 2419 cunin!
1474 2366 1507 2417 At

146 2434 248 2505 (iuquit)
277 2439 310 2489 ad
334 2439 443 2488 ordinem
470 2454 514 2489 seu
536 2438 732 2502 magnitudinem
756 2440 849 2488 orbium
868 2439 1011 2488 coelestium
1030 2439 1197 2488 deliniendam
1221 2438 1338 2503 prodesse
1356 2443 1458 2502 potesta
1473 2458 1512 2471 -·

145 2524 207 2561 saue
225 2525 255 2560 ιι
274 2510 321 2565 alio
340 2509 516 2563 fundamento.
546 2524 576 2558 ιι
601 2510 811 2559 observationibus
839 2509 935 2559 scilicet
959 2518 985 2558 et
1009 2524 1025 2559 a
1043 2509 1177 2573 posteriore
1200 2510 1295 2559 orbium
1313 2509 1452 2561 distantiae
1467 2524 1506 2559 se·

144 2580 251 2631 mendae
269 2588 345 2638 sunt;
367 2579 481 2629 hisvero
500 2581 619 2634 delinitis,
640 2588 779 2646 congruant
800 2596 846 2630 nec
865 2596 896 2629 ne
915 2596 1017 2644 corpora
1035 2581 1172 2645 regularia,
1199 2580 1257 2644 quid
1276 2580 1371 2631 refert?
1408 2580 1438 2631 Si
1453 2594 1508 2631 ιιι»

144 2658 218 2714 putat
239 2650 286 2700 hoc
309 2658 428 2714 tanquam
452 2653 571 2715 principio
589 2653 684 2713 posito,
703 2658 729 2701 ιι
746 2654 929 2702 observationes
953 2660 979 2700 et
1002 2653 1125 2703 calculum
1153 2652 1186 2701 ad
1212 2651 1239 2701 id
1264 2650 1423 2702 limitandum
1446 2665 1512 2705 etst-

143 2722 191 2773 hoc
209 2724 320 2773 existimo
348 2730 505 2786 praepostero
530 2723 614 2772 ordine
641 2724 711 2781 lieri,
740 2725 787 2772 nisi
807 2725 912 2773 certiore
931 2723 1044 2781 adierat,
1063 2724 1149 2787 quibus
1173 2722 1238 2773 banc
1262 2723 1432 2773 astronomiae
1449 2722 1502 2771 doc·

143 2794 234 2843 mnam
252 2792 396 2854 confirmet,
418 2796 530 2857 aprioro
548 2795 585 2844 rel
605 2808 635 2843 ex
652 2797 777 2859 principiis
796 2809 853 2845 eam
873 2795 960 2844 deduci
979 2810 1051 2858 posse
1074 2801 1101 2844 et
1123 2794 1245 2851 stabiliri.
1271 2809 1322 2842 non
1348 2794 1504 2857 pereuntibus

144 2864 362 2915 observationibus.

215 2956 251 3003 Δι
275 2954 373 3017 quidem
399 2955 503 3016 ipsemet
521 2953 659 3016 Koeplerus
685 2954 782 3003 ridetur
806 2968 878 3003 suam
895 2955 961 3004 hanc
981 2954 1176 3017 speculationem
1203 2952 1323 3003 refellere.
1360 2952 1432 3003 Nam
1453 2952 1540 3003 lietb

144 3025 281 3080 existimet,
308 3023 440 3073 ltoinhotdi
458 3026 560 3075 decreta
578 3024 632 3086 plus
651 3025 697 3074 sibi
716 3026 861 3089 adstipulari
889 3040 963 3090 quam
982 3025 1125 3088 Copemici.
1145 3031 1229 3073 tamen
1247 3039 1280 3074 ne
1297 3022 1346 3073 hoc
1365 3023 1440 3075 modo
1457 3036 1507 3074 cor·
1520 3044 1540 3053 -

143 3096 241 3160 poribus
267 3095 420 3159 regularibus
448 3097 554 3159 ipsemet
579 3096 671 3145 fatetur
696 3096 828 3145 distantias
852 3099 991 3146 convenire.
1029 3099 1062 3145 Et
1078 3096 1175 3145 ridetur
1192 3097 1248 3158 ipsa
1265 3093 1443 3158 phaenomena
1458 3108 1508 3145 oos-
1525 3116 1540 3125 -

143 3169 190 3232 rigi
208 3166 278 3225 velle,
298 3171 328 3213 ιι
346 3181 472 3228 corporum
491 3166 627 3229 speculatio
646 3168 778 3217 subsistere
796 3169 887 3230 possit;
905 3168 969 3231 quod
989 3168 1062 3231 quale
1080 3169 1120 3223 sit,
1141 3166 1183 3216 elii
1200 3167 1314 3223 rideauts
1333 3181 1375 3216 me
1387 3167 1452 3217 haec
1463 3178 1540 3217 neu

143 3238 282 3302 intelligere
301 3237 387 3285 fateor.
425 3237 476 3287 Sed
502 3238 566 3287 haec
594 3237 665 3287 Tuae
691 3239 852 3302 Amplitudiui
879 3239 942 3288 bono
971 3241 1054 3288 auimo
1079 3240 1104 3287 in
1130 3238 1220 3289 nudius
1238 3237 1352 3287 heodem
1371 3245 1419 3288 aut
1436 3238 1507 3289 detri-

144 3317 256 3358 mentum
275 3308 396 3369 subjicere
415 3308 487 3359 volui.

214 3378 383 3442 appendicem
401 3386 486 3427 autera
504 3379 632 3428 Maestlini
649 3379 724 3442 plene
741 3381 833 3443 probo,
858 3387 884 3429 et
902 3381 923 3429 si
941 3396 990 3429 nou
1010 3380 1099 3434 fallor,
1122 3379 1184 3429 talis
1201 3381 1227 3429 in
1246 3379 1308 3428 meis
1327 3392 1433 3444 quoque-
1444 3394 1506 3429 com·

142 3446 351 3508 mentationibus‚'
366 3452 391 3498 in
410 3452 517 3514 gratiam
535 3451 566 3498 Δ.
581 3450 650 3501 Τιιι
669 3453 823 3513 conscriptis.
843 3453 963 3514 proposui.
1002 3451 1095 3499 Dubito
1114 3456 1199 3500 ιιιιι
1218 3465 1251 3500 an
1269 3465 1320 3499 non
1339 3450 1419 3500 aliam
1436 3452 1507 3501 rasio·

144 3524 242 3574 cinctus
262 3523 308 3570 sim
327 3521 492 3584 epicyclorum
510 3521 713 3584 amplitudinem,
742 3536 816 3585 quam
842 3525 895 3586 ipse
920 3537 950 3570 er
968 3524 1077 3572 maxims
1100 3522 1314 3585 prosthaphaeresi
1334 3536 1393 3573 cum
1410 3535 1509 3573 ιιιιιιι

143 3593 258 3650 deducit;
285 3593 311 3640 id
329 3591 394 3656 quod
413 3608 443 3642 ex
461 3607 535 3656 parvo
555 3592 683 3642 intervallo
701 3608 746 3642 noe
766 3594 879 3657 decipere
898 3598 987 3656 potest.
1025 3593 1093 3642 Nihil
1111 3593 1187 3659 igitur
1204 3593 1299 3649 habeo,
1325 3592 1393 3657 quod
1414 3595 1443 3645 ln
1460 3594 1506 3657 Ap·

143 3663 248 3728 pendice
266 3663 445 3726 reprehendere
463 3664 563 3728 possim.

214 3735 286 3784 Haec
304 3734 453 3785 Praetorius.
480 3735 624 3785 Hernartus
650 3736 685 3785 illi
713 3735 826 3786 retulisse
853 3736 949 3786 videtur
980 3742 1097 3785 conatum
1128 3734 1246 3799 Kepleri‚
1274 3735 1397 3785 rationem
1423 3735 1507 3799 depae·

145 3807 267 3856 hendendi
287 3806 401 3855 (ιιιιιιή
419 3808 483 3856 orbis
502 3808 579 3857 anniti
592 3806 684 3857 Terrae
703 3807 736 3856 ad
749 3808 856 3857 eandem
875 3808 978 3856 lixarum
998 3807 1128 3871 sphaerae.
1158 3806 1187 3855 ln
1204 3806 1282 3859 literis
1300 3807 1367 3855 enirn
1379 3805 1507 3859 Pneterll.

143 3877 166 3926 d.
188 3876 212 3925 7.
235 3876 274 3924 17.
294 3876 356 3938 Mati
376 3874 446 3925 tots
465 3878 496 3926 ad
515 3877 672 3927 Herwartum
692 3879 766 3934 datis,
784 3878 848 3928 haec
868 3879 988 3942 logiums:
1015 3878 1138 3940 Keplerns
1157 3884 1276 3935 conatur,
1300 3879 1425 3928 ιιιίιιιιι
1447 3877 1508 3927 orh'n

141 3948 246 3997 fixarum
266 3948 297 3996 ad
317 3948 401 3996 orbem
419 3962 537 4012 magnum
558 3948 688 4012 Copemici
707 3952 865 4013 investigare.
903 3948 943 3997 De
970 3949 1017 3998 hoc
1044 3950 1121 4011 ipsius
1137 3950 1251 3999 instituto
1268 3948 1327 4013 quid
1351 3949 1508 3998 sentiendum

141 4020 182 4071 sit,
202 4033 252 4067 uon
271 4021 307 4066 ita
326 4018 424 4067 difficile
443 4027 503 4081 puto
521 4021 662 4082 responderi
680 4035 761 4083 posse.
799 4020 888 4069 Modus
913 4021 988 4082 ipsius
1018 4020 1215 4083 investigationis
1237 4034 1287 4068 non
1304 4017 1507 4083 reprehendisset

143 4103 227 4138 vereor
255 4095 355 4146 sutem,
374 4103 406 4138 ne
425 4090 515 4139 trustra
533 4090 643 4145 laboret.
662 4091 793 4141 dummodo
813 4091 941 4154 Gopernici
966 4090 1060 4153 placita
1081 4097 1151 4139 sena
1169 4097 1240 4141 tecta
1257 4104 1311 4141 esse
1329 4091 1409 4153 copia
1444 4089 1508 4140 Nam

142 4158 305 4222 Copernious.
336 4159 532 4223 philosophorum
558 4168 584 4209 et
611 4168 805 4211 astronomorum
833 4162 938 4211 decretis
958 4161 1079 4215 edoctus,
1098 4163 1211 4225 principii
1234 4162 1289 4211 loco
1306 4161 1378 4224 ponit
1395 4161 1508 4211 ultimum

142 4230 238 4279 coelum
256 4231 351 4279 finitum
370 4230 486 4293 quidem,
515 4232 559 4281 sed
587 4232 682 4281 infinito
706 4234 801 4290 simile;
830 4233 896 4282 uude
925 4232 1034 4296 colligit:
1060 4248 1116 4282 cum
1141 4233 1219 4283 Terra
1242 4232 1275 4282 ad
1294 4232 1378 4282 orbem
1397 4231 1508 4283 Solarem

141 4301 279 4351 evidentem
298 4301 391 4350 hebeat
409 4303 539 4355 rationem.
559 4302 679 4351 distentio
696 4304 818 4354 immense
836 4305 912 4352 etiam
931 4303 964 4352 ad
982 4304 1065 4354 orbem
1082 4318 1201 4369 magnum
1219 4320 1269 4353 uon
1282 4302 1507 4353 notabilemhabe·

142 4373 179 4422 bit
196 4374 335 4428 rationem,
354 4373 419 4435 quod
437 4373 562 4423 concludit
579 4375 605 4421 in
623 4388 670 4423 sus
686 4373 729 4422 ille
748 4375 957 4424 demonstratione
977 4389 1007 4423 ιι
1025 4390 1054 4425 eo
1071 4377 1125 4439 ipso
1143 4376 1275 4438 principio,
1303 4374 1369 4439 qnod
1387 4376 1508 4424 imment

139 4445 172 4492 sit
191 4445 255 4493 orbis
273 4442 401 4493 stellarum
419 4457 437 4492 a
453 4442 532 4494 Terra
549 4445 676 4493 (ιιιιιιιι
715 4446 747 4493 Et
770 4447 818 4495 nisi
843 4445 890 4495 hoc
916 4447 1061 4509 principium
1089 4447 1185 4495 ιιιιιι
1207 4448 1255 4503 sit,
1280 4444 1412 4510 Copsrnici
1429 4452 1506 4497 ιιιιι-

140 4516 224 4564 nomio
251 4516 384 4565 subsistere
412 4529 461 4563 non
487 4516 591 4578 poterit,
619 4522 662 4564 eut
685 4517 775 4566 saltem
794 4518 901 4580 antiquis
929 4518 1140 4567 observationibus
1167 4518 1315 4567 consentire.
1352 4515 1431 4567 Nulla
1448 4519 1507 4567 itsm

141 4586 281 4635 oouodiatio
299 4585 352 4637 fieri
370 4587 461 4649 poterit
479 4588 644 4636 aeconomiae
663 4587 800 4637 Ptolemaei
819 4594 846 4637 ot
859 4588 996 4651 Gopernici
1016 4603 1072 4637 cunr
1091 4597 1182 4639 temen.
1193 4589 1233 4638 hic
1246 4587 1350 4637 firmiter
1362 4588 1507 4644 commedat.

138 4656 228 4707 eadem
245 4656 421 4720 phaenomena
439 4658 566 4720 utrobique
585 4671 705 4720 apparere
723 4674 795 4722 posse
814 4665 841 4709 et
858 4674 888 4708 ιι
906 4661 1034 4723 utriusque
1052 4660 1138 4721 positis
1156 4659 1290 4722 principiis.
1312 4656 1422 4709 Videtur
1432 4659 1507 4725 igisrr

138 4726 268 4791 Keplemn
289 4729 422 4791 expositis
441 4742 458 4777 a
477 4727 612 4792 Copernico
630 4730 756 4793 principiis
774 4736 800 4779 et
817 4732 927 4785 statutis.
954 4731 1105 4796 investigare
1123 4743 1171 4790 ea,
1199 4744 1264 4795 quse
1288 4729 1367 4792 ipsios
1383 4731 1505 4794 principia

138 4805 253 4850 uertant
281 4795 352 4859 (nam
371 4814 401 4848 ιι
418 4798 577 4849 Ptolemaicis
595 4800 709 4866 progredi
722 4801 755 4851 ad
772 4816 844 4852 suum
861 4803 1011 4857 institutum,
1029 4808 1058 4849 ιι
1076 4802 1169 4865 opium,
1192 4816 1243 4851 nou
1260 4796 1378 4864 peterit)..
1408 4800 1504 4851 Vadest

136 4870 225 4938 igitur,
243 4871 485 4927 nentmlssuhfllis:
497 4872 639 4930 sitiatis,
658 4885 723 4937 quae
740 4873 985 4935 senibussnbtecta
1001 4877 1071 4925 suut·
1104 4870 1166 4925 lies
1183 4874 1297 4937 opinione
1319 4871 1394 4925 nulla
1407 4874 1501 4925 taste'o·
