3278 5542
652 356 685 407 de
702 357 775 407 rebus
795 358 956 424 analogicis.
1407 282 1483 426 ‘357

119 517 145 580 11
170 523 206 578 ιιι
229 498 387 596 intelligis,
414 513 550 595 Oedipus
574 515 646 577 mihi
669 524 750 591 esto;
775 516 839 595 ipse
863 536 921 578 non
944 514 1091 599 intelligo,
1117 538 1172 580 nec
1192 519 1314 599 scripsi,
1339 529 1373 581 ut
1396 521 1481 602 lege-

118 613 237 677 rentur,
261 604 314 667 sed
337 614 373 666 ιιι
394 623 441 665 me
466 623 637 666 exercerem
661 626 721 668 nna
742 606 821 683 vice.
867 605 1007 668 Extorsit
1030 606 1170 669 Schelius
1194 608 1381 671 mirabiliter.

192 710 317 767 Tandem,
336 709 486 760 concludens
506 709 630 775 Keplerus
646 709 693 760 has
711 710 796 760 literas
814 711 937 777 longiores
956 709 1004 774 (to
1021 714 1171 778 paginarum
1195 715 1221 763 in
1240 711 1323 775 folio).
1350 715 1382 763 ad
1406 729 1481 778 quae-

118 784 230 834 stionem
258 782 450 832 anonomicam
477 781 604 845 respondit
622 781 729 831 Fabricii
748 779 848 843 (,Scire
874 784 960 846 cupio,
987 797 1020 833 an
1037 778 1225 849 hypothesisQ
1252 780 1317 848 etQ
1343 785 1376 833 ad
1399 802 1483 835 verum

118 860 217 905 metm
235 851 301 903 Solis
322 853 404 916 potius
421 853 569 916 respondere
593 852 684 902 debeat
700 859 743 902 tuo
766 852 874 914 iudicio,
900 860 929 902 ut
954 856 1103 918 superiores,
1132 856 1170 905 rel
1196 856 1228 906 ad
1253 857 1360 905 medium
1378 864 1480 917 motum.

118 925 233 987 Quaen,
251 925 286 974 mi
303 925 516 988 praestantissime
535 931 561 973 st
578 924 651 973 1111111
670 925 840 974 0111011111ωο
858 924 982 988 Keplere,
1010 941 1053 989 pro
1072 925 1184 977 Uranica
1202 928 1314 976 amicitia
1330 929 1481 990 respondeas

118 996 148 1049 etl
166 997 332 1061 questiones
350 994 452 1045 11101111
468 995 546 1046 literis
563 997 710 1059 propositas.
748 994 790 1045 Sic
813 1010 853 1045 me
871 997 1002 1061 plurimum
1024 998 1167 1059 juveniret
1188 1013 1228 1047 me
1251 998 1284 1047 ad
1302 999 1386 1046 omnia
1411 999 1480 1048 alac-

118 1067 209 1119 mn
233 1065 330 1117 101101.
368 1064 408 1115 Tu
425 1065 486 1116 mihi
512 1067 546 1115 eis
564 1065 666 1130 Apollo.
695 1073 723 1115 tn
743 1066 872 1129 Cynosura
889 1074 958 1125 esto,
984 1075 1013 1117 tn
1031 1068 1128 1126 oculus,
1155 1075 1183 1117 tu
1201 1069 1303 1118 baculus
1328 1084 1397 1117 mens
1418 1076 1479 1118 esto.

118 1136 211 1189 mas
231 1138 292 1187 mihi
309 1136 343 1187 ad
367 1143 451 1186 votnm
468 1137 548 1202 magis
573 1137 697 1187 satisfecit
725 1145 752 1187 et
778 1138 922 1188 satisfacere
940 1144 1037 1202 potest,
1062 1153 1136 1202 quarn
1154 1147 1190 1188 tu.
1226 1140 1291 1190 Vale
1310 1140 1396 1204 igitur,
1424 1143 1480 1204 rige

118 1215 141 1260 st
159 1209 243 1266 flore.
271 1213 298 1258 et
315 1207 444 1258 1111111110
461 1208 602 1258 felicissime
621 1214 648 1257 et
666 1209 783 1259 citissime
803 1209 917 1265 absolve.
935 1216 961 1259 et
979 1211 1078 1273 saepius
1096 1209 1144 1259 huc
1162 1210 1298 1274 perscribe,
1326 1225 1373 1260 nec
1392 1211 1477 1261 amici-

118 1282 182 1335 lan
198 1281 328 1343 inceptam
345 1278 441 1336 desere,
459 1280 522 1331 forte
539 1287 595 1344 post
613 1294 706 1329 annum
723 1296 764 1331 me
783 1296 832 1330 non
851 1280 953 1331 hebebis
972 1283 1144 1344 superstitem
1175 1281 1200 1342 (ς
1220 1283 1322 1331 directio
1340 1295 1400 1345 prae
1420 1282 1477 1330 fori-

118 1351 178 1405 ns!
215 1351 288 1402 Dens
305 1349 366 1400 mihi
384 1350 462 1400 adsit!
498 1350 604 1400 Amen.“

190 1419 218 1472 2.
239 1418 308 1484 (12.)
326 1422 385 1486 Apr.
406 1418 484 1470 1005.
505 1421 607 1474 Osteiae
625 1421 765 1471 Frisiorum.
970 1422 1040 1473 Tuae
1058 1421 1234 1472 Praestantiae
1253 1423 1444 1473 studiosissimus

1088 1493 1121 1544 D.
1142 1494 1317 1544 Fabricius.

207 1588 331 1639 adhaec
349 1604 408 1654 ergo
427 1581 632 1660 Keplerus:
667 1581 781 1643 Verum
811 1580 892 1643 Solis
921 1590 1034 1643 motum
1062 1601 1117 1660 ego
1147 1602 1201 1662 per
1229 1583 1329 1644 omnia
1358 1603 1476 1661 sequor,

118 1669 212 1733 stiam
237 1669 267 1730 in
290 1669 411 1731 Venere
435 1677 468 1730 et
490 1669 649 1745 Mercurio,
674 1689 728 1731 ceu
752 1669 904 1731 Ariadnes
928 1672 1019 1734 filum.
1066 1670 1143 1732 Nam
1168 1691 1234 1732 cum
1254 1672 1382 1734 medinm
1398 1673 1474 1733 Pto-

118 1753 253 1822 emaens
277 1756 465 1838 sequeretur-J
487 1777 560 1838 opus
584 1758 643 1838 ipsi
667 1758 723 1821 fuit
745 1767 904 1838 praeterea
927 1760 1071 1842 epicyclio
1091 1779 1144 1820 seu
1159 1769 1419 1823 eccentreccentro
1439 1761 1477 1821 ob

118 1855 301 1930 sequentem
325 1845 406 1909 Solis
431 1847 610 1926 ignoratum.

202 1937 309 2018 Atque
323 1935 368 1997 ita
390 1936 440 1997 vel
464 1937 586 1998 tandem
601 1936 679 1998 vale.
723 1934 838 2014 Scripsi
858 1935 906 1998 11.
924 1934 994 1998 Oct.
1014 1932 1108 1998 1605.
1160 1935 1270 1998 Saluta
1284 1937 1321 1998 D.
1341 1935 1474 1999 Cancel-

119 2022 237 2090 arinm.
285 2023 390 2086 Scribe
414 2023 505 2087 situm
529 2024 656 2087 Ostelae
679 2024 718 2085 ad
742 2025 883 2101 Emdam,
909 2023 1052 2087 Anticum
1076 2026 1130 2086 111.
1160 2034 1191 2086 et
1214 2026 1299 2087 mitte
1324 2026 1495 2087 crastinae-

118 2112 244 2196 eclipsis
267 2112 440 2175 observata.
1162 2113 1233 2176 Jot
1256 2112 1384 2195 Kepler.

192 2216 341 2276 Proximus,
369 2233 434 2284 qnae
452 2217 499 2268 has
527 2218 675 2268 subsecutae
698 2225 757 2267 aunt
782 2218 869 2268 literae
888 2219 990 2282 Kepleri
1012 2220 1131 2270 dataed
1146 2218 1169 2267 1.
1177 2223 1248 2300 Aug.
1271 2217 1347 2268 1607.
1367 2223 1477 2270 maxima

118 2308 143 2345 a
161 2297 241 2357 parte
259 2289 348 2340 Martis
366 2290 488 2339 theoriam
507 2290 624 2346 attinent,
643 2303 719 2353 qnare
737 2289 783 2339 has
801 2289 848 2339 hoc
866 2290 920 2340 loco
939 2293 1165 2354 praetermittentes
1177 2281 1315 2341 transimus
1331 2293 1363 2341 ad
1376 2292 1475 2340 ultimae

118 2362 264 2426 tKeplero
283 2361 316 2411 ad
333 2362 473 2411 Fabricium
492 2360 607 2410 datasd
628 2359 669 2409 10.
689 2360 752 2410 Nor.
776 2358 851 2417 1008,
871 2363 991 2425 equibus
1008 2377 1091 2426 panca
1108 2362 1156 2412 hnc
1176 2364 1309 2413 referenda
1327 2369 1393 2411 sunt.
1424 2363 1473 2411 Ini-

118 2436 178 2489 hi
195 2432 363 2496 respondendi
380 2432 444 2482 iacit
460 2432 493 2482 ad
510 2433 595 2482 literas
614 2432 764 2482 Fabriciid.
784 2433 808 2482 d
828 2431 852 2480 2.
873 2431 942 2495 (12)
962 2433 1023 2483 001
1040 2431 1121 2493 1608,
1145 2435 1171 2484 in
1190 2435 1278 2499 quibus
1295 2434 1362 2484 haud
1379 2449 1474 2538 pancas

118 2504 324 2579 [eprehendimua
342 2504 500 2570 quaestiones
519 2503 552 2553 ad
572 2503 731 2568 astrologiam
749 2504 910 2568 pertinentes,
929 2505 1054 2555 scribens·

208 2593 299 2666 Quod
323 2601 465 2673 aspectus
488 2599 651 2672 operantur
674 2593 704 2655 in
727 2592 801 2672 ipsis
825 2593 954 2672 punctis,
978 2594 1018 2666 id,
1044 2592 1098 2667 ais,
1124 2612 1192 2654 esse
1215 2594 1356 2655 indicium
1379 2612 1474 2672 pecu-

119 2684 203 2748 iaris
229 2681 516 2761 ordinationisDei.
564 2680 631 2753 Quo
655 2681 755 2743 verius
781 2681 883 2743 dixisti
907 2682 1146 2763 theologice,
1181 2683 1237 2744 hoc
1262 2684 1357 2744 miuus
1382 2701 1473 2744 accu-

118 2781 184 2835 rate
208 2772 249 2833 ad
272 2770 452 2855 physicas
475 2771 569 2850 leges.
616 2770 692 2832 Levi
716 2771 925 2833 emendatione
957 2771 1050 2832 coibit
1081 2779 1135 2831 tna
1158 2772 1310 2833 sententia
1329 2792 1396 2833 cum
1419 2790 1474 2832 ve-

118 2861 223 2924 ritate.
279 2859 425 2922 lndicinm
458 2869 506 2920 est
537 2859 690 2933 nimimm,
725 2878 782 2921 non
816 2879 884 2921 esse
914 2859 1102 2921 materialem
1138 2860 1359 2933 conditionem,
1397 2880 1473 2939 quae

118 2958 279 3031 aspectum
301 2947 497 3023 determinat,
522 2947 601 3010 sicut
624 2958 673 3009 est
695 2949 861 3010 materialis
885 2948 1036 3024 conditio,
1062 2967 1137 3027 quae
1162 2948 1343 3010 determinat
1365 2968 1474 3027 opera-

118 3034 235 3115 tionem
258 3037 335 3100 radii
351 3035 443 3111 Solis,
463 3037 580 3098 scilicet
604 3045 687 3098 recta
711 3036 831 3117 objecta
845 3037 957 3098 Terrae
977 3036 1159 3115 superficies.
1206 3038 1287 3100 Nam
1307 3037 1475 3116 quominus

118 3130 200 3205 recte
224 3126 345 3206 objecta
368 3135 418 3187 est
440 3126 543 3206 aliqua
566 3124 750 3204 superficies,
774 3127 830 3187 hoc
845 3126 943 3187 minus
967 3127 1076 3186 efficax
1091 3134 1139 3186 est
1153 3125 1231 3186 ictus
1256 3127 1332 3187 radii
1348 3125 1474 3187 Solaria.

118 3214 181 3280 ssd
202 3224 312 3278 contra
336 3216 366 3277 in
392 3215 581 3294 aspectibus,
615 3215 764 3293 quianon
789 3215 1022 3294 aequiparantur·
1050 3214 1094 3276 illi
1119 3213 1277 3295 continuae
1302 3214 1473 3295 quantitati,

118 3305 171 3367 sed
198 3304 301 3384 potins
329 3303 494 3376 discretae,
527 3321 585 3364 non
615 3313 740 3382 agentes
769 3304 867 3381 magis
896 3311 928 3363 et
956 3303 1053 3365 minus
1081 3322 1135 3382 pro
1163 3303 1268 3382 majori
1296 3304 1345 3364 vel
1369 3304 1476 3365 minori

118 3392 312 3456 declinatione
336 3392 459 3454 duomm
475 3392 634 3466 radiorum,
659 3391 725 3453 ideo
745 3391 891 3464 indicant,
915 3392 1013 3453 Deum
1029 3394 1185 3453 ordinasse
1201 3393 1364 3454 facultates
1380 3412 1474 3472 quas-

118 3482 191 3545 dam
216 3481 364 3543 animales
387 3481 418 3542 in
440 3480 488 3542 his
509 3481 622 3556 Terris,
645 3481 755 3542 mentis
779 3481 998 3562 quodammodo
1022 3480 1187 3560 participes
1205 3481 1243 3541 ad
1267 3481 1475 3560 percipiendas

118 3569 319 3652 geometricas
345 3569 593 3649 pulchritudines,
618 3588 672 3631 seu
696 3571 787 3631 etiam
813 3569 999 3650 quantitates
1014 3570 1174 3642 discretas,
1200 3569 1306 3647 quibus
1321 3570 1472 3648 perceptis

118 3677 201 3743 psae
226 3666 332 3721 essent
354 3676 500 3737 operosae
524 3658 554 3719 in
579 3658 761 3721 excudendis
784 3659 956 3737 vaporibus.
1003 3658 1087 3719 Haec
1116 3667 1166 3718 est
1188 3655 1279 3735 igitur
1301 3657 1355 3724 illa
1378 3676 1472 3737 pecn-

118 3747 199 3810 liaris
221 3746 281 3809 Dei
304 3747 463 3822 ordinatio,
489 3747 652 3809 facultates
676 3747 746 3809 illae
770 3757 843 3809 sunt
864 3746 1011 3825 imagines
1031 3746 1097 3819 Dei,
1121 3743 1322 3824 percipientes
1346 3763 1471 3825 geome-

118 3835 227 3900 tricem
247 3834 509 3916 pulchritudinem,
530 3843 564 3897 ut
585 3835 679 3897 Dens.

200 3931 314 3984 Dante:
338 3924 555 4005 Astrologica
547 3923 710 4004 interjicis:
736 3942 784 4002 qur
777 3923 924 4002 planeta
947 3921 985 3983 ab
1009 3920 1069 3982 alio
1083 3922 1227 4000 patiatur,
1253 3940 1290 3982 an
1311 3921 1361 4000 qui
1375 3921 1471 3984 minor

118 4021 143 4076 tt
168 4013 336 4089 obscurior,
361 4033 398 4074 an
422 4031 494 4075 vero
518 4013 568 4093 qui
592 4013 733 4094 inferior?
778 4012 844 4091 Ego
870 4010 1066 4091 astrologiam
1089 4009 1167 4071 inter
1191 4010 1355 4072 facultates
1371 4019 1468 4072 terre-

118 4110 192 4165 stres
218 4121 355 4164 exerceo.
408 4102 443 4164 In
468 4101 552 4164 coelo
576 4102 658 4163 nulla
682 4109 730 4163 est
751 4108 855 4162 mutua
876 4099 990 4179 passio,
1016 4100 1070 4160 sed
1094 4099 1123 4160 in
1140 4098 1336 4178 imaginativa
1351 4100 1470 4162 occulta

118 4190 312 4254 uescentium.
359 4188 421 4253 Sed
444 4190 567 4271 propius
595 4191 634 4252 ad
657 4189 805 4270 principia
828 4189 1024 4268 astrologica.
1071 4186 1291 4268 Significatoris
1321 4196 1370 4249 est
1393 4189 1468 4267 pati,

118 4279 305 4345 nomissoris
329 4298 430 4359 agere.
475 4279 559 4360 Ergo
583 4298 649 4341 curn
673 4279 701 4341 in
726 4277 837 4340 saniori
861 4278 1029 4358 astrologia
1051 4277 1270 4356 significatores
1301 4277 1373 4337 nulli
1396 4277 1467 4346 sint,

118 4367 168 4433 risi
191 4367 261 4443 Sol,
295 4369 397 4444 Luna,
428 4367 559 4431 medium
581 4368 671 4437 coeli,
705 4367 886 4450 ascendens,
911 4366 967 4428 soli
991 4366 1082 4447 igitur
1109 4365 1140 4427 hi
1162 4366 1325 4446 patientur.
1371 4365 1467 4427 Simul

118 4476 211 4533 amen
235 4464 267 4519 et
290 4456 344 4519 Sol
369 4465 401 4519 et
423 4459 512 4520 Luna
534 4465 628 4538 agent
649 4458 678 4518 in
703 4458 917 4519 ascendentem
940 4464 972 4516 et
994 4454 1122 4517 medium
1147 4455 1239 4525 coeli,
1264 4454 1335 4535 quia
1357 4454 1411 4517 Sol
1436 4464 1468 4516 et

118 4547 196 4611 'anna
220 4555 291 4608 sunt
314 4544 408 4610 etiam
429 4546 639 4626 promissores.

118 4651 295 4786 ²⁹{Jamque
312 4652 427 4705 Fabricio
446 4651 635 4719 „prognostica“
654 4653 751 4716 petenti
769 4652 885 4708 nunciat,
904 4664 937 4701 ea
964 4650 1117 4700 conscribere
1140 4663 1168 4699 se
1194 4649 1353 4699 intermisisse
1373 4648 1463 4716 (comp.

175 4812 290 4866 Ultimae
308 4811 459 4863 Fabricii
475 4812 564 4863 literae
582 4811 615 4861 ad
626 4810 763 4876 Keplerum
782 4809 858 4861 datae
876 4817 934 4859 sunt
952 4809 976 4859 d.
998 4807 1038 4858 12.
1060 4805 1129 4871 (12.)
1139 4807 1215 4858 Mart.
1236 4805 1348 4866 ttoors
1366 4812 1461 4874 quibus,

118 4880 218 4950 11111111
229 4883 357 4934 litorum
370 4885 510 4940 commercii
521 4884 596 4935 finem
607 4883 738 4939 iactamus,
756 4881 821 4932 haee
832 4895 916 4948 panca
927 4880 1102 4932 desumsimnm
1121 4894 1177 4946 ego,
1190 4881 1278 4945 inquit,
1296 4887 1366 4945 puto.
1379 4881 1462 4932 Deum
