3278 5542
244 306 308 373 546
843 304 1003 356 Prooemium.

336 467 485 544 Keplerus
510 484 598 544 quum
632 466 660 525 in
686 464 783 527 indice
808 484 953 526 summam
983 464 1075 525 libelli
1100 464 1146 525 sui
1170 464 1233 542 ipse
1263 463 1445 545 prodiderit,
1474 463 1512 524 nil
1534 482 1590 523 arn-

247 557 324 636 plius
348 554 516 615 addendum
539 554 597 614 ruti
623 572 723 613 sumus
749 554 785 613 de
809 554 861 626 iis,
895 572 970 632 quae
995 553 1097 612 insunt
1120 551 1187 612 huic
1212 554 1296 614 suavi
1324 553 1484 631 opusculo,
1512 570 1592 628 prae-

235 646 334 722 =cipue
351 662 417 703 curn
443 642 556 714 eadem,
583 643 704 719 quaein
721 641 795 702 libro
811 641 847 701 de
863 639 962 702 Stella
978 642 1066 702 nova
1081 641 1253 720 conscripto
1278 660 1338 702 non
1355 640 1455 700 omitti
1469 648 1593 717 possunt,

247 734 294 794 hio
319 732 424 792 iisdem
455 732 516 790 fere
546 729 644 789 verbis
672 730 895 808 praemittenda
927 730 1064 790 fuissent.
1112 730 1176 790 Hoo
1205 738 1338 803 tanturn,
1373 729 1454 808 quod
1485 728 1593 804 saepius

248 821 390 892 diximus,
422 838 590 888 monemus,
624 838 660 877 ea
689 819 769 889 loca,
799 819 826 878 in
856 817 962 896 quibus
992 817 1208 878 defendendam
1242 818 1379 896 suscepit
1408 816 1593 893 astrologiam

248 909 406 987 Keplerus,
432 926 488 967 non
515 907 542 966 in
567 907 653 985 pejus
677 906 702 965 ei
728 907 874 967 vertenda
899 925 974 972 esse,
1000 905 1070 984 quia
1094 915 1124 967 et
1148 926 1252 967 munus
1277 905 1414 967 habebat
1438 903 1594 966 aCaeeare

248 998 474 1067 demandatum,
507 1003 537 1055 et
559 994 623 1072 ipse
652 1014 702 1065 ea,
736 995 842 1074 quibus
877 994 1058 1071 astrologiae
1094 995 1192 1066 ,filiae
1226 1003 1354 1055 matrem
1387 993 1594 1055 astronomiam

250 1085 379 1146 alentis“
406 1084 472 1162 plus
492 1084 576 1161 justo
602 1083 731 1143 tribuere
755 1083 886 1153 ridetur,
911 1082 1080 1160 restringit,
1110 1101 1228 1162 semper
1251 1102 1433 1162 comparans
1457 1082 1594 1143 rationein

248 1172 434 1249 astrologiae
458 1191 524 1233 enm
550 1171 601 1231 illa
624 1171 800 1243 medicinae,
825 1190 913 1249 quam
937 1170 1073 1231 Feselius
1097 1172 1288 1250 profiteatur,
1313 1172 1358 1232 eui
1385 1190 1476 1250 quarn
1501 1188 1594 1248 parurn

248 1271 333 1323 certa
357 1261 430 1320 fides
456 1267 583 1331 constet,
609 1277 663 1337 per
681 1259 753 1337 joca
777 1267 808 1320 et
830 1259 911 1321 seria
932 1259 1052 1338 probat

336 1349 411 1427 Agit
435 1349 471 1409 de
496 1348 551 1408 hoo
576 1348 678 1408 libello
699 1346 737 1408 E.
761 1345 953 1408 Scheibelius
976 1347 1004 1408 in
1031 1345 1293 1419 „Oekonomische
1317 1347 1528 1408 Nachriobteu
1550 1347 1594 1406 der

245 1437 455 1500 Selrlesisohen
480 1436 701 1497 Patriotisclren
728 1433 953 1496 Gesellschalt“
980 1438 1042 1506 (an.
1073 1431 1186 1507 1776),
1211 1436 1348 1497 refutans
1375 1435 1523 1496 vaticinia
1539 1433 1593 1496 Ca-

246 1526 372 1587 lendarii
397 1574 404 1599 ,
430 1526 507 1604 quod
534 1531 639 1586 vocant
663 1525 807 1586 seculare.
855 1522 1043 1585 Scheibelius
1069 1525 1194 1584 laudans
1218 1524 1336 1602 quidem
1361 1524 1493 1603 Kepleri
1516 1524 1592 1602 inge-

245 1616 335 1687 nium,
359 1633 424 1675 cum
449 1615 535 1692 longe
560 1613 620 1673 alia
643 1612 700 1690 ipsi
725 1613 772 1679 sit,
788 1611 939 1673 sententia
962 1612 1050 1672 nimis
1074 1611 1182 1691 premit
1207 1631 1251 1682 ea,
1276 1632 1353 1691 quae
1380 1614 1418 1672 de
1434 1612 1593 1690 astrologia

245 1704 395 1782 Keplerus
429 1703 457 1762 in
491 1701 546 1762 hoo
579 1700 680 1762 libello
713 1693 867 1781 proponit,
901 1700 1021 1762 minime
1055 1700 1201 1762 rationem
1230 1700 1344 1762 habens
1371 1719 1493 1775 eorum,
1528 1720 1592 1779 quae

244 1793 332 1854 modo
357 1791 484 1852 diximus
508 1791 544 1851 de
570 1790 621 1851 illa
644 1790 766 1868 Kepleri
791 1789 970 1851 conditione.

334 1878 508 1940 Scht'areri
534 1879 758 1957 responsionem
782 1878 820 1939 ad
845 1877 955 1939 l'eselii
980 1876 1122 1949 libellum,
1147 1876 1235 1938 uirnis
1258 1875 1401 1939 diffusam
1426 1875 1511 1948 (220
1532 1894 1589 1956 pag.

243 1969 273 2030 iu
296 1964 361 2041 4.),
386 1968 414 2028 iu
439 1987 498 2046 qua
520 1957 720 2044 astrologiam
742 1966 830 2027 anxie
856 1965 1004 2040 defendit,
1037 1983 1116 2026 anno
1143 1960 1238 2026 161¹.
1263 1965 1430 2043 prodiisse,
1451 1966 1590 2027 monuisse

151 2082 155 2089 ·
243 2057 384 2119 sufficiat.
430 2057 496 2118 Hoc
521 2065 637 2116 tautum
661 2055 808 2126 addimus,
833 2051 1014 2116 Sehl'ererurn
1037 2054 1066 2114 in
1090 2053 1174 2114 ealce
1200 2053 1267 2114 libri
1282 2053 1328 2114 sui
1353 2065 1507 2116 mortuum
1525 2073 1588 2115 nun·

243 2144 324 2208 olere
348 2144 499 2207 Feeelium
521 2163 624 2207 mense
647 2143 820 2223 Septembri
847 2139 940 2205 1610.
