3278 5542
138 314 203 387 272
683 320 807 390 Av⁰¹⁰t⁵⁸
823 320 947 386 Tvffl·

138 499 265 562 superne
288 478 523 560 praedictarum,
547 489 580 543 et
603 480 671 543 ideo
693 498 752 543 non
776 488 904 560 possunt
926 480 1034 543 abesse
1058 479 1197 560 amplius,
1227 477 1370 560 quoniam
1392 496 1487 541 curva-

139 579 210 634 tura
232 568 370 632 absidum
401 588 460 631 non
485 569 579 631 habet
606 568 647 631 ibi
675 570 892 648 longitudinem
916 570 1096 651 majorem.“
1142 567 1314 632 Obscurum
1344 586 1414 630 esse
1434 567 1490 630 Pli-

80 699 84 707 ·
139 661 220 722 nium
243 659 273 720 in
296 658 344 720 his
367 657 468 720 verbis
491 676 594 720 omnes
618 660 766 732 fatentur,
796 657 992 733 Oollimitius,
1022 678 1059 720 ex
1083 658 1139 720 boe
1163 657 1324 738 Zieglerns
1352 657 1491 738 interpre-

139 749 285 810 tationem
309 766 398 808 unam
421 747 551 810 afferunt
574 755 606 809 et
629 748 716 809 simul
731 748 871 828 rejiciunt
894 756 926 810 ut
940 746 1176 827 impossibilem:
1200 744 1362 827 Zieglerus
1376 747 1491 808 alteram

137 836 311 918 superaddit
334 835 517 918 Mycilloque
541 836 727 917 suppeditat,
752 854 841 916 quam
865 846 958 917 negat
980 838 1045 919 ipse
1069 855 1136 898 esse
1160 835 1370 898 Plinianorum
1393 834 1490 898 verbo-

136 945 200 989 mm
224 925 396 1005 genuinam.
446 923 509 987 Sed
534 923 720 1006 Copemicus
749 925 945 987 communiter
967 925 1040 987 mibi
1064 932 1096 987 et
1118 926 1198 988 Urso
1220 933 1366 1005 receptus
1393 923 1492 985 iubos

135 1015 256 1094 negotio
280 1013 380 1088 testis,
404 1013 431 1074 is
455 1032 538 1092 ergo,
563 1014 739 1096 posthabito
763 1033 830 1094 cap.
846 1015 949 1088 Vlli,
975 1015 1135 1076 emendato
1154 1031 1226 1075 vero
1241 1021 1400 1086 contextu,
1422 1011 1492 1094 quod

135 1104 241 1167 crebro
265 1103 294 1164 ιιι
319 1103 374 1164 hoc
398 1111 522 1164 auctore
546 1103 749 1165 necessarium
773 1103 912 1172 occurrit,
938 1104 1032 1165 efficit
1053 1110 1088 1164 ιιι
1105 1103 1170 1183 jam
1190 1102 1220 1165 in
1238 1100 1341 1165 Plinio
1357 1101 1490 1183 Capellae

137 1212 240 1255 vocem
263 1192 419 1254 exaudias.
466 1190 519 1254 Sic
542 1212 648 1273 nempe
672 1192 795 1272 scripsit
818 1211 855 1254 ex
877 1200 978 1253 mente
1003 1189 1163 1272 Copernici
1187 1191 1322 1253 Plinius:
1353 1208 1488 1266 „conver-

136 1302 189 1343 sas
212 1279 327 1343 habeut
349 1289 491 1360 utraeque
516 1281 640 1343 absidas
667 1289 701 1343 ιιι
724 1281 835 1344 circum
859 1279 961 1344 Solem
985 1282 1077 1354 sitae;
1105 1288 1284 1361 tantumque
1315 1280 1355 1342 de
1382 1279 1488 1343 circulis

136 1390 240 1433 earum
263 1370 367 1432 subter
390 1378 439 1431 eat
461 1376 605 1451 quantum
624 1371 785 1450 superne.“
830 1371 873 1433 Ut
896 1389 955 1431 vox
979 1369 1103 1446 „infra“
1124 1370 1165 1432 sit
1179 1368 1364 1445 adulterina,
1388 1387 1485 1450 „prse-

135 1459 308 1522 dictarum“
333 1477 404 1520 vero
428 1459 614 1539 surreptitia.
662 1459 760 1521 Movit
776 1458 982 1539 Copernieum,
1007 1468 1043 1521 ut
1065 1458 1122 1520 hoc
1136 1458 1267 1522 Plinium
1291 1456 1407 1520 dixisse
1428 1476 1484 1520 cre·

137 1550 237 1632 deret,
270 1548 343 1610 illud
366 1548 565 1631 potissimum,
591 1550 670 1630 quod
694 1557 726 1610 et
749 1549 907 1611 Vitruvius
931 1556 1003 1610 ante
1026 1547 1165 1617 Plinium,
1191 1556 1224 1609 et
1247 1546 1392 1627 Capella,
1410 1545 1484 1608 Plinii

136 1637 376 1718 metaphrastes,
407 1637 512 1699 eadem
536 1637 573 1698 de
597 1637 729 1717 planetis
754 1638 915 1717 dogmata,
946 1638 1068 1699 easdem
1091 1637 1278 1712 sententies,
1302 1636 1424 1699 eosdem
1444 1654 1482 1696 er-

136 1747 234 1802 rores,
267 1726 375 1788 eadem
403 1744 495 1806 saepe
518 1727 611 1789 verba
634 1745 701 1788 cum
724 1727 939 1806 praecedentia
967 1735 1030 1788 tum
1055 1725 1213 1806 sequentia
1234 1724 1298 1787 und
1320 1744 1388 1788 cnm
1399 1723 1481 1787 Plinio

136 1823 290 1895 usurpent,
313 1817 500 1895 posteriora
523 1815 622 1895 priore
645 1824 808 1877 mutuatus.
855 1816 890 1878 In
915 1815 1066 1889 hocloco,
1092 1815 1142 1877 ubi
1161 1815 1198 1876 de
1215 1814 1347 1877 Veneris
1367 1822 1400 1877 et
1411 1814 1481 1876 Mer-

136 1905 209 1968 curii
232 1924 299 1967 cnm
322 1903 394 1966 Sole
418 1904 639 1985 conspiratione
663 1905 776 1983 agitur,
808 1904 850 1966 illi
875 1905 995 1985 quidem
1019 1904 1095 1966 bunc
1118 1920 1253 1979 sensum,
1290 1922 1380 1985 quem
1401 1902 1480 1965 Plinio

136 1994 320 2074 Copemicus
343 1994 491 2069 restituit,
516 1994 696 2074 exprimunt.
745 1991 820 2056 Cum
850 1994 927 2055 euim
951 1994 1049 2056 Plinio
1079 1992 1170 2055 luerit
1192 1993 1272 2055 alter
1295 1984 1479 2072 magistsrel

136 2090 402 2164 praemonstrator,
428 2085 506 2145 alter
530 2083 703 2163 discipulus,
729 2090 852 2163 uterque
876 2101 930 2163 pro
950 2084 1114 2162 interprete
1129 2080 1325 2145 obscuritatis
1338 2076 1478 2144 Plinianse

133 2175 199 2254 jure
228 2172 363 2234 adhiberi
392 2172 486 2234 videri
515 2180 628 2251 potest.
676 2172 722 2234 Ac
745 2172 816 2234 mihi
842 2192 931 2245 sane,
964 2172 1047 2247 dum,
1084 2172 1153 2253 quid
1177 2170 1293 2234 Plinius
1318 2186 1386 2252 cap.
1409 2168 1478 2232 Vlll.

139 2261 258 2336 dixerit,
285 2261 354 2343 qnid
374 2262 437 2342 jam
463 2279 528 2341 cap.
554 2260 658 2323 XVII.
684 2261 797 2323 dixisse
822 2260 1001 2323 credendum
1025 2262 1082 2336 ιιι,
1114 2259 1287 2336 considero,
1312 2260 1430 2323 videtur
1448 2258 1479 2318 ιιι

139 2351 189 2413 ille
213 2350 346 2412 rationes
371 2357 609 2412 astronomorum
634 2359 666 2411 et
690 2349 821 2413 Vitruvii
844 2351 938 2413 verba
961 2369 1019 2412 non
1042 2350 1120 2412 satis
1143 2349 1328 2429 percepisse,
1353 2350 1406 2412 sed
1427 2348 1501 2410 dun-

141 2439 252 2519 raptim
276 2439 419 2501 torrentis
442 2440 539 2501 instar
561 2459 664 2501 omnes
688 2446 828 2501 auctores
850 2439 1012 2519 percurrit,
1037 2439 1137 2501 omnia
1160 2439 1328 2514 convolvit,
1360 2438 1478 2501 ubertate

141 2528 285 2591 scientiae
308 2528 454 2602 tumidus,
487 2529 584 2591 multa
607 2528 774 2591 semicruda
803 2547 858 2590 nec
880 2530 968 2610 plene
993 2546 1093 2592 secum
1117 2528 1176 2608 ipsi
1204 2534 1351 2609 percepta
1373 2527 1478 2609 profert

141 2617 328 2680 obscuritate
352 2619 508 2680 verbomm
533 2636 566 2679 se
590 2618 676 2680 simul
701 2628 733 2678 et
756 2618 899 2680 lectorem
923 2617 1086 2699 decipiens.
1133 2619 1199 2679 Hoc
1222 2617 1267 2679 illi
1294 2636 1371 2680 sane
1393 2616 1493 2680 erebro·

141 2706 219 2769 aliis
243 2707 418 2783 usuvenit,
443 2706 493 2770 ubi
517 2708 696 2770 secretiores
719 2708 757 2768 ab
783 2726 837 2769 usu
860 2706 1035 2786 quotidiano
1058 2706 1235 2787 disciplinas
1255 2707 1389 2787 attingit.
1428 2706 1479 2768 lta·

141 2815 196 2879 que
220 2814 277 2858 non
301 2803 350 2858 est
372 2796 402 2858 in
426 2796 482 2858 hoc
506 2804 628 2860 auctore
652 2795 823 2866 absurdum,
848 2796 1014 2858 credidisse
1038 2797 1115 2858 bunc
1129 2794 1265 2859 ordinem
1288 2795 1479 2877 aphaerema.

140 2886 189 2967 qui
212 2893 262 2948 est
284 2904 351 2965 cap.
377 2886 479 2959 VlII.,
504 2895 536 2948 et
558 2886 749 2948 nibilominus
774 2904 839 2946 cum
856 2885 996 2948 Vitruvio
1020 2885 1153 2948 sensisse
1177 2904 1245 2965 cap.
1270 2884 1392 2961 XVH.,
1416 2878 1479 2965 quol

82 3003 85 3009 ·
139 2973 242 3038 Solem
266 2975 401 3036 ambiant
424 2976 530 3037 Venus
554 2983 586 3036 et
609 2975 786 3037 Mercurius.

228 3063 291 3126 Sed
315 3064 471 3125 audiamus
496 3072 528 3125 et
550 3063 732 3126 Vitruvium.
766 3064 797 3126 Is
821 3060 882 3137 (De
897 3062 1121 3136 Architectura,
1146 3062 1201 3124 IX.
1230 3061 1274 3136 l.)
1298 3081 1367 3124 cum
1385 3069 1480 3124 metm

139 3153 276 3234 primum,
300 3151 349 3233 qui
373 3153 499 3215 lixarum
522 3160 554 3215 et
577 3153 728 3233 signorum
752 3152 867 3214 zodiaci
890 3159 953 3226 est,
979 3152 1165 3232 explicasset
1183 3152 1309 3232 jamque
1334 3152 1364 3214 in
1388 3164 1480 3231 genere

139 3242 277 3316 dixisset,
304 3240 451 3322 quomodo
475 3241 591 3316 „Luna
616 3242 708 3304 stella
730 3241 882 3311 Mercurii,
907 3241 1047 3315 Veneris,
1072 3241 1137 3321 ipse
1161 3238 1229 3317 Sol,
1254 3241 1388 3324 itemque
1410 3240 1479 3302 Mar·

140 3331 197 3405 tis,
226 3330 313 3393 Jovis
333 3338 366 3393 et
388 3329 510 3393 Saturni
536 3331 608 3401 (hoc
631 3330 709 3392 enirn
732 3331 846 3394 usitato
870 3330 973 3392 ordine
996 3331 1136 3410 planetas
1159 3337 1315 3405 recenset,
1350 3348 1409 3411 quo
1430 3326 1480 3391 Pli·

139 3421 219 3483 nium
251 3420 329 3482 forte
361 3419 496 3499 decepit)
525 3420 707 3483 contrariam
738 3421 806 3482 fixis
837 3420 917 3482 viam
949 3420 1005 3482 snb
1036 3418 1152 3482 zodiaci
1176 3418 1271 3499 signis
1293 3415 1481 3501 peragrent‘:

140 3508 258 3572 accedit
290 3509 329 3571 ad
360 3509 593 3589 explicationem
622 3509 804 3589 singulorum
833 3529 868 3591 ep
899 3509 1020 3582 ordine,
1051 3527 1109 3590 quo
1139 3518 1350 3589 proposuerat
1397 3508 1482 3572 Primo

137 3599 242 3662 Lunae
275 3606 375 3661 motus
406 3606 438 3660 et
471 3601 573 3680 spatia
602 3607 756 3662 menstma
784 3598 941 3673 describit;
975 3598 1042 3659 dein
1076 3598 1113 3659 de
1138 3597 1268 3659 Veneris
1295 3607 1330 3662 et
1356 3591 1482 3663 Mercuri

138 3689 230 3752 stella
252 3689 295 3751 sic
319 3689 379 3751 ait:
404 3689 569 3764 „Mercurii
593 3696 694 3751 autem
718 3695 750 3750 et
773 3689 902 3750 Veneris
926 3687 1034 3749 stellae
1058 3687 1170 3749 circum
1188 3686 1270 3748 Solis
1292 3687 1412 3765 radios,
1435 3686 1481 3750 So·

138 3780 195 3841 lem
218 3779 315 3861 ipsum
339 3778 382 3841 ιιιι
406 3786 541 3841 centrum
564 3777 722 3840 itineribus
746 3786 940 3852 coronantes,
972 3794 1129 3857 regressus
1153 3783 1318 3838 retrorsum
1342 3786 1375 3840 et
1397 3784 1481 3842 retar-

137 3867 277 3929 dationes
300 3867 447 3929 faciunt.“
492 3868 606 3930 Postea
629 3867 668 3928 ad
687 3866 807 3942 Martie,
831 3866 928 3942 Jovin,
954 3865 1078 3928 Saturni
1101 3864 1209 3927 stellas
1233 3865 1356 3935 accedit
1376 3883 1481 3930 esrum·

138 3974 194 4036 que
217 3964 317 4018 motus
341 3957 483 4037 explicat.
531 3955 625 4020 Clara
648 3964 696 4019 est
714 3956 816 4037 itaque
841 3956 996 4018 verborum
1021 3955 1086 4034 ejus
1109 3955 1271 4017 sententia

226 4044 364 4106 Platonis
389 4044 507 4125 quidem
530 4045 625 4126 ipsius
648 4046 741 4108 verba
765 4045 892 4108 obscura
915 4051 995 4119 sunt,
1020 4044 1075 4106 sed
1099 4052 1199 4107 tamen
1221 4042 1336 4105 indicia
1350 4043 1482 4125 quaeum

136 4134 284 4215 praebent
306 4133 372 4212 ejus
396 4134 574 4209 sententiae,
602 4153 689 4213 quam
709 4134 753 4197 illi
777 4135 882 4197 tribuit
905 4133 1088 4195 Macrobius.
1135 4131 1249 4209 „Cum,
1275 4133 1388 4214 inquit,
1421 4133 1481 4195 ede

137 4223 231 4285 cisset
253 4222 337 4284 Deus
361 4242 485 4303 corpora
509 4223 706 4302 singulorum,
732 4244 768 4285 ea
791 4224 893 4303 posuit
916 4224 945 4285 iu
969 4222 1225 4296 circumlationes,
1254 4242 1331 4304 quas
1355 4223 1482 4304 euJusqo

136 4313 278 4375 circuitus
301 4311 482 4392 requireret,
516 4322 643 4392 septena
665 4313 695 4374 in
719 4321 876 4393 septenas,
910 4313 1027 4374 Lunam
1050 4312 1168 4392 quidem
1202 4311 1233 4373 in
1263 4310 1394 4392 primum
1416 4311 1483 4374 cire

137 4402 275 4477 Terram,
309 4399 411 4463 Solem
440 4420 510 4463 vero
535 4402 565 4464 in
588 4402 751 4465 secundum
774 4421 866 4487 snpra
888 4402 1026 4477 Terram,
1056 4401 1227 4481 Vespemm
1249 4418 1323 4462 vero
1352 4409 1386 4463 et
1407 4413 1482 4484 quad

136 4491 286 4554 Mercurio
320 4509 438 4552 sacram
469 4491 572 4553 dicunt
603 4491 632 4553 in
657 4494 750 4566 tales,
781 4492 829 4573 qui
854 4492 1021 4554 celeritatis
1045 4491 1164 4571 quidem
1185 4489 1303 4553 ratione
1328 4504 1481 4572 sequetur·

136 4589 253 4643 rentem
276 4579 341 4643 Soli
364 4580 467 4642 orbem
491 4591 578 4655 eunt,
602 4581 783 4643 contrariam
807 4600 878 4642 vero
894 4581 921 4643 ei
935 4581 995 4643 vim
1011 4580 1110 4642 sortiti
1130 4586 1214 4654 sunt;
1239 4598 1332 4661 quare
1357 4587 1390 4643 et
1411 4596 1481 4643 oom-

135 4670 323 4750 prehendnut
354 4677 386 4731 et
413 4669 704 4749 comprehenduntur
736 4689 812 4732 ase
843 4679 946 4733 mutuo
984 4678 1016 4732 et
1048 4669 1210 4733 secundum
1244 4668 1353 4731 eadem
1380 4667 1480 4737 Solen

136 4759 318 4823 Mercurium
341 4765 373 4819 et
394 4758 579 4822 Venerem.“

224 4847 357 4915 Primum
379 4847 517 4911 videmus
541 4848 706 4912 celeritatis
733 4847 851 4911 ratione
879 4848 1007 4912 eundern
1029 4847 1121 4911 tribui
1147 4844 1245 4910 tribus
1273 4845 1360 4911 hisce
1381 4846 1481 4919 orben,
