3278 5542
483 1266 988 1370 PROOEMIUM.

148 1747 235 1821 Quae
258 1752 409 1833 Keplcms
437 1755 466 1817 in
491 1755 566 1819 libro
590 1756 627 1818 de
642 1756 732 1819 Nova
744 1755 844 1819 Stella
866 1756 950 1831 (vide
973 1754 1045 1818 Vol.
1070 1756 1126 1830 11.)
1150 1756 1246 1821 latino
1275 1772 1413 1823 sermone

106 1836 132 1900 is
155 1840 291 1916 eruditis,
322 1844 501 1923 quiessent
527 1844 590 1907 ista
621 1845 743 1922 lecturi,
762 1845 811 1923 ,de
840 1844 1008 1925 astrologia
1029 1854 1244 1924 proposuerat,
1277 1847 1307 1911 iu
1337 1848 1413 1911 libro

106 1930 108 1987 ζ
131 1928 268 2008 sequitur
292 1933 463 2011 germanico
487 1932 630 1996 idiomate
654 1933 789 2013 pluribus
812 1932 944 2014 explicat
967 1951 1034 1996 cum
1057 1932 1199 2010 eruditis,
1227 1942 1291 1998 tum
1314 1936 1414 2000 homi-

106 2032 150 2077 ms
175 2016 329 2080 literarum
352 2020 452 2083 studio
480 2021 578 2083 minus
601 2021 734 2085 imbutis.
781 2020 868 2085 Sicut
896 2022 926 2085 in
951 2020 1027 2085 libro
1055 2021 1190 2101 proxime
1213 2025 1415 2103 praecedento

106 2110 167 2165 utra
189 2104 346 2170 Rbslinnm
369 2128 439 2184 eos,
466 2110 514 2190 qui
540 2110 662 2172 nimium
684 2110 852 2174 tribuerent
875 2111 1069 2191 astrologiae,
1093 2110 1290 2188 refutaverat,
1316 2113 1361 2176 ita
1383 2112 1414 2176 in

106 2208 119 2254 c
146 2191 282 2258 defendit
309 2198 506 2279 astrologiam
531 2208 636 2261 contra
659 2219 726 2270 eos,
755 2199 805 2281 qui
832 2199 952 2279 penitus
984 2218 1052 2261 eam
1075 2206 1210 2262 evertere
1238 2201 1413 2265 studebant.

106 2298 195 2342 usam
218 2285 427 2348 conscribendi
451 2287 539 2367 hujus
554 2288 688 2368 opusculi
711 2288 851 2369 praebuit
863 2288 995 2367 Keplero
1015 2288 1232 2359 controversia,
1256 2297 1324 2353 orta
1338 2290 1416 2353 inter

130 2369 243 2433 Meloh.
268 2373 501 2452 Scb'arernm,
529 2384 685 2456 pastorem
712 2375 965 2457 Mctzingeusem,
995 2385 1028 2437 et
1049 2375 1088 2439 D.
1117 2375 1195 2439 Phil.
1220 2378 1415 2451 Feselinm,

106 2456 209 2520 ¹»dicum
241 2461 425 2525 Marcbionis
458 2464 617 2527 Badensis.
675 2465 812 2528 Feselius
847 2484 925 2528 anno
960 2460 1055 2529 1609.
1092 2464 1204 2543 publici
1235 2466 1312 2545 juris
1343 2465 1417 2528 iecit

108 2545 214 2622 ellum,
251 2550 442 2632 inscriptum:
479 2551 717 2629 „Grundtlicher
743 2553 869 2616 Discors
897 2572 955 2615 von
988 2553 1042 2615 der
1068 2553 1248 2634 Astrologia
1277 2554 1415 2617 Jndicia-

106 2633 139 2710 ,“
170 2635 199 2696 in
231 2639 419 2718 praelatione
448 2641 523 2704 haec
551 2642 699 2704 afferens:
727 2642 901 2721 bletzingae
929 2660 961 2702 se
989 2659 1056 2703 cum
1074 2639 1225 2704 Scb'arero
1253 2643 1350 2705 multa
1379 2643 1416 2705 ds

106 2722 255 2804 trologicis
288 2728 545 2808 praedictionibus
574 2730 760 2811 disputasse,
794 2748 882 2811 quum
914 2729 965 2791 ills
998 2729 1197 2809 astrologiam
1230 2731 1416 2807 defenderet,

106 2831 128 2874 te
157 2832 223 2875 eam
252 2826 441 2897 oppugnaret
448 2837 457 2893 ;
489 2818 579 2898 paulo
607 2827 678 2899 post
704 2818 854 2900 prodiisse
882 2818 940 2880 duo
964 2815 1107 2879 Schdreri
1133 2820 1329 2898 prognostica
1351 2819 1416 2893 (au.

107 2897 162 2964 08.
186 2910 218 2965 et
243 2901 369 2982 1609.),
392 2907 421 2969 in
447 2906 552 2988 quibus
575 2925 692 2981 omnes,
717 2907 767 2988 qui
790 2925 847 2969 non
862 2905 982 2986 penitus
1005 2905 1118 2968 addicti
1141 2905 1203 2969 sint
1225 2907 1419 2988 astrologiae,

106 2997 208 3055 tentor
229 2993 395 3056 calumniis.
444 2996 544 3070 (Haec
567 3004 638 3057 suut
661 2995 724 3076 ejus
748 2994 856 3057 verba:
881 3016 916 3058 er
936 3002 1050 3058 amm
1069 2996 1117 3057 aie
1137 2995 1307 3069 undolter,
1329 3004 1417 3079 apua

106 3099 122 3152 ·,
145 3077 288 3156 Maeror,
308 3085 404 3166 probe
424 3104 551 3159 norrea,
573 3086 670 3167 probe
688 3083 960 3167 philosophantem,
987 3083 1234 3166 widerapreobcr
1255 3084 1314 3148 der
1331 3105 1417 3148 acor-

106 3169 137 3243 it,
162 3172 354 3235 mwiaaersde
376 3173 473 3247 Laut,
505 3181 577 3256 fflsts
600 3170 706 3236 albere
728 3174 873 3256 orcpffen,
906 3169 1061 3257 cyclopes,
1090 3173 1182 3236 boum
1204 3180 1234 3236 et
1255 3174 1418 3238 minorum

106 3277 154 3321 ces
185 3259 367 3338 mittentes,
400 3260 513 3326 welche
544 3262 598 3325 die
622 3261 796 3326 &satureo
820 3261 929 3325 doces
954 3262 1013 3324 mit
1038 3259 1245 3344 Kaloaocpen
1271 3263 1417 3338 esseben,

106 3346 239 3429 amigo,
270 3357 434 3431 pruma,
467 3350 828 3425 praeassumptas,
858 3350 914 3413 uia
942 3348 1116 3433 gleichsam
1140 3349 1217 3413 Gott
1246 3352 1281 3414 irs
1310 3353 1419 3416 acinco

106 3440 428 3503 acarasseorum
454 3440 625 3503 medecina
643 3439 715 3502 Ebc
736 3439 938 3520 oerepottera)
982 3439 1066 3500 Haeo
1081 3437 1242 3519 opprobria
1255 3446 1363 3502 conns
1384 3459 1418 3502 se

106 3544 164 3587 mm
187 3525 269 3587 dicta
291 3545 360 3590 esse
382 3535 470 3609 putat
488 3527 640 3604 Fesclius;
664 3537 697 3590 at
720 3526 916 3590 concitatiore
940 3526 1053 3607 impetu
1072 3526 1214 3607 abreptus
1233 3526 1273 3587 ad
1288 3545 1417 3607 respon-

106 3612 195 3675 ndnm
217 3634 276 3676 non
301 3615 497 3696 astrologiam
520 3624 651 3691 tantum,
681 3617 737 3679 sed
759 3613 975 3678 astronomiam
1004 3613 1098 3676 etiam
1121 3633 1159 3676 ex
1181 3623 1269 3693 parte
1297 3614 1416 3696 quidem

110 3701 173 3764 icit
218 3701 378 3782 Keplerns,
403 3704 524 3767 vixdum
548 3706 689 3768 absoluta
711 3703 905 3785 responsione
921 3702 1141 3776 adeslinum,
1166 3702 1334 3783 impavidus
1357 3702 1416 3765 im-

106 3797 180 3871 gnat
204 3791 280 3853 bunc
304 3812 420 3874 quoqne
444 3793 600 3869 medicum,
624 3793 792 3856 concedens
816 3812 863 3867 ea,
887 3810 963 3872 quae
978 3809 1048 3852 vere
1072 3791 1162 3871 objici
1181 3791 1299 3873 possint
1313 3799 1415 3853 astro·

106 3879 179 3958 piae,
213 3879 337 3943 firmiter
360 3889 467 3944 terem
490 3901 575 3944 suam
598 3883 635 3944 de
658 3882 712 3945 illa
734 3881 930 3955 senteutiam,
965 3880 1100 3942 relutans
1125 3899 1175 3956 ea,
1204 3899 1280 3961 quae
1304 3879 1419 3960 impro-

106 3967 185 4030 ntins
208 3969 345 4032 Feselins
368 3971 547 4051 protulisset
568 3978 676 4034 contra
698 3969 926 4044 astronomiam,
960 3968 1076 4049 optior,
1105 3969 1232 4051 physica
1259 3977 1292 4031 et
1314 3976 1416 4031 astro·

106 4057 184 4119 mica
203 4059 247 4131 (v.
271 4077 298 4120 c.
323 4060 545 4135 refractionem,
569 4066 667 4122 motus
690 4061 880 4140 planetarum
903 4077 1022 4130 causas,
1048 4055 1206 4137 Gopernici
1226 4056 1417 4140 hypothesin,

106 4164 151 4208 nm
180 4144 446 4209 instrumentorum
475 4148 757 4221 astronomieorum)
785 4147 824 4209 ad
852 4164 973 4208 sensum
1002 4146 1178 4227 popularem
1204 4147 1418 4226 vulgaremque

106 4234 306 4298 commodans.
355 4235 503 4298 Thesibns
535 4233 597 4300 140
626 4243 805 4316 argumenta
831 4234 944 4298 Fesclii
971 4235 1121 4314 Keplems
1149 4234 1313 4297 examinat.
1360 4233 1417 4296 Hie

106 4331 166 4386 tem
197 4323 229 4385 in
258 4323 320 4386 illis
343 4325 528 4405 argumentis
556 4325 682 4406 primum
705 4332 849 4405 posuerat
876 4322 1130 4403 imperfectionem
1160 4321 1363 4386 astronomiae
1387 4330 1420 4384 et

106 4412 265 4491 trologiae;
303 4413 435 4476 secundo
466 4421 643 4494 argumento
673 4413 886 4477 auctoritatem
913 4411 1158 4491 philosophorum
1192 4411 1416 4491 appellaverat;

106 4500 158 4564 tio
181 4500 386 4582 inquisiverat,
411 4521 469 4583 qno
488 4503 557 4583 jure
581 4502 727 4583 astrologi
750 4502 781 4564 in
805 4519 876 4563 snas
894 4509 999 4581 partes
1018 4507 1140 4563 vertam
1158 4501 1251 4561 verba
1264 4499 1418 4561 literarum

106 4608 236 4663 :rarum;
265 4598 371 4671 quarto
395 4590 605 4672 disputaverat
628 4591 664 4653 de
688 4598 797 4653 natura
818 4589 1025 4671 planetarum,
1053 4607 1092 4651 ex
1113 4587 1247 4668 ipsomm
1269 4587 1365 4667 figura
1388 4594 1420 4648 et

106 4679 165 4742 lora
188 4679 413 4759 cognoscenda;
437 4680 540 4763 quinto
564 4681 601 4744 de
625 4678 812 4761 experientia
833 4686 949 4757 egerat,
973 4698 1063 4761 qnam
1085 4695 1172 4741 suum
1195 4677 1226 4740 iu
1245 4694 1331 4740 usum
1345 4693 1441 4739 ver·-

106 4775 134 4832 nt
156 4768 311 4849 astrologi.

135 4872 224 4924 aqu-s
238 4872 337 4923 epona
927 4912 930 4919 .
1018 4862 1024 4873 ’
1172 4867 1208 4921 tt
