3262 5550
557 338 691 399 umere
709 341 824 395 minuo
840 343 935 407 ιιιιιιι,
1383 342 1428 413 ω

65 512 174 572 pagos,
200 495 321 574 oppida,
345 496 525 579 provincias,
551 517 645 580 regna
668 500 707 560 ad
731 500 811 571 orbis
834 501 990 582 imperium
1006 504 1186 574 ascenderit,
1211 505 1311 567 omnia
1334 495 1427 585 probe

64 585 276 660 perspexerit;
300 603 406 663 neque,
431 591 465 646 ut
488 594 559 647 sunt
582 587 721 662 humana,
747 589 905 669 quicquam
928 590 1012 652 ullibi
1036 593 1184 670 repererit
1203 595 1335 666 beatum,
1358 595 1427 656 diu-

65 679 197 744 turnum,
223 680 253 733 et
278 673 348 747 tale,
374 691 432 753 quo
456 674 532 736 liniri
557 683 588 736 et
611 676 755 742 saturari
766 685 860 758 queat
882 679 947 757 eJns
972 681 1134 759 appetitus.
1170 682 1253 743 Tunc
1277 683 1355 744 enirn
1377 683 1427 745 in-

65 758 160 839 cipiet
181 761 309 825 meliora
331 781 485 843 quaerere,
509 770 580 831 tnnc
600 785 620 825 a
634 765 730 829 Terra
752 765 840 828 huo
832 787 861 831 ιι
886 767 1001 831 coelum
1025 770 1179 843 ascendet,
1202 778 1274 843 tuno
1296 772 1428 845 animum

66 848 181 911 fessum
204 851 283 913 curis
307 850 447 919 inanibus
469 851 506 915 ad
531 852 609 915 hano
632 853 763 933 quietem
786 857 965 930 transferet,
991 864 1061 919 tunc
1085 858 1186 922 diost:

386 957 483 1011 Felices
500 959 610 1016 mimas,
629 959 716 1023 quihus
733 958 798 1009 haec
817 973 965 1026 capescere
983 962 1087 1024 primum

439 1026 518 1093 lnqna
537 1029 621 1079 domos
639 1043 742 1094 superos
759 1031 881 1082 ιιιιιιιιιι
897 1045 959 1083 sun
976 1033 1034 1087 init.
1070 1029 1171 1093 (Lnsr.)

64 1131 158 1190 qnare
184 1122 374 1177 contemnere
397 1115 531 1196 incipiet,
556 1137 632 1201 quae
656 1118 727 1179 olim
749 1121 1015 1199 praestantissima
1038 1121 1163 1194 censuit,
1190 1122 1256 1182 sola
1275 1121 1350 1182 haec
1368 1120 1426 1183 uel

64 1220 160 1280 opera
174 1204 275 1283 magni
290 1205 392 1277 faciet,
417 1212 507 1286 atque
522 1225 636 1267 meram
652 1215 683 1268 et
702 1207 851 1269 sinceram
864 1210 987 1270 tandem
1006 1210 1194 1289 voluptatem
1208 1216 1256 1270 *ex
1278 1209 1325 1270 hls
1349 1226 1425 1270 con-

64 1291 313 1393 templationibus
341 1292 452 1373 capiet.
500 1293 725 1358 contemnant
735 1294 828 1383 igitur
860 1294 936 1360 baec
964 1305 996 1358 et
1024 1297 1193 1376 hujusmodi
1220 1297 1425 1387 meletemata,

63 1380 233 1463 quicunque
267 1391 532 1466 quantumcunque
559 1383 679 1459 volent,
714 1393 917 1469 quaerantque
949 1385 1006 1447 sibi
1038 1386 1225 1469 undiquaque
1258 1376 1440 1473 commodas·

62 1468 200 1547 divitias,
224 1470 404 1534 thesauros.
429 1472 609 1539 astronomis
632 1432 748 1535 isthaec
772 1473 870 1553 gloria
893 1474 1033 1549 sufficiat,
1059 1475 1137 1557 quod
1160 1474 1347 1557 philosophis
1370 1494 1427 1547 ιιιιι

60 1556 213 1632 scribunt,
243 1577 303 1629 non
325 1559 450 1640 rabulis,
473 1561 605 1640 regibus,
629 1578 687 1622 uon
710 1562 894 1640 pastoribus.
941 1563 1087 1631 Praedico
1111 1562 1278 1642 intrepido,
1308 1556 1438 1637 loturos

61 1655 166 1706 tamen
183 1647 309 1728 aliquos,
333 1648 383 1729 qui
407 1669 480 1719 suae
500 1649 559 1713 sibi
577 1649 743 1712 senectutis
763 1650 831 1713 hinc
847 1660 1021 1731 comparent
1036 1652 1191 1725 solatium
1214 1653 1293 1717 tales
1308 1669 1440 1731 nempe.

60 1736 113 1813 qui
139 1737 237 1814 quoad
260 1736 457 1816 magistratus
480 1747 655 1817 gesseruut,
684 1738 728 1800 ita
750 1748 982 1819 sogesserunt,
1010 1740 1153 1802 utlibcri
1177 1740 1326 1802 morsibus
1347 1759 1425 1809 ιιιι

58 1823 208 1885 scientiae
232 1824 349 1886 habiles
372 1844 441 1887 esse
463 1827 583 1907 possint
606 1826 740 1889 fruendis
763 1827 847 1889 hisce
871 1828 996 1890 deliciis.
1356 1852 1360 1859 ·

151 1911 397 1975 Existetiterum
412 1913 568 1978 Carolus
591 1914 709 1995 aliquis,
726 1918 753 1989 ⁶)
778 1916 837 1996 qui,
861 1936 927 1978 curn
942 1917 1073 1995 Europa,
1098 1917 1197 1995 quoad
1220 1916 1423 1996 imperaverit,

59 2020 122 2061 non
146 2010 315 2080 caperetur,
340 2003 472 2064 fessus
462 2003 605 2083 imperiis,
631 2003 787 2082 exiguas.
803 2005 1010 2067 Justicellula
1033 2005 1189 2084 capiatur:
1215 2005 1320 2084 cuique
1342 2004 1423 2066 inter

60 2099 110 2150 tot
134 2091 318 2171 spectacula,
342 2091 458 2168 titulos,
483 2092 665 2173 triumphos,
690 2100 737 2153 tot
761 2092 899 2167 divitias,
924 2094 1026 2167 nrbes,
1052 2112 1159 2172 regua,
1183 2094 1272 2156 unica
1294 2091 1437 2155 Turrim·

58 2179 131 2239 nica
161 2179 245 2239 vel
232 2199 298 2259 Jam
321 2177 737 2264 Cepernicopythagoraea')
761 2182 892 2265 sphaera
913 2182 1085 2262 planetaria
1108 2190 1266 2261 tantopere
1312 2182 1422 2259 laceat,

58 2276 94 2327 nt
120 2267 222 2328 orbem
246 2276 392 2332 terrarum
416 2288 482 2331 corn
506 2288 543 2331 ea
566 2277 738 2344 commutet,
763 2270 917 2352 digitoque
938 2270 1075 2345 circulos,
1101 2289 1188 2351 quam
1212 2199 1371 2356 ροιιιιιιι
1362 2287 1421 2341 ltu·

59 2355 156 2435 periis
179 2375 285 2435 regere
310 2357 408 2419 malit

151 2445 220 2508 Non
245 2445 320 2507 haec
342 2464 378 2508 ιο
402 2446 485 2548 dico,
509 2446 566 2509 viri
590 2427 781 2527 amplissimi,
805 2454 840 2509 ut
861 2465 972 2511 novum
993 2447 1184 2527 poenosas,
1214 2465 1305 2515 senes
1328 2446 1423 2519 (ιιιιι
1426 2488 1437 2497 ··

58 2533 167 2611 pulos,
192 2534 222 2594 in
245 2553 367 2597 scenam
389 2553 444 2596 seu
466 2535 496 2596 in
519 2535 643 2599 scholas
665 2536 848 2616 producam:
878 2535 933 2597 sed
961 2545 996 2598 ut
1023 2543 1170 2615 appareat
1193 2537 1343 2615 quodnam
1365 2554 1438 2616 gas:

58 2623 184 2682 aninum
209 2631 327 2703 tempus
351 2624 393 2685 ιιι
414 2641 545 2686 messem
568 2624 605 2685 dc
630 2624 677 2687 his
700 2625 810 2686 studiis
829 2624 1001 2704 colligendi.
1039 2624 1103 2686 Cur
1125 2624 1203 2685 enim
1227 2624 1264 2684 do
1286 2632 1423 2686 semema

59 2711 203 2771 facienda
227 2711 317 2773 aliter
340 2731 396 2793 ego
420 2711 560 2786 sentiam,
586 2722 676 2794 atque
699 2713 756 2775 viri
778 2713 1004 2797 prudentissimi
1029 2715 1066 2774 de
1089 2720 1194 2773 vestra
1216 2713 1421 2792 corona:·qnl

57 2799 137 2859 haec
153 2800 254 2861 studia
267 2800 347 2863 iuter
364 2801 528 2883 praecipua
551 2808 740 2875 censuerunt,
766 2820 842 2882 quae
862 2801 1044 2881 juvenilibus
1069 2801 1237 2863 nobilitatis
1262 2800 1369 2861 animis
1393 2800 1424 2861 iu

58 2895 167 2948 vestra
206 2889 311 2950 schola
346 2900 593 2971 proponerentur.
649 2888 702 2952 Sic
739 2890 818 2952 enim
857 2888 1048 2964 existimant,
1091 2907 1187 2971 neque
1220 2889 1336 2971 aptius·
1353 2882 1436 2955 ιιιιἶ

57 2995 156 3055 genus
189 2977 339 3040 hominurn
367 2980 405 3040 ad
442 2979 571 3041 colenda
602 2979 790 3042 mathemata
822 2976 995 3050 nobilitate,
1034 2987 1067 3039 nt
1097 2974 1202 3059 quibus
1231 2987 1314 3046 artes
1343 2976 1422 3049 allae

58 3066 99 3127 ad
125 3065 237 3127 victum
261 3066 495 3147 comparandum
518 3086 575 3130 non
600 3066 645 3129 ita
672 3068 877 3147 necessariae,
907 3087 962 3129 nec
991 3067 1109 3147 aptiora
1136 3064 1286 3139 nohilitati
1318 3064 1424 3143 studia

56 3153 292 3231 mathematicis,
317 3163 494 3237 propterca,
518 3157 597 3236 quod
621 3155 740 3223 occulta
763 3166 795 3218 et
817 3156 942 3229 mirifica
965 3155 1095 3235 quadam
1118 3155 1264 3227 facultate
1286 3154 1425 3232 polleant.

55 3262 133 3321 prae
157 3243 278 3318 ceteris,
302 3245 421 3309 feroces
444 3242 559 3309 animos
583 3245 622 3311 ad
645 3245 864 3313 humanitatem
887 3245 984 3325 adque
1005 3244 1138 3313 sobrium
1159 3262 1258 3313 rerum
1281 3251 1422 3313 terrenas

56 3351 125 3393 rum
148 3340 332 3396 contemtum
352 3333 541 3397 instituendi.
579 3332 639 3404 Qui
664 3335 779 3395 fructus
798 3335 857 3394 etsi
877 3333 1056 3395 difficultate
1079 3340 1112 3394 et
1134 3332 1297 3394 insolentis
1318 3338 1421 3395 aaa

56 3421 113 3481 riei
132 3421 293 3500 juvenibus
317 3422 505 3497 obscuratur,
529 3423 651 3485 senibus
671 3432 782 3496 tamen,
806 3423 850 3485 uti
865 3424 954 3485 modo
969 3422 1090 3495 dictum,
1115 3439 1169 3482 sno
1188 3429 1328 3500 tempore
1350 3438 1420 3487 sess

78 3510 218 3572 atefacit.

56 3528 75 3589 p
147 3599 249 3679 Atque
272 3598 348 3660 haec
371 3617 427 3681 ego
450 3599 597 3661 hactenns
625 3617 692 3662 cum
717 3600 753 3660 de
775 3599 987 3677 praesentibus
1015 3597 1159 3678 pagellis,
1189 3603 1253 3658 tum
1277 3597 1314 3658 de
1338 3595 1419 3658 omui

56 3687 254 3764 astronomia,
279 3688 319 3748 ad
340 3704 394 3751 uos
418 3687 619 3751 astronomiae
644 3697 676 3749 et
699 3681 875 3750 literaturae
899 3687 993 3749 totius
1008 3693 1170 3765 amatores,
1197 3685 1263 3746 'lllri
1278 3683 1434 3767 Amplis-¹

56 3776 146 3851 simi3
175 3784 209 3838 nt
239 3777 303 3857 ejus
328 3794 382 3838 vos
406 3772 601 3855 ιιιιιιιιιιιιιι,
632 3778 710 3858 quod
739 3777 855 3856 pridem
882 3775 1014 3843 tenetis:
1049 3782 1144 3855 neque
1167 3771 1329 3834 nnlli'usui
1354 3772 1417 3845 iore

56 3868 124 3938 hoc,
150 3866 228 3946 quod
241 3864 362 3930 humilis
382 3864 474 3935 offero
498 3872 531 3931 et
553 3866 668 3940 dedico,
694 3865 878 3946 opusculum,
902 3858 997 3938 v'obis,
1023 3861 1158 3944 quivere
1173 3859 1321 3942 generosi,
1346 3878 1416 3927 vers

54 3953 174 4016 nobiles
197 3952 293 4017 estis:
325 3952 407 4017 etsi
430 3974 521 4036 quam
544 3955 662 4017 laudem
686 3960 818 4021 meretur
841 3952 989 4027 inventio,
1021 3952 1104 4013 illam
1134 3967 1246 4029 magus
1268 3969 1305 4011 ex
1329 3957 1417 4028 pare

53 4045 94 4104 ad
121 4062 175 4103 vos
197 4042 358 4125 pertinere,
383 4043 434 4123 qni
457 4045 562 4109 restr'a
585 4042 767 4105 liberalitate
787 4051 947 4122 vestroque
971 4039 1122 4120 stipendio
1145 4037 1218 4104 mibi
1239 4038 1417 4105 occasiones

52 4141 86 4194 et
110 4132 205 4194 otium
227 4131 302 4192 baso
325 4131 370 4192 ita
396 4132 617 4195 commentandi
646 4131 772 4192 fecistis.
820 4129 961 4208 Accipite
984 4129 1093 4208 igitur,
1126 4127 1195 4189 Viri
1216 4125 1416 4205 Amplissimi,

53 4223 111 4282 hoc
143 4219 224 4300 grati
255 4219 348 4281 animi
379 4220 567 4301 symbolum,
600 4239 705 4301 meque
738 4219 881 4282 humilem
911 4219 1051 4284 clientem
1074 4219 1105 4278 in
1127 4223 1261 4277 vestram
1284 4215 1416 4295 gratiam

51 4310 220 4389 suscipits3
244 4317 277 4369 et
300 4308 427 4388 deniqne
451 4309 620 4370 assuescite
645 4308 723 4369 inter
747 4309 902 4380 Atlantes,
926 4308 1068 4380 Perseos,
1093 4302 1238 4378 Ouiaros,
1264 4302 1416 4366 Caesares

48 4397 247 4478 Alphonsos,
281 4396 499 4479 Rhodolphos,
538 4407 714 4476 ceterosque
747 4395 949 4458 astronomiae
982 4399 1169 4473 promotores
1183 4399 1212 4466 Ι)
1249 4390 1412 4454 accenseri.

50 4487 178 4550 Valetc.
225 4485 329 4550 Idibus
352 4484 448 4567 Maji:
473 4485 524 4569 qui
547 4486 611 4547 dies
635 4492 705 4547 ante
729 4505 839 4547 annum
861 4484 979 4547 initium
1002 4484 1059 4545 luit
1081 4482 1167 4563 hujus
1192 4481 1315 4543 laboris.

269 4574 359 4655 Amp.
382 4572 422 4635 V.

375 4660 506 4737 Humilis
529 4659 559 4722 in
583 4661 688 4731 schola
710 4670 815 4729 vestra
839 4661 1009 4731 Graetiana
1030 4656 1262 4731 mathematicus

996 4749 1046 4823 M.
1070 4746 1211 4819 Joaees
1231 4741 1392 4827 aaran

1099 4835 1313 4914 wesenber

1157 4937 1221 4990 7⁴⁹*
