3278 5542
145 315 185 383 12
377 354 380 361 -
433 356 435 361 ,
713 272 892 369 'meum

142 489 189 541 ter
211 476 413 540 astronomiae
437 476 661 558 Oopernicanae
686 477 830 539 scientiae
853 477 994 560 inopiam.
1040 477 1158 540 Licebit
1179 475 1234 539 tibi
1266 476 1384 549 limare,
1422 492 1489 536 mu-

142 580 216 642 tare,
242 567 357 641 tollere,
382 585 514 640 censere,
538 568 707 629 admouere.
753 567 874 629 Nullam
899 568 1017 629 literam
1041 565 1171 629 scribere
1195 585 1311 647 quoquo
1331 563 1418 627 modo
1432 581 1490 645 po-

143 658 235 731 teris,
269 674 343 736 qnae
374 654 445 717 mihi
467 674 526 718 non
550 656 649 717 futura
672 655 713 717 sit
735 658 919 735 gratissima.
965 653 1061 718 Orare
1084 665 1114 718 te
1138 655 1337 730 institissem,
1370 653 1396 715 si
1419 651 1491 715 rnibi

142 765 199 808 uon
224 755 307 807 esset
330 751 484 825 comperta
505 751 559 807 tua
585 745 633 806 hic
660 746 853 824 promtitndo.
900 745 975 808 lllud
1008 745 1117 807 saltem
1146 744 1213 806 ctbt
1228 745 1293 807 loco
1321 742 1490 806 luculentae

142 834 306 916 rogationis
331 852 397 895 esse
420 833 546 914 poterit,
578 835 655 914 quod
678 852 752 896 uror
779 835 898 915 penitus
928 834 1077 897 desiderio
1100 842 1218 896 tuarum
1242 833 1414 906 literarum,
1442 829 1492 911 qni

142 933 203 986 tarn
228 924 278 986 din
297 922 361 1002 jam
385 922 467 984 siles.
515 923 596 984 Male
620 922 661 984 sit
684 924 851 998 tabellario,
877 923 903 984 si
927 924 991 1004 ipse
1015 922 1043 985 in
1068 930 1241 987 causaest.
1278 923 1381 1003 Atque
1404 920 1490 995 adeo,

141 1013 210 1094 quia
232 1011 396 1074 familiares
419 1012 478 1073 mei
502 1031 604 1073 omnes
628 1011 657 1073 in
680 1011 781 1092 patria
805 1014 939 1087 aberunt,
965 1012 1014 1074 nbi
1038 1013 1214 1075 adolescens
1237 1011 1295 1074 iste
1311 1011 1348 1073 ad
1363 1029 1419 1073 vos
1434 1028 1491 1090 ap-

141 1102 268 1182 pulerit,
301 1100 440 1162 omittere
463 1119 522 1162 non
544 1118 677 1180 possum,
703 1101 772 1180 qnia
795 1103 843 1164 vel
869 1122 905 1164 ex
928 1102 966 1164 D.
991 1109 1184 1183 praeceptore
1207 1120 1323 1182 rogem,
1356 1099 1491 1162 advene-

141 1192 217 1255 ritne
241 1190 349 1252 advos
365 1189 414 1251 ille
430 1187 649 1269 Saellingensis
674 1191 806 1267 nuncius,
831 1191 1027 1253 Wendelinus
1049 1191 1176 1266 nomine,
1201 1190 1250 1271 qui
1273 1186 1394 1254 8-18.
1418 1187 1492 1251 Julii

141 1281 209 1343 binc
232 1278 317 1349 abiit,
340 1296 407 1339 cum
430 1276 572 1340 mediocri
595 1297 710 1340 summa
734 1281 806 1356 anri,
831 1280 909 1361 quod
933 1299 997 1341 meo
1021 1281 1138 1342 nomine
1152 1279 1361 1343 Stnccardiam
1380 1278 1491 1359 depor-

140 1379 205 1431 tare
230 1367 341 1430 debuit
387 1367 492 1446 Angor
516 1368 552 1429 de
576 1367 639 1446 ejus
663 1367 730 1431 fide.
778 1370 879 1433 Velim
911 1378 1010 1432 entem
1040 1390 1174 1443 rursum,
1207 1377 1242 1432 nt
1265 1369 1331 1450 jam
1349 1367 1400 1442 ¹bis
1424 1365 1492 1439 ioci,

127 1457 184 1519 >tui
202 1455 308 1537 judicii
333 1455 369 1518 de
393 1455 438 1516 his
463 1456 552 1517 rebus
576 1457 706 1537 aliquam
730 1459 840 1520 saltem
863 1458 1093 1520 delineationem
1116 1477 1248 1521 cernere.
1294 1458 1387 1538 quue
1412 1456 1490 1526 ideo.

140 1547 209 1628 quia
230 1543 426 1626 pulcherrime
449 1545 596 1623 placuerit
618 1547 810 1624 magistratui
833 1567 913 1624 meo,
946 1547 1001 1610 sub
1030 1547 1160 1629 ipsorum
1183 1546 1301 1610 nomine
1324 1547 1387 1610 tale
1411 1545 1490 1626 quid,

139 1636 216 1699 tanti
239 1632 416 1716 praesertim
440 1635 597 1710 momenti,
623 1636 725 1715 quanti
750 1657 805 1717 ego
829 1656 946 1712 censeo,
972 1638 1071 1699 edere.
1118 1636 1162 1700 At
1184 1637 1249 1698 sine
1272 1645 1324 1699 tno
1348 1635 1490 1699 testimo·

140 1725 187 1786 nio
211 1743 266 1786 nec
289 1722 347 1802 ipsi
370 1721 557 1785 nobilitatem
581 1722 754 1804 intelligent
776 1728 938 1797 materiae,
963 1746 1017 1789 nec
1040 1726 1112 1790 mihi
1135 1727 1305 1789 consultum
1327 1726 1356 1788 in
1380 1726 1491 1788 docto·

139 1834 202 1876 rum
226 1822 379 1895 aspectum
403 1810 530 1892 prodire.
577 1813 623 1875 De
646 1811 809 1891 Mercurio,
840 1817 909 1898 qnia
931 1816 1000 1879 novi
1024 1816 1093 1897 quid
1117 1816 1201 1878 vides
1224 1816 1257 1878 in
1280 1814 1492 1878 eccentricita-

363 1931 410 1981 rsa
425 1933 446 1973 a
525 1958 530 1965 .
672 1914 735 1968 tem
767 1907 929 1981 intrusum,
968 1906 1012 1969 sic
1045 1905 1147 1988 accipe
1181 1904 1317 1986 amplius.
1369 1904 1399 1968 A
1427 1902 1492 1974 Sol,

503 2061 580 2073 „-
589 2042 615 2090 A
674 1993 731 2057 AB
756 1995 903 2057 distantia
925 2015 961 2058 ex
984 2004 1037 2060 tua
1059 1996 1165 2058 tabula
1188 2014 1229 2058 sc.
1246 1991 1299 2058 29‘
1318 1989 1392 2058 tlt.
1434 1991 1492 2057 AC

674 2083 822 2147 distantia
844 2104 882 2147 ex
904 2085 1038 2148 octaedri
1060 2084 1206 2166 quadrato
1230 2084 1381 2158 desumto,
1407 2081 1493 2145 scili·

193 2122 215 2175 a
260 2138 311 2203 m
344 2145 361 2200 ἱ
586 2134 610 2184 A
675 2183 725 2236 cet
739 2168 792 2236 28‘
801 2169 876 2238 461⁴.
901 2175 956 2237 BD
970 2181 1038 2236 tota
1047 2174 1202 2236 crassities
1217 2170 1493 2236 orbisMeronrialis

139 2283 181 2326 sc.
202 2261 252 2325 ll‘
267 2260 342 2326 2211.
366 2263 447 2345 Ergo
463 2265 489 2326 si
504 2264 561 2327 AB
577 2263 630 2324 dat
643 2262 714 2324 BD:
734 2260 791 2325 AC
803 2263 887 2325 dabit
901 2252 954 2325 GE
973 2262 1023 2325 11¹
1034 2262 1087 2327 7¹¹.
1112 2262 1268 2326 Hactenus
1283 2262 1399 2337 eadem,
1416 2278 1490 2344 qnae

139 2352 168 2414 in
193 2351 261 2413 aliis
284 2352 427 2432 planetis.
454 2353 524 2414 Jam
543 2353 599 2415 AF
612 2351 759 2414 distantia
769 2370 805 2413 ex
819 2351 883 2431 ipso
896 2352 1038 2415 octa'edro
1049 2353 1241 2415 desumtasc.
1253 2348 1306 2415 23‘
1317 2348 1393 2415 29⁰.
1424 2351 1489 2414 Non

139 2449 239 2503 autem
262 2450 311 2502 est
333 2441 512 2517 verisimile,
541 2440 622 2503 orbis
644 2440 835 2503 Mercurialis
866 2442 976 2504 nullam
1000 2461 1067 2504 esse
1091 2440 1275 2505 crassitiem:
1310 2450 1343 2503 ut
1369 2440 1413 2502 sic
1438 2439 1493 2502 Al*

139 2538 222 2591 esset
245 2528 394 2592 distantia
416 2529 523 2592 media.
567 2529 647 2593 Nam
670 2527 722 2592 FO
747 2550 804 2591 non
829 2539 876 2593 est
899 2530 1021 2593 dimidia
1043 2530 1199 2593 crassities
1222 2529 1303 2593 orbis
1321 2530 1493 2591 Mercuria-

140 2619 186 2691 lis,
210 2637 276 2680 cum
295 2619 359 2699 jam
382 2618 494 2680 dictum
508 2617 567 2692 sit,
593 2618 731 2698 quicquid
754 2621 794 2683 sit
817 2638 907 2700 supra
920 2620 947 2683 F
961 2638 1064 2682 versus
1080 2618 1115 2692 C,
1139 2619 1169 2682 id
1193 2620 1231 2682 ab
1251 2619 1394 2682 occasuro
1410 2618 1493 2694 elidi,

140 2726 193 2769 nec
217 2706 300 2770 ullibi
323 2708 419 2771 locum
443 2706 594 2778 invenire,
628 2706 684 2770 nisi
712 2709 742 2770 in
770 2710 835 2789 ipso
864 2710 1010 2790 quadrato
1039 2728 1128 2790 super
1154 2709 1283 2771 medium
1316 2708 1492 2770 octaedrum

139 2804 323 2860 transeunte.
370 2795 472 2868 Quare
495 2805 529 2859 nt
551 2804 706 2858 constaret
728 2798 792 2861 orbi
816 2818 871 2859 sua
893 2798 1063 2872 crassities,
1086 2798 1181 2861 demsi
1206 2799 1244 2860 ab
1267 2797 1293 2859 Ε
1318 2816 1437 2859 versum
1461 2795 1504 2858 G.

139 2894 264 2960 tantum,
289 2895 432 2967 quantum
455 2894 504 2948 est
526 2907 544 2947 a
569 2882 593 2947 Ο
619 2902 736 2948 versum
758 2889 793 2949 F.
838 2887 1002 2950 Residuum
1026 2885 1083 2950 FG
1106 2895 1155 2949 est
1178 2884 1253 2962 33‘2
1278 2885 1432 2948 dimidium
1451 2885 1490 2961 Η,

40 3033 45 3042 .
138 2994 182 3037 sc.
207 2975 294 3037 modo
319 2981 453 3038 correcto
478 2974 578 3038 media
601 2973 756 3050 distantia,
779 2977 805 3039 F
827 2976 919 3056 igitur
941 2996 1065 3051 summa,
1090 2984 1234 3058 quantam
1256 2977 1371 3057 patitur
1393 2976 1492 3056 ipsum

138 3063 273 3127 octaedri
296 3083 422 3145 corpus,
447 3061 472 3126 C
497 3082 627 3136 summa,
653 3073 794 3146 quantam
818 3066 932 3145 patitur
955 3065 1142 3147 quadratum.
1188 3065 1281 3127 Esset
1303 3065 1393 3144 igitur
1415 3064 1494 3126 haec

347 3175 394 3223 rra.
410 3175 432 3217 a.
647 3155 743 3216 forma
765 3155 845 3216 orbis
869 3154 1066 3219 Mercurialis.
1113 3154 1186 3229 AB,
1211 3152 1268 3217 Au
1291 3153 1491 3235 perpendicu-

646 3245 724 3306 lares
757 3244 785 3305 in
818 3243 942 3306 basibus
969 3243 1120 3317 octaedri,
1154 3263 1229 3326 qnae
1263 3244 1378 3305 iaciunt
1406 3242 1438 3304 in
1461 3243 1493 3306 A

646 3332 711 3406 (ubi
734 3352 823 3394 unum
846 3334 924 3395 latus
947 3333 1098 3407 bisecant)
1123 3334 1262 3414 angulum
1284 3333 1373 3412 paulo
1390 3330 1491 3410 majo-

646 3440 708 3485 rem
731 3431 824 3484 recto.
871 3422 966 3501 Igitur
992 3423 1090 3484 minus
1121 3422 1296 3505 epicyclium
1328 3419 1403 3497 ΟΕ,
1436 3420 1491 3482 DF

647 3510 722 3572 facit
745 3510 913 3573 crassitiem
937 3513 968 3588 d,
992 3530 1050 3592 qno
1073 3514 1095 3589 Q
1118 3512 1156 3573 ad
1170 3518 1287 3574 tantam
1302 3510 1488 3573 altitudinem

630 3598 791 3671 evehitur,
815 3609 958 3680 quantam
982 3601 1144 3663 admittant
1167 3599 1206 3675 G,
1230 3600 1270 3674 Η,
1293 3607 1399 3663 centra
1420 3599 1487 3680 pla-

552 3746 557 3765 ,
607 3694 745 3751 duorum
787 3689 1035 3752 octaedricorum.
1094 3690 1140 3754 Al
1173 3689 1301 3753 altitudo
1338 3687 1488 3770 quadrati.

642 3776 712 3852 OA,
736 3779 796 3841 DI(
820 3778 896 3840 radii
919 3780 1041 3860 maj0ris
1066 3779 1217 3860 epicyclii,
1241 3797 1296 3859 per
1318 3779 1396 3859 quod
1418 3779 1489 3858 pla-

642 3876 714 3930 neta
736 3869 775 3931 ad
798 3868 828 3928 A
852 3888 944 3950 nsque
969 3869 1113 3933 ascendit.
1143 3865 1215 3930 1110
1232 3875 1279 3929 est
1297 3868 1326 3930 in
1341 3885 1490 3948 apogaeo,

643 3958 691 4018 vel
715 3956 844 4035 riualem,
871 3959 901 4019 in
923 3958 952 4020 D
979 3959 1009 4019 in
1036 3959 1170 4035 περιηλιῳ
1197 3963 1331 4019 centrum
1363 3954 1489 4039 epicycli

643 4046 776 4126 majoris.
822 4047 859 4118 L,
882 4045 915 4107 M
938 4045 1007 4126 poli.
1050 4042 1229 4108 LGOHMF
1256 4046 1336 4108 orbis
1360 4046 1487 4125 integer.

642 4134 803 4216 Epicyclus
828 4135 922 4216 major
944 4135 1035 4214 igitur
1057 4134 1176 4197 eminet.

223 4219 269 4290 De
292 4216 480 4297 digressione
505 4220 597 4283 etiam
621 4221 749 4285 Veneris
773 4232 804 4286 et
827 4223 967 4286 Mercurii
991 4223 1135 4299 maxima,
1167 4224 1255 4286 velim
1283 4222 1376 4298 scire,
1411 4241 1488 4303 quae

135 4327 227 4371 cansa
250 4308 292 4371 sit
314 4306 500 4370 diversitatis
523 4310 602 4372 inter
624 4320 707 4374 tuam
719 4313 854 4376 tabulam
869 4323 900 4374 et
914 4313 992 4375 inter
1005 4313 1193 4376 Prutenicas.
1218 4315 1267 4375 An
1279 4331 1349 4375 vero
1366 4312 1485 4375 distan-

136 4397 180 4459 tia
201 4397 232 4459 in
256 4397 338 4459 sinus
361 4414 506 4460 conversa
529 4399 692 4478 (quaeest
715 4399 769 4466 29¹
793 4399 873 4474 W)
897 4420 954 4463 non
979 4402 1101 4465 exhibet
1123 4402 1195 4465 mihi
1219 4421 1318 4464 arcum
1343 4401 1487 4482 longissi-

136 4505 202 4548 mae
227 4483 422 4567 digressionis
446 4487 585 4550 emedio
610 4490 674 4553 loco
700 4489 802 4555 Solis?
846 4490 914 4554 Nisi
943 4499 975 4553 tu
999 4491 1071 4554 mihi
1095 4490 1219 4563 dixeris,
1252 4508 1400 4571 nunqnam
1430 4509 1487 4571 ego

137 4575 277 4637 didicero.
323 4574 373 4636 An
397 4593 452 4654 ego
476 4577 552 4639 forte
577 4597 642 4641 erro
666 4580 695 4642 in
720 4580 964 4660 computatione?
992 4578 1114 4651 Quanta
1136 4579 1227 4659 igitur
1249 4588 1298 4641 est
1321 4580 1350 4640 in
1374 4579 1485 4641 Prute·

137 4664 234 4726 nicia?
266 4661 422 4736 Quomodo
445 4667 614 4746 capienda?
647 4667 771 4740 Quanta
789 4669 818 4730 in
843 4669 974 4732 maxima
996 4669 1180 4748 digressione
1204 4667 1355 4731 anomalia
1377 4686 1485 4729 eccen-

137 4752 201 4815 tri?
237 4750 360 4825 Quanta
383 4757 642 4819 commutationis?
679 4758 723 4819 Tu
754 4759 828 4821 baec
851 4756 923 4819 milri
946 4758 1042 4822 tribus
1065 4757 1165 4819 verbis
1188 4757 1327 4838 expedire
1350 4755 1483 4837 poteris:

138 4861 193 4905 nec
215 4842 245 4907 in
268 4841 416 4924 ingratum
440 4844 616 4912 beneficium
639 4847 786 4914 conteres.
823 4845 890 4928 Ego
905 4848 948 4913 sic
963 4864 1081 4929 censeo,
1101 4847 1131 4910 iu
1146 4845 1347 4935 superioribus
1361 4845 1485 4934 prosth-
