3278 5542
607 326 639 375 a·
656 326 730 377 auur
748 326 910 392 verunas
1373 331 1437 401 339

71 478 244 555 genuinos?
289 480 355 551 An
391 500 448 542 non
473 490 522 543 est
545 482 574 543 iu
604 482 736 560 ipsorum
763 491 932 563 potestate,
967 487 1171 567 qualecunque
1195 510 1356 568 φαιιασμα
1380 492 1435 553 ob-

68 567 198 644 jicere?
244 567 306 629 Sed
339 579 487 648 coguntur
509 571 685 632 occasiones
709 582 848 650 captare,
883 592 973 652 seque
1004 581 1251 654 temperamentis
1279 589 1312 639 et
1343 579 1436 641 statui

72 655 189 717 ruentis
218 675 336 718 suarum
369 659 531 720 tutelarum
564 660 811 722 accommodare?
857 658 1014 732 Quomodo
1047 665 1138 742 igitur
1167 677 1290 728 movent
1322 669 1437 731 animos

75 755 209 818 uestros,
234 764 427 826 percorpus,
450 767 541 808 ause
566 748 662 827 ipsis?

148 849 335 900 Fabricius.
361 850 410 912 Qui
428 853 469 910 fit,
495 853 559 917 quod
579 868 644 917 aqua
662 855 772 917 impense
796 854 872 903 salita
894 853 976 904 hieme
1000 872 1048 904 non
1069 866 1227 917 concrescat,
1254 862 1319 910 sicut
1337 869 1436 912 ceterae

74 919 178 1041 aquae}
196 920 278 1042 &Hinc
301 929 361 987 puto
386 924 479 988 aliquid
505 938 597 974 causae
621 925 734 985 subesse,
764 925 858 989 quod'
852 941 877 974 ιιι
900 926 961 974 locis
980 929 1040 976 mari
1060 930 1145 978 vicinis
1163 937 1261 981 tantum
1279 932 1337 997 gelu
1355 932 1436 982 hieme

74 1007 124 1040 non
143 1006 167 1041 ιι
220 1006 233 1042 ι

165 1063 370 1143 Keplerus:
409 1064 500 1127 Salsa
522 1075 595 1146 puto
618 1067 726 1128 iisdem
750 1067 786 1127 de
811 1067 912 1127 causis
931 1087 989 1129 non
1005 1087 1209 1146 concrescere,
1235 1073 1342 1154 quibus
1357 1075 1434 1136 olea.

74 1152 156 1215 Nam
180 1154 207 1214 si
230 1153 324 1215 salita
347 1156 495 1233 quaedam
520 1157 616 1229 fuere,
646 1156 795 1235 pinguedo
819 1156 863 1216 eis
887 1156 983 1230 inest,
1013 1166 1044 1219 et
1068 1159 1166 1222 lentus
1190 1169 1281 1241 atque
1304 1162 1435 1224 viscidus

76 1241 201 1316 humor,
239 1249 273 1304 ut
305 1243 444 1305 carnibus
477 1244 662 1306 animalium.
709 1244 776 1305 Nou
808 1253 951 1324 penetrat
984 1245 1075 1325 igitur
1103 1248 1197 1327 frigus
1225 1259 1291 1312 tam
1321 1270 1436 1313 crassa.

76 1329 182 1392 Hiems
206 1349 278 1392 vero
301 1350 360 1392 non
383 1332 451 1393 ideo
476 1332 577 1394 mitior
599 1333 686 1394 vobis
710 1332 837 1404 videtur,
867 1334 930 1407 sed,
955 1337 1033 1414 quod
1057 1336 1202 1398 Francius
1227 1347 1296 1401 tuus
1320 1340 1437 1419 ajebat,

77 1417 112 1478 ob
138 1428 279 1481 aestuum
304 1421 456 1500 appulsus,
483 1441 585 1483 auram
608 1422 749 1501 rapidam
774 1423 933 1498 spirantes

146 1525 334 1575 Fabricius:
364 1524 391 1575 Si
409 1527 513 1576 fulmina
531 1534 590 1576 sunt
607 1528 760 1582 materialia.
784 1533 812 1576 ut
829 1527 923 1591 physici
942 1529 1040 1587 volunt,
1064 1543 1107 1578 cur
1125 1529 1222 1580 homo'
1215 1532 1245 1579 ris
1263 1547 1312 1580 non
1330 1531 1438 1583 laeditur

78 1595 106 1644 ad
126 1588 249 1645 nusum?
285 1596 373 1645 Audiri
391 1597 432 1648 hic
450 1598 575 1662 quendam
593 1598 695 1647 lulmiue
715 1598 883 1648 exanimatum
902 1600 1012 1656 ιιιὶιιι,
1004 1615 1030 1648 ιιι
1050 1602 1119 1663 cujus
1139 1602 1203 1666 pileo
1220 1603 1352 1652 rotundum
1371 1603 1436 1653 lora·

77 1681 132 1717 meu
152 1669 263 1716 inustum
282 1667 371 1729 tuerat,
392 1675 418 1718 st
435 1677 520 1718 tamur
540 1676 615 1733 caput
632 1669 753 1719 illaesum.

167 1755 370 1837 Keplerus:
404 1757 452 1819 De
475 1757 641 1820 fulminatis
665 1777 852 1838 nunquamne
880 1758 1012 1820 audisti?
1057 1760 1105 1820 An
1135 1778 1237 1821 omues
1267 1760 1311 1821 ita
1335 1761 1435 1823 fulmi-

79 1846 209 1906 nantur?
254 1844 357 1907 Nobili
372 1843 464 1928 Styro
492 1843 531 1910 12
556 1865 700 1908 annorum
723 1866 825 1928 puero,
844 1848 908 1927 jam
934 1846 1065 1909 exanimi
1087 1866 1174 1928 pene,
1200 1867 1302 1909 arsere
1322 1859 1434 1927 vestes,

80 1936 215 1995 foramen
239 1934 358 1995 eratin
382 1936 476 1997 calcei
501 1935 586 1997 solea
609 1935 697 2015 inque
721 1955 859 2005 scamno,
884 1937 913 1997 in
939 1955 995 2016 quo
1020 1935 1139 2010 stabat3
1174 1937 1237 2016 ipse
1261 1947 1362 2000 tamen
1386 1939 1434 2000 in·

79 2032 170 2101 teger.
219 2022 297 2084 Puto
321 2023 498 2104 oleaginosa
520 2023 584 2102 peti
608 2033 637 2084 et
663 2024 819 2104 insigniter
843 2025 957 2104 ignita,
982 2025 1049 2086 hinc
1074 2043 1130 2085 non
1156 2044 1262 2086 earnes
1285 2026 1434 2103 humidae,

77 2112 127 2172 sed
154 2131 209 2172 cor
233 2120 264 2172 et
287 2112 315 2171 in
340 2130 375 2173 eo
400 2114 551 2175 flammula
575 2112 671 2186 vitae;
697 2113 764 2174 hinc
788 2133 889 2188 canes,
914 2115 1034 2192 igneum
1057 2112 1176 2174 animal.

146 2217 332 2266 Fabricius:
364 2217 510 2279 Quaeritur,
539 2233 603 2283 quae
628 2220 660 2268 ait
683 2233 761 2269 causa
784 2221 968 2269 anniversariae
991 2220 1134 2268 mantionis
1158 2221 1221 2268 aeris
1247 2221 1273 2269 in
1292 2219 1352 2269 locis
1370 2220 1436 2270 ultra

76 2296 241 2351 aequatorem
260 2296 285 2338 et
303 2291 377 2345 cirea,
398 2298 424 2339 et
442 2291 513 2338 simul
532 2291 595 2339 ratio
615 2290 745 2340 diuturnae
763 2293 905 2340 serenitatis
923 2305 1062 2354 perunum
1079 2297 1212 2347 semestre,
1231 2297 1258 2341 et
1276 2298 1364 2340 conus
1380 2291 1435 2355 plu·

74 2361 129 2409 tias
149 2374 197 2422 per
215 2358 337 2408 alterum?
374 2359 490 2424 Perpetui
509 2362 560 2410 lare
579 2363 645 2410 venti
663 2362 726 2411 liant
744 2364 833 2419 sereni,
853 2363 945 2426 absque
964 2363 1070 2411 materia
1087 2362 1195 2410 nubium.
1232 2360 1330 2424 Physici
1348 2370 1436 2412 rento·

74 2444 128 2480 rum
149 2432 283 2479 materiam
302 2431 335 2480 ad
353 2432 524 2481 exhalationes
543 2439 671 2481 terrestres
689 2434 812 2490 releruut3
832 2441 859 2482 at
877 2434 925 2483 illic
944 2447 1041 2496 semper
1053 2447 1174 2482 serenum.
1205 2431 1277 2482 Unde
1290 2435 1366 2497 frigus
1378 2431 1435 2482 hor·

72 2501 182 2550 rendum
204 2502 228 2550 in
248 2498 299 2549 tt⁰
317 2501 365 2566 poli
385 2511 462 2552 austr.
482 2504 506 2551 in
525 2505 613 2552 itinere
631 2498 727 2553 Drusi?
764 2504 813 2552 Cur
832 2505 856 2552 in
875 2504 935 2552 locis
954 2503 1138 2553 australioribus
1155 2503 1236 2553 hieme
1254 2507 1333 2566 malus
1351 2505 1436 2569 frigus.

69 2587 149 2634 quam
169 2572 196 2621 iu
215 2572 253 2621 his
271 2572 418 2622 maritimis?
450 2574 543 2623 Contra
562 2581 660 2623 aestate
679 2575 728 2624 illic
747 2578 826 2637 major
844 2582 929 2623 aestus
948 2582 994 2631 est,
1013 2589 1087 2638 quam
1105 2574 1154 2635 hic,
1173 2575 1232 2624 licet
1244 2575 1297 2624 dies
1315 2577 1365 2624 siut
1383 2576 1435 2624 lon·

71 2645 174 2707 giores.
203 2650 229 2692 et
247 2650 345 2707 propter
363 2659 456 2694 moram
475 2647 610 2710 longiorem
630 2645 694 2696 Solis
718 2660 792 2709 supra
810 2645 962 2694 horizontem
978 2649 1050 2708 J'uxtu
1068 2652 1137 2694 tuem
1156 2648 1306 2694 sententiam
1325 2653 1352 2695 et
1370 2646 1437 2696 calor

69 2718 156 2777 major
175 2730 230 2764 esse
250 2715 358 2764 deberet.
398 2714 494 2765 Suntne
512 2717 630 2779 planetae
655 2725 776 2766 certorum
800 2724 927 2767 ventorum
946 2711 1073 2766 meteres?
1108 2717 1243 2766 Habentne
1261 2717 1350 2782 singull
1369 2719 1436 2766 renti

71 2794 174 2834 certam
195 2800 211 2834 a
229 2793 321 2835 natura
338 2787 444 2837 inditam
462 2787 658 2851 proprietatem?
695 2787 742 2837 Vel
761 2790 841 2851 potius
860 2802 876 2837 a
894 2795 985 2837 natura
1003 2788 1049 2836 loci
1069 2796 1095 2836 et
1112 2786 1235 2853 regionis?

106 2927 121 2947 ,
167 2875 372 2954 Keplerus:
410 2877 477 2937 Hoc
501 2895 568 2939 esse
583 2887 656 2956 puto
673 2876 941 2955 transsequatoriis
960 2886 1122 2955 perpetuas
1141 2875 1331 2951 serenitates,
1357 2876 1434 2956 quod

69 2965 164 3025 nobis
189 2971 349 3025 aestatem.
391 2966 432 3026 Et
455 2973 490 3026 nt
512 2965 599 3026 nobis
622 2965 672 3027 nir
696 2975 815 3026 aestate
840 2983 898 3025 non
922 2965 1013 3038 cadit,
1039 2965 1198 3025 turbantur
1223 2974 1322 3024 tamen
1344 2964 1433 3025 calidi

71 3053 143 3114 dies
170 3053 304 3131 frigidis,
339 3053 383 3114 itu
407 3054 466 3115 illis
491 3054 546 3115 sub
575 3063 730 3133 aspectus,
755 3054 781 3114 si
805 3073 862 3115 nou
886 3054 1020 3132 pluviae,
1046 3062 1127 3114 certe
1151 3053 1315 3115 nubeculae
1339 3061 1435 3114 erunt.

73 3140 172 3202 Venti
197 3141 315 3222 quidem
330 3161 368 3204 ex
383 3143 544 3217 montibus,
569 3143 623 3204 sed
638 3163 675 3204 err
690 3142 752 3204 alia
766 3143 842 3205 sorte
859 3142 1040 3216 continente,
1065 3150 1097 3203 et
1111 3140 1253 3217 continui,
1277 3141 1347 3222 quia
1361 3161 1433 3204 con·

70 3229 162 3292 tinua
177 3230 323 3292 montium
338 3230 501 3306 exhalatio,
527 3231 577 3310 qui
591 3230 629 3293 iis
644 3231 718 3293 locis
734 3230 836 3294 Solem
851 3232 1045 3293 accedentem
1060 3230 1165 3293 fortius
1181 3230 1324 3305 sentiunt,
1349 3248 1435 3312 quam

70 3336 139 3381 nos.
187 3318 271 3380 Pluit
295 3320 425 3382 sortasse
450 3320 528 3398 apud
553 3320 622 3381 illos
646 3329 776 3393 montes,
801 3329 834 3382 at
857 3320 959 3401 pluvia
982 3320 1043 3381 cito
1067 3319 1214 3381 considet.
1260 3318 1355 3381 Venti
1378 3339 1432 3380 vn-

69 3420 157 3471 stum
181 3426 326 3469 oceanum
349 3417 482 3484 tranant,
502 3409 672 3488 pluviarum
696 3409 827 3471 soboles.
875 3408 909 3470 Si
934 3408 999 3488 quis
1023 3407 1096 3470 mihi
1120 3408 1314 3488 consignaret
1336 3409 1436 3469 omnia

70 3495 290 3570 observabilis,
317 3508 472 3558 ventorum
496 3499 620 3576 plagas,
647 3497 736 3559 facile
761 3497 959 3577 confingerem
983 3496 1183 3578 hypotheses,
1204 3495 1311 3576 juncta
1333 3507 1436 3558 astro-

71 3585 195 3647 nomiae
218 3586 460 3666 cosmographia.
505 3585 588 3647 Nibil
613 3586 688 3648 adeo
713 3587 856 3649 insolens
899 3586 1002 3648 Habet
1026 3594 1057 3645 et
1077 3584 1209 3647 Graecia
1232 3592 1331 3645 statas
1355 3592 1434 3646 tem·

70 3682 231 3750 pestates;
258 3672 422 3735 Gernrania
445 3674 482 3735 ob
505 3674 682 3737 vastitatem
708 3685 739 3739 et
762 3674 884 3737 crebros
900 3683 1017 3736 montes
1041 3673 1138 3735 minus
1163 3673 1209 3734 bis
1233 3681 1358 3734 assueta
1377 3681 1434 3746 est,

71 3762 258 3841 praesertim
282 3763 396 3824 boreali
420 3763 517 3825 litore.

165 3852 203 3913 ln
226 3851 457 3930 septentrionali
481 3852 625 3914 America
648 3860 785 3931 apparet,
810 3851 1036 3913 exhalationum
1061 3869 1135 3930 opus
1160 3869 1227 3910 esse
1247 3857 1363 3909 tantum
1384 3847 1438 3910 tri-

73 3958 152 4020 gus,
182 3949 218 4000 ut
241 3940 320 4020 apud
345 3959 399 4002 nos
423 3940 524 4003 simile
544 3940 613 4019 quid
639 3939 788 4001 interdum
812 3948 941 4001 aestate.
988 3941 1072 4001 Haec
1096 3939 1150 4000 illa
1172 3937 1268 4018 regio,
1299 3937 1376 3998 unde
1400 3937 1439 3998 ad

71 4046 128 4091 nos
165 4028 303 4091 Nordost
340 4029 391 4090 ille
429 4029 566 4108 frigidus.
615 4025 695 4099 Quid
724 4028 750 4089 si
775 4029 815 4090 ibi
839 4029 923 4090 culus
953 4027 1078 4089 mundi?
1123 4027 1243 4090 Natura
1271 4024 1369 4089 ventis
1400 4024 1439 4087 ab

73 4117 204 4198 originis
228 4127 261 4179 et
278 4117 459 4180 atransitus
474 4119 557 4179 locis.
595 4118 761 4197 lmpetuosi
782 4116 920 4178 videntur
943 4116 1143 4196 apropinquc
1158 4116 1269 4176 venire.
1306 4115 1438 4176 Austra-

74 4205 157 4269 libus
181 4213 216 4267 ut
248 4205 384 4268 omnibus
415 4207 490 4268 locis
520 4207 614 4284 frigus
639 4214 672 4267 et
695 4215 799 4268 aestus
829 4225 848 4265 a
874 4205 1021 4267 tenuitate
1050 4204 1130 4266 atris
1157 4204 1317 4282 adjuvatur
1346 4213 1399 4264 aut
1421 4223 1441 4263 a
1483 4219 1486 4223 ·

72 4294 190 4358 ventis.
247 4294 326 4356 ilinc
358 4295 491 4375 Angliae
523 4296 596 4356 mite
628 4294 722 4396 trigue
753 4313 859 4356 craeso
888 4300 969 4356 atre.
1022 4292 1179 4377 Lirnpidus
1209 4291 1302 4370 igitur
1329 4298 1383 4352 ιιι
1410 4291 1448 4377 in·

27 4394 31 4399 '
70 4381 239 4458 Peruenit,
270 4391 374 4444 aestus
396 4402 470 4445 vero
493 4402 553 4462 maJ
557 4401 608 4458 or,
641 4382 711 4462 quia
735 4382 787 4445 Sol
813 4383 924 4456 altior,
962 4388 994 4443 et
1015 4381 1084 4460 plus
1107 4376 1202 4443 vinca
1225 4380 1353 4441 altitudo
1376 4379 1439 4452 ills,

69 4492 168 4557 quam
192 4481 300 4534 nostra
323 4472 383 4534 diei
407 4403 575 4552 longitudJo
621 4471 693 4533 Mea
715 4470 862 4551 principia
891 4490 948 4532 nou
973 4478 1150 4549 comparant
1177 4468 1314 4531 diversas
1329 4467 1439 4555 regio-

67 4582 142 4639 nes,
166 4561 224 4624 sed
249 4562 405 4623 cumulant
427 4560 624 4642 qualitates
617 4579 646 4621 ιιι
670 4577 729 4621 uno
753 4560 853 4639 aliquo
869 4565 951 4619 atre.
996 4557 1116 4630 Pluvia,
1139 4566 1259 4630 ventus,
1284 4576 1321 4618 au
1342 4556 1440 4617 fumus

66 4654 113 4716 sit
142 4651 275 4722 tuturus,
302 4649 382 4730 quod
406 4649 547 4723 exhalat,
572 4647 602 4708 in
627 4649 740 4709 Terrae
764 4646 924 4708 habilitate
950 4647 1040 4707 situm
1065 4646 1211 4722 arbitror,
1233 4662 1293 4705 non
1317 4645 1346 4706 in
1368 4645 1438 4724 pla-

40 4750 216 4820 -ιιιιιςιιιιι
239 4737 374 4800 arbitrio.
419 4736 463 4801 Et
489 4746 592 4798 tamen
626 4737 726 4817 aptior
753 4735 832 4797 alius
865 4735 903 4796 ad
935 4735 1025 4796 aliam
1057 4734 1259 4797 conditionem
1282 4733 1438 4806 materiae,

56 4852 136 4899 cum
161 4826 231 4893 sint
254 4823 390 4891 distincti
412 4826 573 4889 coloribus.
654 4831 660 4837 ’

1161 4923 1222 4975 22*
