3278 5542
541 110 552 119 ⁵
664 112 828 164 Mm-
1382 112 1421 180 71

58 272 308 395 mamm
338 286 396 340 spu
425 270 491 324 stus
521 273 739 325 conditionem
765 278 923 338 optarem,
950 281 983 326 et
1012 274 1083 339 qula
1113 275 1216 331 novit,
1241 270 1317 339 qaid
1339 275 1433 360 ttt'ltr

136 467 178 518 Ad
195 466 260 518 haee
278 480 337 532 argo
354 465 480 533 Ksplenrs
497 466 624 531 respondit
640 466 708 517 huuc
725 467 752 515 in
770 467 884 517 modurn:

704 625 737 688 S.
761 626 797 688 P.

157 732 283 795 Literas
304 731 404 804 Tuas,
428 732 589 811 Magnifice
612 731 679 806 Vir,
703 727 734 795 9.
761 730 847 810 Sept.
871 732 943 794 mihi
967 732 1111 806 traditas,
1137 753 1155 793 a
1177 739 1249 793 voto
1274 739 1306 792 et
1329 732 1433 795 fausta

64 820 252 883 ominatione
276 820 405 900 incipis3
428 822 475 882 cui
500 840 626 900 aequum
651 828 699 881 est
722 819 861 902 oinqparr.

154 910 304 991 Equidem
329 909 458 990 optarim
482 918 512 971 te
538 911 667 970 fatomm
696 910 813 971 illomm
839 908 1005 981 dominum,
1041 916 1093 968 aut
1126 916 1207 969 certe
1236 908 1431 988 interpretem

64 1006 96 1059 et
119 998 341 1061 internuncium
365 1016 411 1058 me
436 997 514 1060 inter
538 1007 569 1058 et
593 997 648 1059 fati
673 997 840 1059 dominum:
866 1017 934 1058 nam
959 998 995 1058 de
1019 1006 1072 1058 tua
1097 997 1124 1057 iu
1149 1016 1196 1057 me
1219 994 1432 1059 benevolentia

65 1106 197 1167 aequum
222 1095 280 1159 est,
303 1106 351 1149 me
375 1105 491 1148 summa
514 1086 615 1147 omnia
639 1104 771 1165 sperare.
803 1086 992 1148 Moderatum
1017 1095 1049 1146 et
1071 1085 1308 1164 philosophicum
1330 1087 1360 1147 in
1377 1105 1431 1148 ac-

65 1177 210 1256 cipiendo
235 1175 365 1237 animum
388 1175 641 1254 deprehenderet,
674 1175 806 1254 quisquis
832 1194 918 1255 quam
943 1174 1198 1254 speciosissimam
1227 1192 1367 1245 erercere
1390 1174 1432 1237 li-

64 1264 263 1326 beralitatem
286 1263 411 1343 satagit.
459 1263 560 1325 Prima
584 1262 655 1324 mihi
679 1282 766 1337 cura,
798 1272 832 1324 ut
861 1272 1003 1344 quantum
1027 1263 1090 1324 fieri
1113 1270 1234 1342 potest,
1264 1280 1338 1324 uxor
1365 1280 1433 1325 mea

63 1360 192 1427 teneat,
227 1372 303 1434 quae
335 1352 446 1425 habet,
485 1353 573 1432 idque
601 1352 811 1431 patrimonium
836 1354 873 1414 ad
898 1370 1069 1413 communes
1099 1353 1208 1412 liberos
1231 1352 1432 1425 transmittat.

62 1441 189 1503 Etenim
232 1441 456 1522 speculationes
493 1440 618 1502 interitu
656 1441 790 1502 familiae
828 1442 989 1514 redimere,
1032 1460 1127 1520 neque
1170 1439 1198 1500 in
1241 1439 1433 1520 philosophia

62 1532 228 1593 honesturn
261 1539 327 1605 est,
361 1548 456 1610 neque
487 1529 567 1609 pium
600 1530 629 1590 in
658 1529 814 1608 religione.
862 1531 934 1591 lude
965 1537 1119 1610 peteretur
1146 1548 1240 1590 coena
1262 1528 1432 1603 Platonica,

63 1621 259 1699 habitusque,
286 1620 335 1700 qui
359 1620 499 1680 maritum
523 1620 621 1680 decet.
667 1619 747 1681 Nam
771 1619 799 1679 in
824 1619 871 1680 his
896 1619 1010 1679 duobus
1034 1618 1183 1697 capitibus
1203 1618 1343 1679 consistit
1363 1625 1432 1679 stu-

64 1709 182 1771 diorum
207 1708 343 1770 libertas.
391 1705 450 1777 Qui
475 1716 563 1787 eget,
591 1708 699 1769 servit:
725 1714 758 1767 at
781 1707 832 1767 vir
856 1708 1013 1787 quisquam
1038 1714 1144 1784 sponte
1174 1707 1267 1766 servit
1290 1724 1430 1784 unquam.

64 1796 155 1868 Quod
182 1797 361 1859 nativitates
385 1805 417 1858 et
441 1794 626 1858 calendaria
649 1796 797 1858 interdum
823 1795 939 1869 scribo,
966 1816 1018 1868 ea,
1043 1800 1095 1855 nte,
1113 1793 1249 1867 Christe,
1274 1792 1431 1855 molestis·

65 1888 142 1948 sima
166 1886 239 1947 mihi
263 1885 393 1948 servitus
417 1892 480 1960 est,
506 1886 562 1946 sed
585 1885 772 1958 necessaria,
806 1904 842 1945 ne
876 1884 993 1946 scilicet
1025 1885 1063 1945 ad
1086 1883 1177 1943 breve
1202 1891 1319 1962 tempus
1343 1882 1429 1956 liber,

64 1986 136 2054 post
160 1974 278 2055 turpius
302 1975 441 2037 serviam.
478 1974 585 2053 Itaque
608 1982 643 2035 ut
665 1973 810 2035 salarium
835 1992 972 2046 annuum,
998 1981 1032 2034 ut
1055 1971 1173 2034 titulum
1197 1981 1227 2030 et.
1252 1971 1349 2031 locum
1375 1971 1430 2032 de-

67 2065 199 2133 lendam,
223 2063 486 2124 obsecundandum
511 2071 559 2123 est
583 2063 738 2143 imperitae
764 2062 943 2123 curiositati.
1364 2057 1369 2067 '

155 2153 217 2215 Sed
242 2152 281 2213 ad
306 2152 457 2213 desideria
480 2170 548 2213 mea
570 2158 715 2213 revertor.
759 2148 912 2231 Quidquid
937 2150 1008 2211 mihi
1032 2155 1215 2226 superesset,
1235 2146 1431 2226 jurejurando

66 2242 233 2315 sancirem‚
267 2240 295 2302 in
325 2240 427 2301 studia
456 2240 665 2320 philosophiae
696 2239 907 2318 impensurum.
954 2240 1100 2300 Lectores
1125 2238 1247 2308 alerem,
1270 2235 1432 2310 maculis,

62 2332 126 2410 jam
151 2329 400 2404 hebescentibus,
425 2337 458 2390 ut
482 2338 512 2390 et
536 2329 662 2409 tempori
690 2335 874 2408 parceretur.
923 2327 1055 2389 Nuncios
1078 2326 1148 2387 hinc
1181 2325 1250 2386 in'de
1283 2325 1433 2387 mitterem

66 2439 119 2499 pro
135 2419 232 2493 libris,
242 2436 296 2498 pro
312 2417 503 2479 consulendis
519 2418 631 2491 doctis;
648 2417 847 2479 instrumenta
860 2417 1063 2488 machinarum
1079 2414 1339 2476 observationibus
1355 2413 1433 2476 alios

67 2508 249 2582 adhiberem,
269 2506 296 2568 si
314 2506 410 2567 minus
426 2520 482 2586 ego
502 2507 679 2578 sufficerem,
694 2507 738 2568 sic
753 2514 784 2567 et
799 2505 1073 2587 computationibus
1089 2503 1181 2582 aliqui
1197 2504 1431 2564 destinarentur.

68 2598 144 2659 b'am
164 2596 302 2676 legendo,
328 2595 528 2674 computando
552 2594 709 2674 plurimum
733 2596 851 2656 effundo
875 2595 1040 2674 spirituum,
1067 2592 1249 2670 speculando
1272 2610 1388 2671 parum.

154 2684 218 2747 Sed
241 2685 317 2746 haec
340 2702 415 2746 sane
439 2684 468 2745 in
491 2692 645 2763 potestate
670 2683 800 2763 supremi
824 2685 954 2746 satorum
979 2681 1090 2742 domini
1114 2682 1174 2741 sita
1197 2688 1278 2752 sunt,
1303 2680 1352 2759 qui
1372 2677 1432 2748 etsi

69 2794 123 2836 non
147 2793 196 2836 me
221 2773 336 2834 attollit
359 2773 465 2847 altius,
492 2773 567 2834 lacit
588 2773 620 2833 id
643 2773 747 2851 procul
772 2772 861 2832 dubio
885 2774 913 2833 in
938 2789 1035 2833 meum
1059 2769 1307 2837 commodumne
1331 2768 1432 2846 inepte

70 2883 113 2925 me
136 2882 192 2944 pro
217 2862 417 2942 antesignano
441 2861 541 2943 aliquo
562 2860 748 2923 literatorum
774 2862 851 2921 ferre
875 2861 1027 2940 incipiam.
1053 2890 1094 2899 —

136 3039 336 3089 flsrvartue
354 3038 379 3088 d.
398 3035 440 3087 ²0.
460 3036 519 3087 lun.
541 3035 610 3087 1800
628 3039 733 3087 nunciat
750 3038 872 3101 Ksplero:
892 3035 983 3094 „Nach
1001 3036 1056 3085 dem
1075 3034 1116 3085 ich
1128 3035 1184 3084 dem
1198 3033 1278 3083 Herm
1299 3033 1340 3082 bei
1352 3033 1433 3082 aloem

69 3113 161 3161 noiner
179 3117 306 3175 gavamm
324 3109 418 3160 Diener
437 3109 527 3160 ettioho
544 3109 645 3159 Bucher
665 3109 842 3174 augsschickt‚
871 3108 907 3157 als
933 3108 978 3158 hat
1005 3122 1033 3156 er
1058 3108 1163 3157 minsis
1185 3105 1319 3155 niedemm
1341 3118 1432 3169 saepe

70 3183 161 3241 hracht,
182 3182 216 3231 da
233 3196 261 3231 sr
278 3181 326 3231 den
344 3181 427 3231 Horra
445 3183 484 3230 nit
503 3181 632 3230 auhaimbs
651 3180 820 3247 mperatres,
847 3180 954 3228 soudern
982 3179 1041 3229 dass
1067 3193 1094 3228 er
1118 3177 1172 3226 sich
1191 3177 1231 3227 siu
1250 3175 1307 3225 Zeit
1323 3175 1384 3242 lang
1402 3190 1434 3226 ru

71 3254 88 3302 P
152 3254 198 3302 aul
214 3252 324 3303 ehalteu.
1269 3277 1271 3280 >

88 3268 254 3373 ngAu‘pdw
272 3322 336 3383 rari,
356 3321 413 3372 dass
433 3321 477 3372 der
495 3320 559 3372 tren
576 3322 616 3373 bel
634 3320 715 3372 Herm
733 3320 818 3384 Tycha
837 3320 919 3370 Brahe
944 3320 996 3369 rich
1020 3318 1157 3379 befuudeu,
1179 3318 1226 3367 hat
1249 3332 1275 3367 er
1299 3331 1347 3382 gar
1370 3315 1434 3366 rrohl

71 3396 116 3445 und
133 3395 206 3445 recht
224 3393 317 3460 gethan
335 3393 388 3444 und
404 3393 465 3442 viru
483 3393 525 3442 ihu
543 3397 582 3443 nit
600 3408 683 3442 renen.
722 3393 805 3442 Waun
823 3393 905 3440 meins
925 3390 1023 3440 Sacbeu
1042 3406 1069 3440 eo
1088 3389 1231 3439 beschaffen
1249 3394 1348 3446 varen,
1375 3387 1434 3438 dm

71 3466 361 3525 humanarumue,
380 3465 439 3514 volt
456 3464 497 3514 ioh
515 3467 553 3516 uit
570 3465 735 3521 unterlasrsn,
755 3463 799 3512 lus
817 3463 900 3512 Herm
919 3462 1001 3512 Brahe
1020 3478 1051 3511 an
1071 3461 1203 3511 besuohon.

137 3606 303 3673 Keplerua
322 3607 347 3657 d.
367 3606 390 3656 d.
412 3602 455 3654 12.
474 3603 523 3655 lul.
548 3602 614 3655 tuto
633 3604 774 3669 respondit:

706 3763 738 3826 S.
765 3762 797 3826 P.

154 3872 316 3953 Nunquam
341 3870 569 3951 opportuniores
594 3869 633 3931 ad
657 3889 703 3931 me
727 3869 833 3931 literas
858 3866 985 3929 misistis
1009 3865 1047 3927 N.
1074 3872 1105 3926 et
1119 3864 1163 3926 M.
1180 3863 1247 3938 Vir,
1271 3882 1360 3944 quam
1377 3860 1435 3924 hoc

72 3963 130 4046 ipso
156 3971 311 4040 tempore,
349 3979 406 4042 quo
435 3959 471 4021 de
503 3959 597 4020 totius
622 3958 759 4020 instituto
783 3959 865 4019 ritae
894 3958 922 4018 iu
947 3954 1128 4034 gravissima
1156 3971 1260 4014 versor
1284 3950 1435 4014 delibera·

72 4053 159 4113 tione.
207 4049 328 4112 Etenim
356 4067 408 4110 eas
440 4046 637 4112 humanitatis
671 4056 703 4109 et
739 4045 967 4107 benevolentiae
998 4044 1025 4104 iu
1051 4064 1096 4104 me
1121 4042 1356 4123 significationes
1379 4059 1435 4101 ex·

73 4139 230 4202 hibuerunt
254 4158 367 4211 omnes,
392 4157 467 4217 quas
492 4136 530 4196 ad
554 4156 600 4197 me
626 4136 774 4216 scripsisti
799 4135 956 4214 epistolae,
982 4141 1016 4194 ut
1039 4151 1167 4212 sperem,
1187 4150 1233 4191 me
1253 4150 1311 4191 non
1327 4129 1436 4191 saltem

72 4229 239 4291 consultore
264 4236 304 4301 te,
330 4225 501 4288 sedetiam
527 4224 664 4303 adjutore
689 4225 817 4286 feliciter
841 4242 970 4284 usurum.

156 4318 237 4378 Nam
262 4325 296 4389 ut
320 4317 357 4377 ad
381 4315 438 4376 has
463 4314 584 4376 ultimas
608 4322 677 4375 tuas
702 4310 807 4375 literas
833 4311 884 4374 20.
909 4309 979 4371 Jun.
1005 4310 1104 4383 datas,
1130 4307 1232 4377 (binas
1254 4305 1332 4366 enim
1347 4304 1436 4378 alias,

77 4402 120 4468 ld.
147 4406 223 4467 Dec.
250 4413 281 4466 et
311 4404 356 4466 ts.
377 4404 467 4467 Mart
493 4403 624 4484 scriptas
649 4405 766 4464 domurn
791 4420 929 4463 reversus
954 4396 1065 4478 reperi)
1099 4396 1193 4476 primo
1223 4396 1288 4456 loco
1309 4412 1435 4472 respon-

75 4495 167 4569 deam,
193 4495 319 4568 sistest,
346 4501 378 4556 ut
401 4491 538 4572 conjicis,
564 4493 604 4553 ad
627 4492 682 4553 ΙΙΙ.
708 4492 752 4552 Id.
777 4490 847 4551 Jau.
896 4487 1005 4550 Gratio
1030 4485 1168 4556 discessi,
1192 4484 1363 4566 Tychonem
1388 4481 1436 4542 iu-

74 4584 207 4657 visurus,
240 4591 271 4645 et
303 4601 368 4644 cum
398 4582 516 4661 Pragae
549 4599 603 4660 per
639 4581 755 4660 aliquot
783 4578 847 4639 dies
871 4577 1052 4649 haesissem,
1083 4575 1204 4635 tandem
1227 4571 1324 4635 Nonis
1347 4570 1435 4633 Febr.
