3278 5542
550 274 553 278 Δ
648 315 772 368 derebus
791 318 953 396 analogicis.
1416 318 1480 388 309

118 483 204 553 rant,
240 495 300 557 qua
321 477 352 540 ri
375 475 502 539 infantis
526 476 647 557 genesis
675 477 779 557 genesi
809 479 945 557 parentis
976 479 1021 542 tit'
1037 479 1156 556 similis,
1191 497 1250 560 qua
1282 480 1311 542 vi
1339 489 1480 560 aspectus

118 567 313 647 planetarum
335 567 498 629 secundnm
522 567 647 646 figuram
671 567 936 628 demonstrabilem
961 569 999 630 ab
1021 569 1128 631 animis
1148 577 1179 631 et
1198 568 1302 631 formis
1326 570 1479 644 sentitur).

118 658 164 719 At
188 655 270 736 quod
298 674 357 719 uon
390 655 571 735 ingreditur,
605 675 663 716 non
687 662 805 730 movet3
844 675 934 736 quare
959 677 1014 720 nec
1043 654 1478 738 cumplauetae‘51⁸l,⁹di·

118 752 215 820 stant,
240 745 406 807 movebunt
427 752 583 818 naturam;
607 763 666 805 non
690 743 768 806 euim
792 751 841 807 est
863 746 1037 809 harmonica
1060 748 1223 821 distantia,
1249 766 1315 809 cum
1337 766 1479 827 praeser-

118 834 174 897 tim
197 834 410 912 septangnlnm
434 852 489 895 neo
512 834 650 914 regulare
674 852 783 912 corpus
807 835 984 911 conformat,
1009 855 1064 898 nec
1077 835 1245 916 planitiem,
1270 855 1313 899 sc.
1329 837 1476 916 nuspiam,

118 941 215 1007 quare
239 942 294 984 nec
317 922 348 984 iu
371 922 464 985 radiis
488 923 687 1003 planetarum,
712 942 767 984 nec
790 923 819 984 in
844 924 936 987 sonis.
982 925 1066 986 Haec
1089 925 1181 1006 igitur
1204 926 1279 987 bene
1294 926 1384 988 velim
1402 945 1477 990 oon-

118 1012 248 1075 sideres.
294 1011 361 1091 Ego
385 1021 528 1092 aspectus
552 1013 605 1074 bos
629 1021 702 1091 puto
726 1032 773 1074 me
797 1013 900 1074 videre
924 1013 1044 1076 fortiter
1068 1023 1204 1094 agentes,
1227 1015 1282 1076 sed
1305 1015 1352 1076 vis
1375 1034 1478 1079 eorum

118 1101 315 1164 aestimanda
337 1109 387 1163 est
409 1121 447 1163 ex
470 1101 586 1163 ratione
611 1102 891 1178 demonstrationis:
924 1104 1004 1165 latus
1028 1103 1226 1184 sexanguli
1247 1104 1345 1185 ipsum
1367 1123 1422 1184 ρετ
1445 1125 1478 1168 se

118 1198 170 1253 eat
191 1186 292 1270 ἑητον,
315 1209 385 1252 nam
409 1191 535 1272 aequale
559 1198 607 1252 est
630 1191 872 1266 semidiametr03
896 1192 1073 1271 quadrati
1098 1192 1202 1255 latoris
1227 1194 1406 1274 quadratum
1429 1202 1478 1257 est

118 1276 222 1361 ρριω,
245 1299 316 1341 nam
339 1279 494 1341 dimidium
518 1288 566 1341 est
589 1280 728 1361 quadrati
753 1280 909 1355 diametri;
933 1280 1072 1362 trigoni
1096 1283 1202 1344 lateris
1225 1282 1406 1362 quadratum
1429 1292 1479 1345 est

118 1369 159 1433 ad
183 1368 365 1451 quadratum
390 1369 529 1431 diametri
553 1378 586 1431 ut
609 1367 629 1432 3
654 1371 693 1430 ad
717 1366 753 1445 4;
786 1370 996 1448 conjunctio
1021 1372 1123 1433 estin
1146 1371 1338 1452 geometricis
1361 1373 1480 1452 integer

118 1457 252 1521 cimolos
276 1478 329 1520 seu
352 1467 504 1539 punctum,
529 1477 582 1521 sen
606 1459 729 1521 nullitas
754 1460 855 1539 anguli
878 1460 1038 1534 radiorum,
1064 1460 1093 1522 h.
1119 1480 1145 1522 ε.
1171 1461 1388 1535 coincidentia;
1412 1481 1477 1542 op-

118 1547 262 1629 positio
286 1547 352 1627 ipsa
376 1547 524 1610 diameter
546 1556 609 1623 est,
644 1567 727 1609 mera
759 1549 904 1610 identitas
936 1568 989 1610 sen
1019 1571 1204 1625 μονοφωνιας
1241 1550 1416 1629 quintilis
1447 1559 1480 1612 et

119 1636 343 1717 biquintilis
367 1639 515 1716 quadrata
535 1638 641 1718 juncta
663 1646 735 1699 sunt
757 1638 796 1699 ad
820 1638 1000 1718 quadratum
1023 1639 1161 1702 diametri
1185 1647 1219 1701 ut
1242 1636 1262 1702 5
1287 1639 1326 1700 ad
1349 1637 1381 1702 l.
1420 1639 1477 1702 Di·
1540 1675 1543 1683 ·

119 1725 189 1787 visa
213 1742 272 1786 non
296 1726 333 1787 ad
358 1725 494 1802 invicem,
519 1747 573 1789 neo
596 1727 635 1788 ad
660 1727 838 1808 quadratum
862 1728 1011 1801 diametri,
1035 1736 1069 1790 ut
1087 1747 1226 1790 uumerus
1251 1728 1289 1789 ad
1313 1747 1476 1804 numerum,

118 1814 178 1878 lroc
222 1814 323 1895 itaque
359 1815 478 1877 nomine
511 1824 581 1878 sunt
616 1817 682 1878 loco
713 1816 891 1896 posteriore.
944 1817 1022 1878 Vide
1059 1817 1232 1879 methodum
1263 1816 1477 1899 polygonorum

118 1902 284 1979 (Adriani)
307 1903 447 1968 Romani.
493 1905 559 1968 Nec
582 1905 660 1968 enim
682 1906 779 1985 prima
807 1925 861 1966 nec
885 1906 1032 1982 secunda,
1067 1907 1121 1969 sed
1144 1906 1236 1968 tertia
1259 1907 1375 1967 demum
1400 1926 1476 1986 qua-

118 1994 215 2056 orata
236 1993 268 2054 iu
291 1994 421 2056 numeris
445 2003 620 2075 aequantur.
665 1994 809 2056 Potentia
836 1995 1101 2075 quinquangularis
1130 1995 1235 2057 lateris
1266 1994 1402 2074 aequalis
1429 2003 1479 2057 est

118 2082 280 2163 potentiae
321 2083 534 2146 semidiametri
579 2091 611 2145 ει
646 2084 801 2163 potentiae
846 2084 950 2145 let-eris
988 2085 1220 2166 decaugnlaris,
1270 2084 1349 2163 quod
1386 2085 1477 2146 babet

118 2190 210 2235 suam
243 2171 523 2235 determinationem
557 2174 587 2235 in
611 2173 707 2253 gradu
730 2181 854 2235 remoto.
903 2173 980 2234 lllud
1009 2176 1186 2256 quadratum
1211 2172 1252 2235 sit
1280 2173 1360 2248 AB,
1395 2173 1478 2254 cujus

118 2262 184 2343 ianr
207 2261 289 2321 latus
312 2259 373 2323 Ac
397 2263 501 2342 nequit
524 2261 649 2341 exprimi
673 2251 803 2343 numero.
847 2261 893 2323 Ab
917 2261 973 2323 hoc

118 2350 281 2434 quadrato,
307 2351 391 2430 cujus
415 2351 552 2431 cognitus
576 2359 625 2412 est
647 2369 801 2426 numerus,
833 2351 974 2413 eximitur
1016 2409 1022 2434 Ξ

118 2439 303 2523 quadratum
336 2439 432 2516 aliud,
468 2440 545 2520 quod
574 2441 671 2520 ipsum
703 2459 770 2501 cum
799 2459 853 2501 suo
876 2441 973 2502 latere

119 2534 226 2610 potest
249 2527 375 2608 exprimi
391 2548 522 2602 numero,
546 2530 620 2592 Al).
659 2528 789 2591 Secatur
803 2529 895 2609 igitur
908 2527 972 2591 AC

119 2618 151 2680 in
174 2616 204 2678 Ε
229 2618 346 2679 ratione
370 2618 507 2698 cognita;
540 2638 596 2678 nec
628 2626 729 2680 tamen
763 2638 884 2680 numero
917 2636 973 2678 ex-

118 2706 211 2788 primi
233 2714 336 2786 potest
350 2705 419 2783 Ec,
440 2727 507 2769 cum
530 2703 617 2787 ῥητοτ
631 2707 693 2768 ΑΕ
718 2707 755 2768 ab
779 2703 898 2788 ἀῤῥητῳ
913 2704 974 2769 ΑΟ

118 2795 257 2859 ablatum
273 2795 423 2877 relinquat
445 2792 574 2878 ἀρῥητοε
586 2795 657 2859 ΕΟ.
692 2795 734 2856 Ει
749 2797 819 2876 qnia
837 2794 906 2870 EO,
924 2795 974 2877 ἀῤ-

119 2880 230 2967 dnum,
263 2885 291 2944 in
315 2887 469 2964 seipsum
493 2887 614 2948 ductum
634 2884 708 2948 facit
727 2885 809 2958 DB,
837 2885 928 2965 igitur
943 2893 975 2946 et

118 2974 186 3037 DB
212 2969 349 3053 ἀρ’ῥρτοε.
396 2974 444 3036 Ex
473 2994 529 3055 quo
559 2983 590 3036 ει
617 2975 677 3037 alio
706 2969 784 3054 ῥρτῳ
815 2975 972 3055 quadrato,
1009 2977 1028 3032 J

119 3082 149 3126 n.
175 3063 407 3136 semidiametri,
441 3064 628 3144 componitur
658 3064 835 3143 quadratum
867 3063 973 3125 lateris

119 3151 347 3235 quinquanguli.
393 3153 459 3214 Hoc
487 3154 666 3233 quadratum
699 3170 757 3214 non
787 3162 836 3215 est
862 3170 917 3232 per
941 3171 973 3214 se

118 3240 326 3322 comparabile
351 3238 390 3302 rid
414 3242 602 3312 diametrum,
627 3242 680 3304 sed
703 3261 758 3322 per
779 3243 972 3304 ablationem.
1008 3261 1031 3312 τι
1557 3304 1560 3309 ,

118 3330 203 3395 Nam
216 3330 275 3391 AB
289 3331 357 3408 plus
380 3330 473 3392 habet
488 3350 575 3412 qnam
591 3331 649 3392 AD
673 3339 703 3392 et
718 3331 783 3405 DB,
801 3349 907 3411 nempe
926 3332 984 3393 ΡΙ)
999 3339 1031 3394 ει
1050 3331 1116 3409 DO,
1145 3341 1177 3395 et
1192 3340 1241 3394 est
1256 3330 1475 3413 comparabile;

120 3418 188 3482 sl)
212 3419 317 3480 itidem
341 3428 390 3480 est
412 3420 625 3500 comparabile.
672 3421 707 3481 ld
732 3421 881 3494 aufertur3
906 3420 994 3482 simul
1021 3429 1121 3484 autern
1145 3423 1256 3484 cadunt
1275 3423 1336 3483 ΡΙ)
1360 3418 1477 3494 etDO,

119 3508 381 3587 incomparabilia,
406 3510 537 3571 retinent
561 3517 661 3570 tamen
686 3529 770 3570 suam
795 3510 1075 3571 determinationem
1100 3511 1137 3572 ab
1153 3511 1224 3586 AB,
1249 3511 1326 3586 AD,
1352 3528 1476 3589 compa·

119 3598 280 3670 rabilibus,
304 3607 337 3659 ut
360 3597 545 3679 relinquatur
568 3598 629 3659 DB
654 3598 824 3678 quaesitum
848 3599 1093 3678 incomparabile.

210 3685 271 3748 Est
298 3686 389 3766 igitur
418 3687 493 3749 haec
521 3705 637 3768 quoqne
665 3687 810 3749 mirabilis
839 3687 1041 3767 quantitatum
1073 3696 1200 3759 natura,
1234 3687 1364 3748 sortiens
1392 3704 1478 3747 suam

120 3774 405 3840 determinationem
429 3776 467 3838 ab
491 3776 654 3839 ablatione.
702 3775 862 3850 Quamvis,
892 3784 925 3837 nt
948 3777 1003 3837 hoc
1028 3776 1151 3850 addam,
1180 3781 1248 3836 tota
1270 3775 1346 3837 haee
1370 3792 1476 3836 essen-

119 3866 184 3930 otae
209 3865 288 3926 ratio
312 3872 369 3926 est.
416 3865 516 3928 Aliter
543 3867 644 3947 itaque
674 3866 844 3928 subsistunt
875 3865 1089 3938 (subsistentia
1117 3859 1353 3944 quantitative),
1389 3862 1478 3925 aliter

119 3961 350 4036 comparantnr3
388 3955 443 4016 hoc
472 3954 533 4016 illis
557 3955 668 4017 accidit
692 3976 710 4016 a
734 3963 843 4017 mente.
892 3953 953 4016 Sed
978 3955 1111 4015 adrem.
1157 3953 1223 4013 Hoc
1247 3953 1348 4034 itaque
1372 3970 1478 4033 genus,

119 4054 154 4109 ut
177 4043 392 4128 quinquangnli
409 4044 498 4117 latus,
526 4044 666 4105 consistit
694 4043 722 4106 in
752 4052 868 4106 remota
892 4044 1115 4124 comparatione
1140 4050 1171 4104 et
1194 4042 1337 4104 abhorret
1361 4063 1381 4104 a
1404 4041 1476 4104 reli-

118 4135 197 4216 quis.
246 4132 312 4193 Hoc
335 4151 381 4194 me
405 4133 494 4195 valde
518 4132 661 4194 turbavit.
709 4132 881 4195 Videbdtur
900 4133 977 4194 enim
1001 4133 1056 4194 hoo
1079 4139 1170 4212 pacto
1195 4130 1268 4195 nihil
1292 4131 1395 4194 valere
1420 4131 1476 4193 de-

118 4224 208 4298 bere,
240 4241 307 4286 cnm
331 4240 388 4284 nou
413 4242 446 4284 se
470 4223 536 4302 ipso
560 4223 747 4302 intelligatur
771 4231 802 4284 et
825 4229 1025 4302 comparetur.
1072 4220 1179 4283 Erexit
1203 4240 1249 4282 me
1280 4229 1381 4282 tamen
1404 4239 1476 4283 mu·

118 4313 209 4378 sica
257 4311 334 4375 Cum
357 4312 435 4372 enim
460 4312 551 4373 tertia
574 4311 672 4372 mollis
696 4313 738 4374 sit
761 4332 779 4373 a
801 4312 976 4392 sexangulo,
1002 4311 1095 4373 tertia
1116 4310 1190 4371 dura
1213 4310 1476 4391 aqninqnangnlo,

118 4410 202 4467 certe
222 4390 384 4483 jucundior
406 4400 613 4481 (quantumvis
638 4401 728 4473 dura)
753 4408 801 4467 est
825 4401 926 4463 tertia.
940 4401 1030 4475 dura,
1064 4399 1162 4462 mollis
1185 4416 1290 4478 parum
1316 4399 1420 4473 abest,
1445 4405 1478 4460 ut

1182 2310 1228 2358 rig.
1242 2305 1264 2350 Ἰ.

118 4510 178 4556 uon
201 4496 357 4554 consonet.
405 4487 548 4569 Oportuit
562 4490 654 4570 igitur
668 4491 746 4552 ratio
770 4512 788 4551 a
808 4509 855 4552 me
874 4489 1050 4570 excogitari,
1076 4508 1134 4569 qua
1157 4489 1248 4550 etiam
1271 4489 1384 4550 multae
1399 4486 1477 4548 aliae
1580 4562 1583 4567 ,

118 4582 232 4663 dgurae
264 4578 479 4642 consonantias
503 4580 638 4640 iacturae
662 4580 805 4655 inissent,
838 4598 905 4641 cum
934 4579 1022 4640 valde
1051 4573 1177 4659 ἀρῥρτοι
1207 4577 1284 4653 sint,
1318 4575 1375 4637 nisi
1409 4575 1477 4637 aliis

118 4671 220 4733 nausis
247 4666 474 4748 impedirentur.
522 4670 572 4729 lta
602 4669 687 4730 vides
720 4669 749 4729 in
782 4668 930 4749 prioribus
963 4668 1076 4742 literis,
1110 4666 1237 4748 relinqui
1270 4666 1476 4746 decaugnlum,

120 4754 194 4847 Ὶω,
220 4777 310 4820 unam
334 4763 472 4819 octavam
497 4758 566 4830 dno,
595 4758 778 4836 multasque,
811 4757 870 4819 imo
894 4756 1026 4819 inlinitas
1050 4757 1138 4819 alias.
1186 4754 1288 4819 Causa
1310 4773 1400 4830 vero,
1426 4773 1478 4816 cur

118 4849 154 4912 ln'
173 4847 342 4928 sexangulo
371 4847 561 4928 praepolleat
590 4846 682 4909 tertia
711 4846 786 4908 dura
813 4847 909 4921 molli,
944 4852 993 4908 est
1023 4845 1128 4908 itidem
1156 4862 1194 4907 ex
1221 4844 1476 4907 demonstratione
