3278 5542
137 328 180 394 st
729 324 902 385 natm·
1003 280 1055 365 2²³²*
1152 276 1155 287 ’

136 502 197 539 rene
215 489 340 540 mummia
358 489 447 541 Lunae
460 502 507 556 per
522 492 714 556 nppnddonem
729 496 810 544 mone
837 494 915 543 nentri
939 491 1031 543 Terrae
1053 503 1132 558 aeque
1150 492 1241 543 adven
1263 499 1354 559 putet
1394 493 1493 544 lem

137 562 216 610 centri
235 560 326 611 Terrae
344 568 438 622 motus,
465 576 513 628 qno
532 560 698 615 drauscium
722 564 812 613 circulo
835 579 926 630 magno
951 563 1052 614 Terram
1085 565 1244 615 circumuebit
1270 564 1436 631 Copemltrm
1465 569 1496 614 nt

137 645 220 682 verum
237 633 328 686 tamar.
345 633 441 683 ridetur
456 631 517 683 indul
535 647 632 684 omnem
650 635 882 686 verisimilitudinem
901 635 1027 686 utente.
1065 633 1116 686 Sed
1144 635 1208 687 haee
1232 637 1325 696 scribe,
1344 649 1404 686 en
1427 634 1494 686 eliud

137 702 201 768 qnod
220 704 326 755 scribam
343 718 394 753 non
411 709 533 755 otenmt

208 808 248 859 nd
264 809 328 859 haec
345 808 504 876 Keplerur
522 805 560 873 (d.
579 806 638 861 VII.
657 809 710 863 Gal.
727 811 803 876 April.
826 808 924 873 ldissl:

269 951 406 1015 Salutem
430 961 462 1016 et
483 970 554 1015 mea
575 946 709 1027 servitia,
731 952 891 1034 Magnifice
915 963 947 1016 et
968 954 1152 1016 Doctissime
1176 954 1243 1018 Vir.

226 1038 307 1112 Quid
331 1042 427 1103 literis
449 1042 525 1104 meis
548 1041 693 1106 accidisse
717 1042 831 1117 dicam,
857 1053 890 1105 nt
912 1052 975 1105 tam
999 1044 1049 1105 diu
1072 1043 1260 1118 delituerint,
1290 1043 1413 1105 nescio:
1438 1042 1494 1105 niti

98 1190 101 1197 .
139 1130 234 1212 qnod,
259 1131 328 1192 dnm
351 1131 390 1192 ad
414 1131 505 1193 libros
528 1140 670 1210 perpetuo
695 1131 840 1210 desedeq,
875 1151 1000 1194 necesse
1024 1133 1096 1195 mihi
1123 1133 1222 1194 estin
1246 1132 1401 1194 hominum
1424 1131 1490 1193 ido·

138 1239 260 1281 neorum
283 1220 470 1299 ignoratione
494 1221 618 1293 versari,
644 1240 763 1300 quorum
788 1221 1102 1302 industriaejusmodi
1117 1223 1239 1303 negotia
1254 1228 1492 1301 promoveantur.

139 1309 190 1370 Ad
212 1317 282 1370 tuas
307 1309 411 1372 literas
434 1311 530 1371 tribus
554 1310 741 1389 potissimum
765 1310 931 1372 nominibus
955 1311 1028 1373 mihi
1050 1311 1289 1392 respondendum
1313 1319 1376 1387 est,
1400 1310 1517 1392 primov

140 1397 259 1479 quidem
283 1398 467 1474 difficillimo,
491 1399 602 1461 ceteris
626 1399 840 1479 quodammodo
865 1399 1059 1462 facilioribus.

227 1487 348 1549 Etenim
385 1487 491 1567 quibus
525 1506 580 1567 ego
612 1488 711 1549 verbis
739 1489 866 1568 gratiam
898 1507 951 1568 pro
979 1488 1157 1550 transmisso
1189 1507 1309 1550 munere
1340 1487 1491 1551 referam?

140 1577 245 1656 Neque
270 1576 346 1638 enim
369 1577 448 1638 tanti
473 1577 634 1638 aestimare
658 1578 748 1639 vilem
772 1596 892 1657 operam
915 1586 1067 1658 poteram,
1096 1596 1191 1658 neque
1214 1578 1385 1640 mehercule
1414 1577 1493 1657 quic-

45 1710 49 1717 .
141 1684 230 1746 quam
252 1673 373 1745 praeter
396 1665 612 1727 sententiarum
635 1685 727 1727 causa
750 1667 887 1728 veritatis
911 1666 1102 1729 collationem
1126 1667 1325 1746 quaerebam,
1357 1673 1391 1728 et
1421 1683 1492 1745 quo-

140 1755 186 1816 vis
210 1774 331 1816 munere
355 1755 470 1834 gratius
493 1754 565 1816 mihi
588 1763 665 1828 erat,
689 1756 809 1817 literato
833 1755 906 1827 viro,
931 1757 960 1818 iu
976 1775 1033 1837 quo
1055 1755 1186 1834 cognitio
1200 1755 1376 1817 matheseos
1396 1754 1493 1835 digni·

140 1852 205 1905 tate
228 1843 369 1923 politicae
385 1844 546 1905 functionis
562 1843 815 1919 cohonestaretur,
841 1844 1086 1925 qualitercunque
1110 1845 1306 1907 innotescere.
1343 1843 1496 1907 Sedenim

141 1932 211 2013 quid
234 1933 412 2012 prohibeat,
437 1933 494 1994 imo
519 1933 589 2014 quid
618 1933 774 2012 expediat,
808 1934 1004 2013 indigentiam
1032 1953 1151 2006 meam,
1186 1953 1245 2015 qua
1272 1952 1379 1995 munus
1404 1931 1497 1997 Tuum
1522 1992 1532 2013 ,-

142 2030 278 2101 augetur,
302 2041 403 2084 coram
426 2032 456 2083 te
482 2022 571 2084 fateri
594 2023 686 2095 nolle,
710 2023 772 2085 viro
796 2022 870 2091 tali,
895 2024 941 2085 cui
965 2022 1066 2104 utique
1090 2040 1176 2084 neruo
1206 2022 1408 2104 persuadeat,
1430 2040 1518 2105 mae.

139 2110 320 2173 thematicos
345 2130 382 2173 ex
406 2131 479 2172 aura
502 2112 602 2172 vivere
627 2118 659 2172 et
681 2112 747 2172 sola
769 2111 880 2191 ingenii
904 2112 1000 2192 gloria
1023 2120 1181 2174 contentos
1205 2131 1273 2173 esse
1296 2129 1399 2191 posse.
1429 2108 1507 2189 tri:

141 2220 196 2282 que
221 2201 328 2274 veiim,
361 2201 418 2262 hoc
451 2201 505 2263 tibi
537 2201 738 2281 persuadeas,
768 2202 825 2262 etsi
859 2201 930 2263 mihi
952 2201 1069 2281 gratius
1097 2200 1234 2262 accidere
1256 2200 1329 2263 nihil
1353 2198 1513 2280 potueri&

141 2309 230 2370 quam
254 2289 430 2370 intelligere,
455 2310 523 2352 mea
546 2291 600 2350 abs
625 2299 655 2350 te
679 2289 808 2368 probari,
827 2298 925 2351 tamen
941 2310 978 2352 ne
993 2310 1097 2353 munus
1113 2289 1232 2370 quidem
1247 2289 1345 2352 isthoc
1359 2282 1500 2369 poluit&
1522 2290 1525 2295 ’

142 2396 200 2439 non
225 2398 292 2441 esse
316 2378 529 2458 gratissimum.
577 2377 693 2448 Quodsi
726 2398 784 2459 qua
815 2398 881 2440 mea
904 2379 1053 2442 industria
1075 2379 1167 2441 tibia
1193 2397 1240 2440 rue
1263 2379 1386 2459 pensari
1408 2394 1498 2461 ptttt
1530 2392 1535 2417 ¹

17 2482 25 2495 ·
143 2466 305 2548 intelligis,
330 2467 463 2542 obsecro,
488 2468 589 2529 idme
613 2466 738 2543 doceas,
763 2467 976 2549 materiamque
1000 2468 1199 2530 declarandae
1223 2467 1419 2549 gratitudinis
1440 2466 1498 2530 im·

144 2556 242 2637 perito
266 2555 419 2625 exhibeas.
435 2592 478 2602 -

235 2691 341 2708 .....
367 2644 428 2707 Sed
451 2645 490 2706 ad
514 2643 636 2706 tertium
659 2652 799 2726 punctum
829 2646 971 2707 accedam
995 2645 1199 2720 („secundum
1226 2646 1392 2725 punctum“
1422 2644 1498 2708 atti-

145 2742 196 2796 net
218 2735 422 2814 quaestionem
446 2733 594 2795 Herwarti
618 2732 655 2794 de
679 2734 781 2795 libella
805 2734 935 2811 nautica,
969 2735 1155 2796 referendum
1181 2733 1218 2794 ad
1245 2733 1349 2795 librum
1373 2733 1499 2814 Kepleri

120 2824 181 2885 'de
213 2825 304 2886 stella
337 2826 429 2898 nova)
466 2832 498 2885 et
529 2823 566 2884 ad
600 2842 650 2897 ea,
689 2841 765 2903 quae
797 2824 903 2885 scribis
936 2825 972 2885 de
1005 2842 1070 2885 meo
1103 2823 1276 2885 Prodromo.
1322 2822 1498 2886 Mathema-

143 2912 196 2975 tici
227 2912 326 2988 iliius,
360 2913 492 2994 quisquis
524 2911 575 2973 ilie
608 2912 661 2984 sit,
692 2911 836 2990 judicium
859 2932 951 2994 prope
975 2912 1142 2992 intelligere
1166 2911 1277 2975 videor.
1324 2911 1396 2973 Jam
1421 2912 1499 2975 enim

144 3002 304 3083 aliquoties
328 3003 399 3063 mihi
423 3023 477 3063 usu
503 3001 593 3076 venit,
619 3001 694 3062 utin
711 3020 772 3075 eos
794 3003 842 3082 qui
858 3021 919 3064 rem
934 3002 1053 3084 quidem
1072 3001 1251 3082 intelligunt,
1268 3010 1381 3063 motum
1396 3012 1497 3064 autem

143 3093 255 3155 Terrae
279 3092 399 3154 credere
423 3110 481 3152 nou
505 3097 648 3169 possunt,
678 3088 810 3152 incidens
839 3090 894 3153 hoc
922 3093 1060 3152 audiam:
1094 3090 1245 3169 egregiam
1270 3109 1338 3152 esse
1361 3091 1496 3170 phanta-

143 3181 239 3254 siam;
263 3180 319 3242 hoc
342 3188 409 3254 est,
444 3178 589 3260 siquidem
618 3198 679 3240 una
701 3179 776 3239 haec
801 3181 974 3261 hypothesis
1002 3181 1039 3243 de
1063 3180 1174 3241 Terrae
1197 3188 1280 3242 motu
1307 3198 1383 3242 vera
1405 3189 1495 3256 esset,

143 3277 247 3331 cetera
269 3269 369 3331 omnia
391 3268 590 3350 pulcherrima
612 3266 670 3328 sibi
693 3267 799 3337 videri.
830 3269 1000 3344 Materiam,
1024 3288 1111 3350 quarn
1136 3269 1255 3349 dignam
1280 3269 1408 3350 alicujus
1426 3269 1496 3332 diii-

144 3358 263 3439 gentiae
287 3377 412 3428 censes,
446 3376 501 3438 ego
533 3356 598 3437 ipso
623 3357 711 3419 titulo
739 3376 805 3418 sum
826 3359 997 3437 pollicitus:
1033 3357 1254 3421 Prodromus
1291 3358 1389 3420 enim
1417 3375 1496 3422 esee

144 3448 269 3510 debuit
291 3448 366 3509 iste
390 3466 486 3509 meus
510 3445 666 3508 libellus
698 3455 988 3526 sequuturarum
1019 3447 1321 3511 dissertationum
1354 3464 1490 3510 coemo-

143 3537 411 3618 graphicarnm.
459 3534 624 3599 Consilium
656 3535 726 3596 mihi
754 3536 833 3596 tale:
864 3536 894 3598 in
927 3555 1005 3598 nova
1034 3536 1263 3617 cosmographia
1293 3543 1494 3600 tractarentur

143 3635 319 3709 argumenta
341 3625 468 3708 physica
489 3644 543 3705 pro
568 3632 650 3686 motu
670 3623 797 3698 Terrae,
827 3633 858 3686 et
889 3633 1066 3705 cogerentur
1095 3628 1205 3700 multa,
1234 3626 1340 3707 quibus
1368 3625 1495 3707 singuiis

142 3717 254 3780 diversi
278 3716 415 3798 exiguam
438 3714 525 3776 fidem
550 3713 711 3776 adhibituri
735 3721 847 3775 essent.
893 3715 940 3777 Ne
964 3716 1064 3796 itaque
1088 3714 1239 3777 inventum
1262 3716 1318 3777 hoo
1341 3735 1441 3778 meum
1460 3714 1495 3776 de

143 3807 272 3888 quinque
295 3805 467 3886 corporibus
491 3805 569 3867 inter
592 3804 669 3865 istas
699 3803 784 3883 quasi
816 3804 922 3884 paleas
951 3805 1160 3878 delitesceret,
1189 3812 1221 3866 et
1248 3824 1315 3867 mea
1343 3804 1496 3868 sententia

142 3914 209 3958 cum
232 3894 341 3957 ceteris
364 3895 444 3957 inter
470 3894 587 3956 incerta
615 3892 803 3973 rejiceretur,
842 3894 922 3956 volui
951 3894 1024 3956 illud
1051 3894 1212 3974 separatim
1240 3894 1343 3969 edere,
1383 3894 1409 3956 si
1439 3910 1496 3975 qno

26 3974 34 3989 ⁰
141 3984 341 4065 pactofidem
365 3990 524 4045 mereatur.
572 3982 651 4044 Nam
678 3982 734 4043 hoc
757 3988 818 4056 est,
850 3983 927 4064 quod
959 3982 1163 4063 probabilibus
1197 3982 1367 4063 sequuturis
1402 4000 1498 4065 argu-

141 4072 250 4135 mentis
279 4091 324 4135 ex‘
342 4073 468 4154 physica
497 4073 551 4133 duc.
583 4070 747 4151 depromtis
776 4071 947 4133 nonnullam
977 4071 1171 4133 autoritatem
1203 4071 1361 4135 conciliare
1395 4071 1497 4136 debet

142 4162 276 4225 Libellos
300 4161 427 4223 meditor
450 4159 710 4239 cosmographicos
734 4168 874 4239 quatuor:
901 4160 934 4234 1)
958 4160 1009 4221 De
1032 4160 1305 4236 Universitate,
1337 4169 1367 4223 et
1394 4161 1498 4242 pot'm-

142 4251 249 4314 simum
273 4251 309 4312 de
331 4251 468 4331 partibus
492 4249 592 4311 mundi
616 4248 848 4328 quiescentibus,
873 4248 954 4311 Solis
977 4249 1042 4311 loco
1066 4258 1098 4311 et
1120 4250 1227 4332 quiete,
1249 4251 1374 4313 lixarum
1389 4250 1499 4333 diepo-

143 4341 250 4403 sitioue
274 4348 306 4401 et
328 4340 438 4420 quiete,
462 4338 578 4400 unitate
603 4337 656 4399 dac.
680 4336 790 4399 muudi.
837 4335 873 4412 2)
896 4338 949 4400 De
972 4338 1186 4415 Mobilibus3
1210 4340 1239 4401 in
1260 4358 1317 4420 quo
1336 4339 1502 4419 repetitum

142 4430 294 4510 negotium
317 4429 354 4490 de
377 4428 505 4509 quinque
528 4427 710 4507 corporibus,
736 4426 900 4506 disputatio
925 4428 961 4489 de
985 4437 1067 4490 motu
1081 4430 1201 4505 Terrae,
1221 4428 1415 4509 proportione
1428 4448 1499 4491 mo-

142 4528 224 4582 tuum
246 4518 459 4600 Pythagorica,
483 4517 598 4578 musica
621 4515 674 4577 dac.
709 4512 745 4590 3)
768 4516 819 4577 De
843 4516 963 4594 globis
986 4517 1078 4597 ipsis
1100 4518 1310 4598 peculiaribus,
1335 4518 1501 4599 sedprae-

143 4609 227 4689 cipue
258 4608 295 4669 de
324 4606 412 4687 globo
441 4607 565 4681 Terrae,
602 4605 701 4667 causis
730 4604 885 4680 montium,
916 4607 1067 4669 fluminum
1092 4607 1144 4668 dac.
1190 4608 1224 4669 In
1253 4625 1362 4688 genere
1392 4614 1502 4671 tamen

142 4695 179 4773 4)
203 4697 254 4760 De
278 4696 460 4760 relatione
483 4695 580 4757 coeli
603 4704 639 4756 et
661 4694 794 4757 Terrae
823 4713 915 4757 causa
943 4694 1130 4762 actioniset
1158 4696 1344 4776 passionum,
1378 4695 1416 4759 de
1446 4696 1501 4761 lu-

143 4788 231 4862 mine,
257 4786 439 4867 aspectibus,
462 4783 694 4866 meteorologiae
719 4792 751 4846 et
773 4785 956 4866 astrologiae
982 4783 1134 4865 principiis
1162 4785 1304 4868 physicis.
1350 4783 1403 4848 Sic
1432 4793 1503 4850 tres

142 4876 257 4962 priores
280 4875 498 4957 responderent
519 4874 605 4936 libris
627 4873 805 4937 Aristotelis
827 4873 865 4936 de
892 4875 990 4949 coelo,
1021 4881 1145 4954 quartus
1183 4875 1268 4939 libris
1299 4875 1336 4937 de
1363 4893 1504 4955 gener»
