3278 5542
726 283 808 351 capus
825 285 890 341 ΠΧ·
1428 286 1488 353 171

125 438 300 504 existimem
322 450 369 520 te,
393 443 489 507 lector
516 460 626 524 aeque,
660 442 686 505 si
710 442 822 524 aliquid
846 445 973 525 amplius
998 444 1091 509 etiam
1115 446 1250 521 deesset,
1280 455 1492 509 concoctarum

126 536 221 609 atque
250 538 471 595 excusaturum.
517 531 623 612 Neque
656 531 727 595 mihi
752 532 843 612 digna
867 533 986 598 videtur
1018 535 1082 615 ejus
1112 543 1211 597 motus
1240 534 1420 610 diversitas,
1454 535 1491 597 de

126 635 189 697 qna
219 637 360 698 magnam
392 621 478 683 litem
510 619 690 694 moveaml).
748 620 893 693 Quamvis
932 623 1039 684 melius
1075 644 1108 685 se
1142 624 1221 703 gerit
1255 642 1344 704 quam
1371 621 1489 685 Venus:
1607 644 1611 655 ·

128 705 205 767 lacit
232 708 311 771 enim
342 710 426 772 nnins
451 715 569 773 tantum
597 710 709 789 gradum
733 710 948 786 differentiam,
981 712 1059 793 quod
1088 713 1195 775 mirum
1223 721 1287 775 est:
1312 713 1388 774 adeo
1412 731 1490 775 nun·

127 812 218 875 quarn
242 816 300 859 non
324 797 427 862 fallaci
450 805 499 861 est
519 797 648 878 ingenio.
695 797 787 862 Certe
807 819 882 861 nnus
906 800 953 863 hic
977 810 1034 877 est,
1059 801 1108 880 qui
1134 802 1354 881 astrologorum
1380 801 1491 863 samam

126 885 260 949 maxime
291 887 449 966 prostituit
480 894 512 947 et
545 896 744 950 meteororum
775 889 922 950 rationem
955 909 1071 951 omnem
1104 890 1217 952 turbat.
1264 888 1306 951 Et
1332 889 1360 950 in
1390 889 1491 950 ventis

127 973 248 1055 quidem
271 975 480 1054 praedicendis
505 976 595 1056 (qnos
619 977 788 1039 certissime
812 978 959 1051 eoncitat,
990 979 1226 1060 quotiescunque
1250 977 1324 1039 locis
1350 987 1398 1039 est
1421 977 1489 1039 ido-

127 1062 209 1137 neis)
234 1083 326 1147 saepe
357 1064 433 1127 adeo
457 1065 609 1127 constanti
639 1085 760 1127 numero
785 1065 901 1128 dierum
925 1066 1060 1142 aberrat,
1096 1078 1127 1129 ut
1159 1086 1264 1149 parum
1288 1066 1383 1141 absit,
1420 1067 1488 1146 quin

128 1155 192 1215 tum
217 1152 282 1232 ejus
305 1152 336 1215 in
359 1153 548 1235 ephemeride
571 1153 681 1218 vitiose
695 1155 846 1236 proditum
861 1155 1003 1218 circulum
1024 1157 1172 1236 corrigere
1197 1155 1362 1235 possim⁰):
1389 1155 1488 1235 itaque

127 1237 266 1320 siquem
290 1250 492 1313 astronomum
516 1261 670 1307 cernerem
693 1244 815 1306 nimium
838 1244 966 1306 sollicite
992 1245 1135 1307 rimandis
1158 1245 1300 1325 planetae
1325 1243 1412 1322 hujus
1436 1263 1486 1305 er·

127 1329 244 1393 roribus
268 1331 451 1405 incumbere,
482 1331 566 1393 illum
590 1351 645 1413 ego
671 1352 838 1406 monerem,
869 1341 902 1395 ut
925 1343 1042 1413 tempus
1073 1334 1145 1395 illud
1176 1333 1288 1396 rectius
1306 1332 1487 1406 collocaret,

127 1424 155 1478 st
179 1418 334 1482 Tellurem
355 1428 445 1501 atque
470 1420 547 1485 hano
570 1421 751 1484 ambientem
773 1422 898 1496 Lunam,
924 1420 1116 1501 ι’·ναργιςατοι
1136 1422 1229 1496 sidus,
1255 1440 1381 1501 quarum
1407 1420 1490 1482 illam

129 1506 270 1584 pedibus,
295 1507 372 1570 hanc
396 1509 490 1571 oculis
512 1511 646 1590 proxime
670 1510 859 1590 attingimus,
885 1511 974 1584 haec,
999 1511 1134 1591 inquam,
1168 1511 1269 1573 sidera
1291 1508 1392 1590 potius
1417 1528 1490 1588 spe-

128 1596 254 1671 culetur,
280 1615 414 1679 quaeque
437 1597 467 1659 in
492 1617 593 1661 eornm
616 1598 747 1661 motibus
771 1600 858 1679 inque
885 1599 1047 1680 eclipsibus
1072 1600 1167 1662 adhuc
1190 1618 1359 1680 peccamus,
1387 1597 1489 1659 limet:

128 1688 187 1747 tum
215 1685 335 1749 demum
354 1705 477 1768 operam
499 1688 538 1749 ad
556 1688 737 1750 Mercurium
765 1689 939 1751 transierat.
988 1690 1108 1751 Interea
1138 1689 1165 1751 si
1189 1687 1278 1749 venia
1308 1686 1389 1766 digni
1420 1693 1491 1748 suut

126 1791 245 1836 errores
271 1774 350 1836 circa
373 1775 502 1838 Telluris
521 1784 553 1838 et
575 1776 680 1839 Lunae
704 1784 816 1853 motus,
850 1778 943 1839 multo
972 1779 1068 1857 magis
1104 1778 1133 1839 id
1156 1777 1345 1840 merebuntur
1370 1793 1486 1837 errores

123 1860 146 1926 in
173 1864 343 1938 Mercurio,
369 1864 418 1945 qui
442 1871 474 1926 et
496 1866 640 1928 remotior
664 1886 683 1926 a
706 1866 791 1927 nobis
816 1874 872 1941 est,
898 1875 930 1927 et
954 1867 1015 1928 fere
1039 1885 1157 1945 semper
1180 1865 1234 1927 sub
1259 1863 1330 1925 Sole
1357 1865 1442 1924 latet.

217 1953 321 2033 Atque
354 1954 403 2014 hic
433 1974 549 2018 rursum
580 1962 614 2017 nt
648 1954 746 2033 priore
777 1955 875 2034 capite
915 1956 1065 2018 coronidis
1104 1955 1169 2015 loco
1194 1953 1340 2033 epistolae
1371 1960 1488 2035 partem

118 2042 297 2117 ascribam,
332 2061 421 2121 quam
444 2043 627 2105 Maestlinns
652 2044 690 2105 ad
714 2063 761 2105 ms
784 2044 882 2105 misit:
916 2045 1003 2124 idque
1032 2044 1149 2105 duabus
1172 2045 1209 2104 de
1234 2042 1348 2116 causis,
1383 2041 1489 2120 prima,

118 2132 193 2212 pnia
221 2131 260 2191 de
284 2132 509 2294 renueressaria
531 2140 562 2194 te
587 2141 703 2202 monet,
738 2132 851 2206 altera,
883 2133 953 2213 quia
976 2141 1066 2213 caput
1098 2133 1153 2194 boo
1182 2132 1295 2212 passim
1324 2131 1489 2191 confirmat.

118 2216 169 2283 tra
200 2218 278 2281 ille:
420 2230 423 2234 ’
745 2222 747 2231 ⁴

221 2308 319 2385 „Tam
343 2307 488 2370 mirabilis
512 2309 749 2384 estMerourins,
773 2318 806 2370 ut
829 2329 933 2389 parum
957 2309 1096 2383 abluerit,
1122 2309 1190 2389 quin
1215 2308 1306 2369 etiam
1330 2326 1377 2368 me
1402 2305 1490 2367 fefel-

118 2397 227 2462 isset.
277 2397 342 2459 Nec
369 2397 493 2470 mirum,
527 2397 597 2478 quis
626 2400 716 2460 etiam
741 2396 906 2478 Copernico
936 2407 967 2460 et
990 2398 1180 2460 Rbeinholdo
1210 2398 1370 2458 admodum
1393 2396 1490 2457 mole-

118 2496 207 2550 .tum
224 2486 320 2547 inisse
336 2486 553 2548 animadverto.
602 2485 786 2566 Copernicus
805 2489 859 2550 hoc
881 2488 917 2548 de
933 2507 965 2549 se
985 2488 1050 2566 ipso
1071 2487 1192 2560 fatetur,
1219 2484 1363 2563 „multis
1381 2483 1492 2564 (inquit

118 2576 168 2640 ib.
203 2575 248 2635 V.
277 2594 342 2655 cap.
363 2571 433 2649 30.)
456 2575 634 2654 ambagibus
658 2587 689 2639 et
712 2576 865 2638 laboribus
889 2596 943 2637 nos
968 2577 1058 2639 torsit
1081 2576 1137 2637 hoc
1163 2576 1255 2650 sidus,
1282 2574 1399 2652 atejus
1422 2591 1489 2634 mo-

118 2685 165 2729 us
198 2663 462 2726 scrutaremur.““
510 2664 598 2728 Unde
622 2666 926 2747 praeterquamquod
943 2666 1042 2728 nullas
1067 2685 1137 2726 suas
1157 2664 1296 2745 proprias
1311 2662 1421 2724 recitat
1435 2661 1491 2723 ob-

118 2753 317 2819 ervatioues
339 2753 370 2815 in
395 2757 416 2831 d
440 2753 576 2827 habitas,
609 2755 663 2815 sed
692 2775 710 2815 a
733 2755 909 2816 Bernhardo
933 2755 1072 2816 Waltero
1096 2753 1293 2833 Noribergico
1323 2759 1490 2813 mutuatur:

118 2843 219 2907 itiam
235 2841 267 2903 in
287 2843 416 2922 apogaei
434 2842 530 2922 ipsius
545 2843 610 2908 loco
626 2844 789 2906 statuendo
814 2844 869 2905 sibi
893 2863 953 2904 non
968 2851 1099 2905 constat.
1132 2843 1211 2904 Nam
1226 2860 1313 2921 quem
1325 2843 1408 2919 (cap.
1420 2834 1490 2912 26.)

118 2952 143 2995 n
172 2931 288 3012 primis
311 2930 459 2992 Antonini
483 2932 579 3005 annis,
604 2932 686 2994 circa
709 2951 817 2995 annum
842 2930 956 2994 Christi
984 2928 1056 2995 140.
1078 2931 1168 3010 juxta
1192 2929 1358 2992 Ptolemaei
1382 2928 1491 2989 obser·

118 3020 268 3083 rationes
307 3019 423 3081 invenit
456 3020 483 3081 in
527 3015 586 3082 100
617 3032 664 3087 ἐξ
705 3031 736 3083 et
763 3021 819 3082 snb
846 3021 970 3082 stellato
999 3021 1070 3082 orbe
1099 3021 1127 3080 in
1156 3015 1237 3082 1830
1259 3016 1314 3081 20⁴
1347 3039 1365 3078 a
1395 3016 1491 3096 prima

118 3110 220 3173 rtella
245 3107 295 3182 Υι
327 3109 454 3171 eundem
484 3103 567 3172 1830
597 3107 650 3171 200
675 3113 755 3190 (cap.
784 3107 853 3184 29.)
885 3110 1001 3189 reponit
1031 3111 1067 3170 ad
1102 3106 1154 3171 21.
1185 3127 1294 3171 annum
1323 3105 1491 3168 Ptolemaei

118 3197 331 3276 ?hiladelphi,
356 3198 479 3278 perinde
503 3217 538 3259 ac
562 3199 588 3259 si
613 3199 668 3261 hoc
693 3203 714 3278 8
738 3217 903 3278 apogaeum
928 3199 1008 3260 intra
1031 3196 1096 3261 400
1112 3218 1205 3259 annos
1225 3196 1418 3259 intermedios
1434 3194 1489 3256 sub

118 3289 262 3370 sphaera
291 3287 416 3348 lixarum
436 3287 604 3373 ‘stellarum
636 3288 790 3350 immotum
816 3287 995 3368 quievisset3
1029 3306 1095 3348 cum
1128 3296 1229 3348 tamen
1263 3288 1344 3365 (cap.
1374 3280 1427 3347 30.
1460 3283 1490 3344 in

118 3378 199 3449 ine)
226 3371 269 3437 63
294 3375 380 3437 annis
404 3394 570 3455 perunum
593 3378 718 3457 gradmn
742 3386 855 3455 motum
880 3377 972 3438 fuisse
998 3377 1053 3456 ipsi
1079 3377 1231 3450 videatnr;
1260 3375 1347 3436 addit
1370 3381 1489 3434 autem:

118 3465 149 3530 si
174 3464 268 3526 modo
292 3464 433 3545 aequalis
452 3463 552 3527 fuerit.
598 3465 819 3528 Rbeinholdnm
844 3467 872 3527 in
893 3467 998 3528 iisdem
1014 3465 1242 3527 difficultatibus
1264 3462 1400 3526 haesisse
1425 3462 1491 3524 cal-

118 3554 214 3621 :ulus
248 3553 477 3616 Prutenicarum
509 3553 677 3617 tabularum
707 3556 822 3636 prodit,
861 3575 918 3635 quo
951 3555 1101 3636 arguitur,
1139 3553 1361 3616 Rbeinholdnm
1395 3552 1492 3613 locum

118 3641 259 3722 apogaei
282 3642 369 3722 hujus
394 3643 432 3705 ad
462 3650 579 3722 tempus
612 3643 684 3706 illud
707 3644 899 3723 Philadelphi
929 3644 1110 3706 assumsisse
1134 3642 1261 3704 eundem
1284 3641 1403 3720 quidem
1426 3658 1493 3701 cnm

118 3728 312 3808 Cupernico,
338 3731 398 3794 vid.
427 3725 509 3796 1830
530 3728 585 3794 200
609 3753 628 3793 a
651 3734 748 3813 prima
771 3734 862 3795 stella
886 3732 935 3807 Ὦ
966 3741 999 3794 at
1024 3733 1061 3793 ad
1085 3730 1253 3794 Ptolemaei
1277 3738 1395 3808 tempus
1418 3727 1492 3790 illud

117 3820 279 3889 inlocum
304 3819 392 3901 louge
417 3820 546 3882 alienum
571 3842 590 3882 a
612 3822 785 3884 manifestis
799 3821 968 3890 Ptolemaei
993 3820 1254 3883 observationibus
1277 3827 1309 3879 et
1333 3816 1492 3896 Copernici

118 3909 360 3980 resumtionibus
393 3909 487 3973 cadit.
545 3910 590 3971 lbi
620 3910 697 3971 enim
731 3913 813 3973 locus
845 3912 911 3990 ejus
939 3918 1131 3990 computatur
1159 3928 1216 3969 non
1249 3903 1332 3971 1830
1355 3905 1408 3969 200
1437 3924 1493 3966 neo

130 3990 195 4059 100
215 4008 275 4073 ἑ,
300 3998 355 4059 sed
382 3993 464 4061 1880
486 3994 540 4061 500
564 4000 618 4061 snb
643 4000 714 4061 orbe
744 4001 883 4074 stellato,
909 4008 940 4060 et
967 3996 1026 4062 150
1049 3997 1103 4063 300
1128 4009 1189 4072 ss,
1221 3997 1346 4077 ideoque
1379 3994 1493 4057 numeri

124 4079 180 4152 illi
199 4088 253 4147 mei
278 4087 317 4148 ad
340 4084 508 4151 Ptolemaei
533 4088 651 4169 quidem
675 4090 808 4152 seculum
833 4089 1049 4151 accommodati
1075 4086 1200 4163 sunt,*)
1235 4107 1291 4148 non
1318 4093 1435 4159 autem,
1459 4092 1493 4145 ut

123 4176 222 4237 ceteri
243 4195 298 4256 per
317 4176 417 4238 omnia
440 4177 555 4239 calculo
579 4177 749 4241 tabularum
772 4177 1010 4253 Prutenicarnm,
1035 4180 1089 4239 sed
1108 4175 1275 4239 Ptolemaei
1300 4173 1490 4237 observatio-

122 4252 215 4327 ffl'bus
243 4264 437 4340 conveniunt,
471 4285 524 4328 eas
556 4267 634 4328 enim
659 4266 843 4348 Copernicus
872 4287 987 4349 quoque
1016 4277 1047 4329 et
1076 4267 1198 4329 retinuit
1227 4273 1258 4328 et
1287 4272 1408 4327 secutus
1432 4269 1491 4336 est,

121 4346 221 4424 attrue
250 4354 372 4416 eosdem
405 4354 473 4417 inde
500 4374 640 4417 numeros
672 4357 822 4435 produxit.
870 4358 922 4419 Ad
950 4364 1084 4419 nostram
1115 4365 1214 4419 autem
1243 4354 1307 4416 sive
1333 4351 1491 4432 Copernici

119 4440 261 4504 ”taam
298 4462 437 4506 numeros
471 4445 561 4506 bosce
595 4455 771 4523 computare
810 4465 868 4507 non
903 4445 997 4521 volui,
1033 4453 1196 4525 propterea
1228 4444 1306 4525 quod
1336 4443 1355 4502 ii
1402 4442 1490 4519 longe
1526 4516 1529 4523 .

118 4512 174 4581 ¹¹55
207 4531 323 4602 tierent,
355 4540 479 4613 propter
502 4533 758 4596 eccentrioitatem
782 4534 864 4595 orbis
880 4534 989 4614 ,magni
1019 4536 1214 4609 diminutam
1246 4541 1278 4595 et
1308 4529 1388 4611 qnod
1411 4529 1490 4609 apud

160 4622 326 4691 pemicum
360 4621 450 4683 nullis
481 4622 698 4685 recentioribus
731 4624 993 4686 observationibus
1031 4624 1207 4703 investigati
1240 4631 1272 4686 et
1305 4618 1491 4696 comprobati

118 4727 448 4762 χὴ...-

211 4809 234 4876 ⁸)
251 4815 284 4865 Hi
302 4817 398 4873 numeri
416 4818 517 4871 suntin
536 4817 623 4867 tabula
641 4816 672 4867 V.
692 4815 738 4881 (2³
758 4825 784 4867 st
799 4788 848 4878 Ι14)
867 4832 930 4885 quae
950 4826 988 4870 est
1006 4817 1068 4884 (lap.
1088 4817 1142 4869 XV.
1163 4818 1196 4868 ad
1215 4813 1243 4880 Q.
1313 4815 1347 4866 tt.
