3278 5542
558 294 658 346 Literna
676 295 779 359 Kepleri
799 256 949 359 aliorumque
968 305 1069 347 mamae

635 453 670 504 Ut
687 456 720 504 sit
739 457 760 504 Δ
780 469 920 521 apogaeum
939 454 1057 520 epicycli,
1086 454 1262 523 ospopuuu
1282 455 1401 512 aconti,
1415 454 1474 511 Μ
1510 475 1513 482 ·

564 533 658 587 puncta
683 526 836 584 reflexionis,
864 527 963 591 quaudo
990 533 1101 576 centrum
1128 524 1234 590 epicyeli
1258 528 1286 576 in
1313 524 1385 575 uodo.
1420 524 1475 575 Tune

564 596 610 644 ΔΙ)
640 595 740 646 vellii
767 597 856 647 eadem
879 600 934 661 ipsa
959 597 1026 647 linea
1051 598 1156 662 apogael
1184 595 1291 662 epicyell
1319 597 1400 647 unitur
1414 594 1474 660 eclip-

564 667 643 722 ticae.
668 675 693 717 et
720 671 755 717 sic
783 666 805 717 B
831 668 860 717 tit
888 668 928 725 K,
954 675 980 717 et
1004 666 1023 717 C
1050 667 1079 717 fit
1103 667 1142 729 T,
1170 670 1231 733 quia
1257 664 1311 717 ab
1335 667 1476 733 perpendicu—

563 736 649 788 lariter
672 737 735 788 ads
755 739 891 788 descendit.
930 738 971 789 Sic
990 737 1044 799 Qu
1062 741 1088 788 in
1106 741 1153 789 isto
1170 739 1227 788 loco
1245 745 1286 789 est
1304 740 1407 803 apogaei
1425 738 1477 789 linea

564 810 782 873 perpendicularis.
802 808 826 857 V
838 825 894 859 vero
913 817 952 860 est
969 823 1107 875 apogaeum
1124 809 1230 875 epicycli
1242 809 1354 875 wigere,
1373 816 1399 859 et
1414 807 1434 870 Q
1451 822 1476 859 ert

566 894 719 945 apogaeum,
750 895 765 930 a
790 897 837 946 quo
866 878 1024 947 distantia}
1048 896 1091 945 pro
1109 880 1243 932 latitudine
1267 878 1414 946 inquirenda
1429 883 1477 929 surui

566 951 647 1001 debet.
685 951 755 1001 Data
777 953 853 1017 igitur
878 947 1037 1011 dismutiai}
1061 952 1093 1002 ab
1118 964 1232 1017 apogaeo
1253 951 1364 1016 vulgari.
1390 950 1478 1001 addatur

564 1022 598 1072 illi
618 1023 752 1073 distantiae
771 1026 848 1074 centri
868 1023 970 1087 epicycli
990 1023 1022 1073 ab
1039 1037 1151 1088 apogaeo
1167 1023 1305 1073 ecemtrici
1324 1022 1477 1077 amantiae

563 1094 640 1144 habes
659 1101 738 1144 totam
757 1089 777 1152 d
798 1095 942 1145 distantiam
961 1094 993 1144 ab
1012 1108 1124 1159 apogaeo
1143 1092 1248 1158 epicycli
1264 1090 1387 1158 parallelo
1410 1092 1476 1143 latitu-

564 1166 656 1215 dinum.
694 1165 811 1215 Circellus
834 1180 923 1230 parvus
947 1163 1013 1227 (EF)
1041 1179 1116 1230 prope
1133 1163 1236 1214 Terram
1260 1166 1342 1215 ricem
1364 1165 1477 1214 eccenmd

563 1240 627 1303 gerit
654 1235 848 1300 quodammodo,
875 1237 895 1286 si
920 1237 1029 1301 superior
1054 1249 1111 1299 pars
1129 1234 1151 1284 lt
1169 1237 1223 1298 ejus
1241 1234 1365 1292 declinet,
1397 1235 1478 1285 inieris

563 1323 620 1371 pars
639 1309 658 1357 F
677 1309 747 1358 uuita
765 1309 798 1356 sit
824 1307 905 1357 linem
933 1307 967 1356 ad
992 1306 1132 1370 eclipticam
1157 1306 1303 1370 productae.
1340 1304 1368 1356 Si
1385 1312 1477 1356 emma

564 1381 695 1431 eccentrici
713 1382 738 1428 iu
752 1379 772 1428 E
785 1381 902 1443 superiori
912 1386 991 1442 parte.
1011 1385 1071 1428 tuuc
1089 1378 1157 1427 linea
1174 1391 1191 1425 a
1202 1376 1282 1427 Terra
1299 1392 1345 1442 per
1359 1377 1419 1427 iliud
1434 1391 1477 1426 een

562 1461 625 1500 trum
644 1451 776 1501 eccentriei
796 1451 888 1500 educta
906 1449 1016 1499 ostendit
1034 1448 1225 1499 declinationem
1244 1450 1278 1498 ab
1297 1449 1420 1512 ecliptica.

211 1521 239 1570 Iu
259 1520 357 1572 Venere
376 1530 443 1585 puto,
463 1537 538 1573 unam
557 1522 712 1573 latitudinem
731 1530 828 1571 tantum
848 1537 916 1579 esse;
935 1520 1092 1570 reflexionem
1110 1518 1226 1569 deaucet
1243 1521 1386 1575 accentalei.
1403 1518 1479 1568 nullan

137 1608 193 1643 vero
214 1593 403 1642 declinationem
424 1591 472 1654 (il,
493 1609 548 1643 curn
568 1595 631 1644 adeo
649 1608 727 1657 parra
748 1628 752 1639 .
774 1629 780 1641 .
802 1629 807 1640 .
829 1629 834 1640 .
857 1590 892 1654 (l)
913 1627 919 1640 .
940 1627 946 1640 .
967 1626 973 1638 .
993 1600 1062 1655 quae
1082 1592 1144 1640 torte
1162 1591 1222 1640 driu
1241 1590 1418 1640 obsecrationis
1434 1589 1479 1639 ru

135 1666 257 1714 lemaicae
276 1665 314 1713 ita
331 1665 446 1714 ordinata
465 1667 519 1714 luit.

206 1735 298 1785 ludica
315 1743 343 1784 tn
362 1736 393 1786 de
411 1736 459 1785 hac
477 1738 656 1800 speculatione.
674 1738 714 1799 qui
735 1735 946 1784 observationibus
959 1731 1125 1795 Tychoniauis
1142 1731 1209 1781 haud
1222 1731 1298 1783 dubie
1313 1734 1479 1783 immaturos

211 1806 352 1871 Diligenter
371 1822 466 1871 quoque
486 1823 514 1857 ex
534 1808 701 1872 parallaxibus
720 1808 757 1856 rel
778 1806 970 1855 evariationibus
984 1799 1213 1868 (evagationibm‘l)
1233 1804 1300 1853 risus
1319 1803 1480 1853 attendendum

138 1878 221 1940 judico
241 1876 272 1926 do
290 1874 407 1927 Mercurii
427 1879 512 1927 visuali
531 1881 681 1944 quantitate,
701 1893 733 1927 an
752 1874 768 1924 4
787 1878 864 1940 signis
885 1877 915 1926 ab
935 1887 1046 1940 apogaeo
1065 1881 1173 1923 remotus
1191 1889 1280 1924 revera
1298 1876 1381 1940 magis
1392 1875 1424 1924 ad
1435 1874 1480 1923 ’ler-

139 1963 192 1997 ram
212 1949 398 2013 appropinquet,
418 1965 490 2014 quam
510 1950 534 1998 in
554 1952 679 2015 perigaeo.
699 1949 737 1998 rel
756 1962 789 1997 au
807 1948 867 1997 illud
885 1948 931 1996 flat
948 1960 992 2010 per
1003 1951 1097 1994 motum
1114 1945 1228 1994 diametri
1239 1948 1314 2008 juxta
1326 1944 1481 2010 Goperuicum.

138 2019 176 2069 rel
195 2019 300 2082 epicycli
318 2023 516 2083 majorationem,
535 2029 563 2070 ut
580 2024 616 2070 sic
634 2019 731 2070 dicam?

162 2123 207 2169 Fir·
236 2123 256 2158 ⁵·
389 2109 589 2188 Keplerus:
623 2109 680 2169 Hic
704 2127 751 2169 me
767 2125 858 2166 vocas
881 2106 909 2165 iu
936 2106 1122 2187 labyrinthos
1137 2115 1206 2167 tuos
1230 2106 1267 2166 de
1292 2106 1440 2167 Mercurio
1458 2117 1481 2166 et

228 2239 241 2279 ὁ
300 2197 430 2258 Venere.
463 2198 531 2260 Non
558 2198 640 2260 lubet
664 2196 763 2276 sequi:
797 2195 875 2255 citra
898 2195 1045 2257 rationem
1078 2194 1218 2275 fatigaris
1251 2196 1397 2256 assumtis
1421 2195 1480 2255 Pto

301 2286 406 2347 lemaei
430 2286 563 2366 placitis,
588 2306 664 2367 quae
696 2295 760 2347 tam
783 2285 879 2345 multa
909 2283 1276 2363 falsadeprebenduntnr.
1325 2283 1403 2346 Mihi
1428 2284 1479 2343 sui-

200 2412 218 2449 „
300 2374 363 2434 ficit
386 2375 462 2436 scire
487 2375 544 2437 hoc
568 2375 605 2436 de
629 2376 749 2436 Venere
774 2380 805 2433 et
829 2373 978 2434 Mercurio
1002 2392 1041 2434 ex
1063 2371 1343 2440 observationibus,
1369 2372 1480 2434 inclina-

195 2462 198 2471 ’
300 2463 398 2524 tiones
412 2465 568 2543 planorum
589 2467 680 2544 (quae
697 2471 767 2524 sunt
782 2462 958 2523 Ptolemaeo
974 2460 1115 2543 epicycli)
1140 2461 1179 2523 ad
1196 2461 1320 2541 planum
1338 2461 1480 2541 eclipticas

185 2535 256 2635 ’Ἴ
303 2571 371 2612 esse
396 2562 585 2626 constantes,
612 2561 643 2613 et
667 2552 776 2612 variari
802 2570 891 2630 posse
908 2551 1098 2612 latitudinem
1122 2570 1174 2611 ssu
1188 2550 1414 2611 inclinationem
1428 2568 1476 2611 rna·

300 2640 421 2715 nimam,
447 2643 566 2721 quando
590 2643 736 2718 contingit
759 2641 788 2701 in
813 2637 897 2715 όΘ
923 2661 942 2700 u
967 2640 978 2700 1
998 2635 1011 2670 ⁰
1032 2639 1062 2700 iu
1089 2634 1157 2701 10ο
1179 2638 1227 2700 vel
1253 2636 1332 2713 11⁰,
1357 2639 1480 2701 uirides

217 2740 228 2783 i
302 2729 330 2789 in
356 2730 475 2807 adjecto
499 2731 665 2792 schemate.
711 2729 781 2791 Erit
805 2728 915 2803 969
941 2748 1032 2808 supra
1058 2725 1134 2802 11⁰,
1164 2728 1245 2789 infra
1271 2724 1315 2789 1⁰
1335 2747 1363 2790 c.
1388 2746 1413 2789 c.

242 2805 256 2832 ⁸
389 2821 534 2880 Fortasse
563 2820 660 2881 minus
689 2820 758 2898 quid
787 2817 961 2893 dicendum,
995 2827 1028 2878 ut
1057 2817 1184 2878 alterum
1213 2816 1340 2879 alterius
1369 2818 1411 2878 sit
1437 2834 1478 2876 nou

301 2908 512 2986 undecuplum,
546 2911 598 2970 sed
625 2908 790 2987 octuplum,
825 2917 877 2967 aut
903 2909 979 2968 l'orte
1008 2905 1215 2967 tantummodo
1239 2906 1424 2986 sextuplum,
1452 2906 1478 2964 de

300 3015 358 3075 quo
381 3015 438 3057 non
462 3017 571 3077 pugno.
620 2995 743 3058 Oircelli
766 2995 913 3056 libratorii
938 2997 1015 3056 ultro
1032 2996 1152 3067 cadunt,
1178 2994 1299 3056 bisecta
1313 2993 1476 3057 ecceutrici·

299 3094 364 3145 tate
380 3085 501 3146 Terrae.
539 3086 587 3147 Ex
602 3086 745 3167 epicyclis
759 3085 832 3145 fient
850 3083 1021 3158 eccentrici,
1044 3083 1171 3163 quilibet
1185 3102 1251 3144 cum
1261 3078 1322 3146 xsuu
1337 3092 1477 3164 aequante.

301 3173 430 3234 Tentavi
455 3183 525 3235 aute
550 3194 643 3235 anuos
668 3173 688 3234 6
711 3175 758 3235 vel
784 3172 819 3247 ῖς
852 3173 956 3235 videor
978 3170 1165 3246 meminisse,
1190 3189 1248 3233 uon
1272 3190 1366 3252 posse
1388 3173 1475 3234 Ptole

237 3271 251 3318 ὸ
302 3261 379 3322 maci
404 3262 517 3339 placita
541 3263 710 3324 transfundi
734 3264 763 3323 in
786 3261 1022 3341 Goperuicanam
1048 3263 1173 3323 sormam
1196 3260 1275 3322 citra
1298 3262 1476 3324 mutationem

138 3371 323 3429 percurratur
347 3368 463 3423 eorum,
496 3370 572 3430 quae
606 3371 643 3412 ex
670 3351 863 3413 l’tolemaicis
897 3358 1070 3431 sequuntur.
1117 3349 1328 3430 Triangulatio
1356 3346 1476 3413 Mercurii

138 3449 281 3519 suspecta
304 3447 362 3508 cst,
387 3440 471 3518 quia,
496 3448 638 3520 quantum
663 3440 693 3500 id
717 3440 816 3501 estin
841 3439 1066 3512 observatione,
1092 3439 1171 3517 quod
1193 3437 1373 3502 Ptolemaeo
1397 3438 1476 3505 rriu-

138 3528 321 3608 eulationem
344 3529 512 3608 persuasit,
542 3529 573 3590 id
597 3536 709 3603 totum,
734 3547 828 3608 eoque
852 3529 950 3608 majus
984 3526 1096 3607 aliquid
1126 3527 1348 3589 observationis
1372 3525 1475 3589 incerti-

138 3618 233 3680 tudini
258 3617 348 3679 tribui
371 3627 484 3698 potest.
531 3618 572 3679 Et
596 3626 696 3679 tamen
721 3617 747 3678 si
772 3637 808 3677 ex
833 3617 967 3697 epicyclo
992 3617 1026 3677 fit
1050 3615 1250 3691 eccentricus,
1283 3616 1477 3679 eccentricitas

139 3708 192 3769 fiet
214 3725 341 3786 magna,
366 3708 497 3769 ovalitas
521 3707 662 3786 insignis,
688 3707 861 3768 occasiones
886 3706 1012 3779 multae,
1038 3723 1114 3784 quae
1139 3705 1315 3768 Ptolemaeo
1335 3707 1374 3768 ad
1398 3706 1476 3768 trian-

137 3797 319 3876 gulatioucm
343 3796 462 3874 praeire
488 3805 659 3876 potueruut.
708 3794 827 3856 Addam
859 3803 890 3854 et
917 3794 960 3869 id,
995 3793 1032 3854 de
1062 3811 1119 3873 quo
1149 3792 1241 3855 toties
1271 3795 1411 3875 quaeris,
1440 3809 1479 3854 cur

138 3883 226 3945 bodie
256 3893 382 3944 cunctae
412 3885 619 3966 elongationes
653 3883 800 3944 maximae
831 3901 887 3944 non
924 3890 1055 3962 aequent
1082 3882 1233 3965 antiquas.
1281 3883 1351 3945 Non
1381 3879 1479 3962 dispexi

139 3971 210 4050 quid
235 3972 330 4032 dicas.
378 3972 440 4035 Sed
464 3975 616 4035 inventum
649 3992 773 4047 moneo,
807 3981 842 4033 ut
873 3991 973 4033 sumes
1010 3970 1219 4051 elongationes
1253 3989 1273 4032 a
1300 3972 1400 4034 medio
1429 3973 1480 4033 loco

139 4060 232 4133 Solis,
257 4078 313 4119 nou
339 4081 357 4119 a
381 4080 465 4133 vero,
492 4070 652 4139 ceteraque
676 4063 741 4123 Tua
766 4063 878 4122 frustra
901 4080 968 4122 cunr
990 4059 1185 4122 Ptolemaicis
1209 4061 1417 4141 comparabis,
1446 4057 1480 4119 siu

139 4167 176 4208 cx
201 4148 369 4208 observatis
394 4150 467 4210 Tuis
493 4151 639 4229 loquaris:
665 4151 705 4210 nil
729 4150 844 4223 mirum,
870 4149 895 4210 si
920 4151 1091 4228 discrepent
1115 4169 1133 4209 a
1155 4149 1277 4228 placitis
1293 4145 1481 4212 Ptolemaida.

141 4236 217 4297 Puto
241 4236 303 4297 lieri
329 4254 385 4297 non
409 4255 515 4317 posse,
540 4245 572 4298 ut
595 4237 676 4298 intra
700 4248 781 4299 tuam
806 4247 940 4300 aetatem
955 4237 1067 4299 cadant
1089 4237 1259 4316 hujusmodi
1275 4238 1482 4320 elongatione,

138 4344 197 4387 una
221 4323 382 4396 matutina,
414 4327 512 4388 altera
535 4327 722 4405 vespertina,
757 4328 805 4388 ubi
831 4326 997 4389 Mercurius
1031 4324 1120 4388 simul
1143 4327 1250 4388 eodem
1279 4327 1324 4390 sit
1354 4328 1420 4391 loco
1446 4322 1484 4387 aul

138 4413 279 4564 lepicycli,
304 4414 451 4495 simulque
476 4416 567 4477 cadat
586 4417 614 4477 in
639 4416 861 4496 elongationem
884 4415 1059 4491 maximam,
1089 4424 1123 4478 ut
1145 4415 1266 4495 quidem
1290 4415 1485 4479 sumsiePu

149 4522 281 4565 emaeue.

207 4591 385 4641 Fabricius:
406 4589 537 4651 Narratur,
555 4592 691 4642 Dracunr
709 4593 735 4641 in
754 4592 892 4641 elevatione
905 4592 954 4656 poll
967 4588 1019 4639 41ο
1038 4597 1147 4656 tempore
1166 4592 1260 4642 aestivo
1278 4606 1403 4659 magnum
1420 4594 1488 4659 frigus

136 4661 268 4719 invenisse,
287 4677 335 4712 noc
353 4669 452 4727 propter
465 4663 571 4728 glaciem
588 4665 614 4712 in
632 4662 710 4713 litoris
729 4663 836 4712 Peruani
859 4665 914 4712 sinu
942 4664 1049 4730 quodam
1067 4664 1195 4714 maantam
1212 4662 1318 4714 ulterius
1335 4666 1437 4731 migrari
1453 4678 1488 4729 po·

137 4732 222 4783 tuisse.
260 4731 332 4793 Quae
350 4748 428 4784 cansa
445 4734 518 4798 hujus
536 4733 628 4784 insoliti
646 4733 761 4800 frigoris?

228 4803 434 4885 Keplerus:
467 4805 514 4867 De
542 4806 654 4886 frigore
683 4807 714 4868 in
746 4805 884 4869 litoribus
908 4803 1053 4877 Quivirae
1076 4814 1150 4885 puto
1172 4822 1220 4869 me
1244 4804 1408 4889 scripsisse
1438 4806 1491 4889 jan
