3278 5542
668 330 830 385 ememus.
1364 329 1432 401 tte

116 500 131 539 s
153 490 233 539 efiam
251 496 291 540 est
308 491 515 540 franciscus
534 492 721 552 Patricius,
747 494 788 557 qui
807 495 860 557 eius
878 493 1029 543 mentionem
1047 493 1071 542 ln
1091 493 1186 543 emdlto
1214 493 1276 544 alias
1304 495 1344 546 De
1368 510 1434 547 nova

116 558 230 624 lcsophia
246 563 370 612 volumine
389 559 473 624 (Nova
491 563 522 613 de
540 561 666 613 Universis
683 563 850 628 Philosophia,
868 565 936 614 libris
949 565 978 613 L.
999 562 1187 628 comprehensa)
1206 567 1276 623 iacit,
1294 568 1315 616 is
1334 568 1433 632 quidem

118 644 170 682 am
189 646 243 682 esse
262 649 383 698 expressex
394 636 496 692 asserit,
521 635 640 684 sedeam
663 636 701 684 ita
727 638 845 699 pervertit
875 644 901 685 et
919 650 962 699 per
980 637 1146 701 ignorantiam
1164 637 1230 686 male
1258 639 1432 690 accommodat

116 709 202 753 ιοιιιι
218 719 277 754 mes
293 707 369 769 ipsius
387 706 513 769 postulata
531 713 557 755 et
575 714 687 756 assumta
700 721 757 758 eam
769 709 914 772 coinquinat
932 713 958 756 et
974 710 1120 769 insectatur,
1141 715 1169 757 ut
1186 708 1293 771 plurima
1310 710 1384 760 isthic
1402 725 1433 760 ex

116 788 143 823 as
160 775 283 826 mladoue
302 778 416 841 apposita
432 793 476 841 pro
493 779 555 827 meis
573 793 623 827 non
643 793 786 843 agnoscam,
805 780 870 842 quod
889 780 966 828 etiam
983 779 1080 842 publice
1098 780 1262 843 protestator.

136 843 190 896 Sed
208 848 240 896 de
258 847 387 912 hypothesi
404 849 452 898 hac
471 849 510 898 vel
528 849 639 898 alienon
653 850 757 899 multum
770 850 958 906 altercabimur;
978 852 1090 914 quaestio
1110 857 1155 907 est,
1175 853 1228 915 quis
1241 864 1298 901 eam
1309 853 1432 902 rationem

116 918 177 967 utre
195 921 282 982 possit,
311 927 364 969 tam
381 921 406 968 in
425 921 606 984 quantitatibus
626 928 652 970 et
669 922 818 971 motionibus
838 924 960 972 coutinuis
978 936 1052 984 quam
1071 921 1191 979 discretis,
1211 928 1240 971 ut
1257 921 1432 985 phaenomena

116 988 189 1038 hetia
205 1004 251 1052 per
268 992 352 1040 omnia
370 991 508 1041 salsentur.
542 992 613 1050 ,Hoc
632 1007 700 1055 opus,
720 993 760 1041 hic
779 993 848 1043 labor
866 1001 913 1053 est,
934 998 959 1042 et
977 996 1012 1042 sic
1031 1000 1172 1056 spectemur
1190 993 1313 1059 agendo.“

135 1058 222 1120 Porro,
244 1063 363 1126 siquidem
383 1064 415 1111 ab
432 1053 502 1113 initio
520 1065 631 1118 innuisti,
651 1072 675 1112 te
695 1079 711 1112 a
723 1063 858 1113 Maestliao
870 1067 974 1128 primum
990 1066 1033 1113 tibi
1053 1079 1070 1114 a
1087 1080 1128 1114 me
1146 1066 1277 1128 inscriptas
1296 1066 1431 1128 accepisse,
1515 1110 1523 1121 ,

124 1132 212 1185 etism.
228 1148 294 1197 quas
314 1135 347 1183 ad
364 1134 432 1183 illum
452 1135 577 1190 dederam,
596 1142 680 1184 tecum
699 1137 896 1192 communicavit,
914 1136 1002 1196 miror,
1031 1138 1110 1198 ipsum
1129 1137 1241 1185 aucillis
1266 1150 1346 1201 neque
1366 1137 1429 1196 aliis,

116 1205 227 1268 uprius,
255 1206 303 1254 imo
323 1212 382 1255 aute
406 1206 499 1271 aliquot
524 1221 609 1271 anuos,
625 1208 754 1263 miseram,
779 1209 904 1271 quippiam
927 1213 998 1257 tauto
1021 1214 1132 1272 tempore
1150 1207 1297 1271 respondere
1316 1208 1429 1256 voluisse.

121 1272 172 1323 lsoc
191 1277 224 1324 sit
243 1278 286 1325 viri
304 1278 405 1342 ingenui
424 1286 450 1327 et
472 1277 656 1327 mathematicis
679 1278 812 1342 disciplinis
835 1280 937 1329 solerter
960 1280 1062 1334 imbuti,
1088 1286 1143 1328 tute
1166 1280 1281 1328 aestima
1317 1277 1375 1328 Non
1393 1286 1432 1327 est

116 1346 208 1395 smihi
227 1349 316 1404 moris,
335 1350 433 1413 ignotos
452 1349 528 1398 literis
546 1351 703 1413 praevenire.
723 1351 767 1399 sed
786 1351 944 1413 utplurimum
964 1350 995 1399 ab
1014 1351 1061 1398 illis
1080 1351 1218 1413 praeveniri
1237 1351 1320 1411 soleo,
1340 1349 1431 1399 nedum

116 1414 145 1467 sd
162 1433 235 1467 meas
253 1426 325 1468 tanto
343 1425 481 1483 temporum
499 1428 581 1471 tractu
594 1424 777 1484 responsionem
789 1421 883 1471 nullam
896 1423 1021 1485 recipiam.
1051 1420 1102 1471 Sed
1119 1424 1145 1471 in
1164 1429 1289 1485 posterum
1308 1422 1339 1478 ei,
1358 1435 1431 1485 quem

116 1488 160 1539 isui
180 1504 278 1553 semper
296 1491 360 1548 ieci,
385 1492 423 1540 uti
446 1492 538 1556 scripta
556 1507 614 1543 mea
632 1495 657 1541 in
675 1493 800 1556 pubiicum
820 1495 889 1543 edita
907 1494 992 1543 testari
1010 1499 1142 1557 poterunt,
1167 1494 1229 1543 meis
1252 1494 1371 1558 ingratis,
1393 1493 1431 1542 uti

116 1572 149 1618 c,
168 1560 248 1611 literis
266 1577 315 1611 uon
335 1577 376 1612 ero
394 1564 519 1613 molestus.

132 1629 243 1682 Placent
260 1635 320 1692 tibi,
345 1649 410 1701 quae
436 1634 469 1684 ad
493 1635 560 1683 illum
579 1641 605 1684 et
630 1642 655 1684 te
674 1635 705 1685 de
724 1651 750 1685 re
769 1636 936 1688 astronomica
953 1636 1047 1699 scripsi.
1084 1636 1161 1699 Atqui
1180 1649 1211 1685 ea
1229 1649 1257 1684 se
1275 1636 1311 1683 sic
1330 1635 1428 1685 omnino

116 1715 172 1771 m.
200 1712 266 1754 certo
286 1705 439 1768 exploratum
457 1706 554 1763 habeo,
580 1707 706 1772 multoque
729 1708 802 1770 plura
819 1714 845 1757 et
862 1708 900 1756 bis
917 1709 1014 1769 majora
1032 1705 1114 1756 adhuc
1132 1708 1247 1756 abstrusa
1270 1720 1339 1764 esse,
1365 1720 1430 1770 quae

116 1788 251 1825 tonsorum
276 1785 329 1825 tam
362 1784 473 1827 veterum
500 1792 573 1842 quam
597 1781 760 1828 recentiorum
784 1781 938 1843 diligentiam
957 1778 1089 1828 eluserunt.
1135 1777 1246 1834 Suades,
1272 1779 1321 1826 imo
1346 1778 1430 1826 multis

116 1847 213 1898 suibus.
232 1863 293 1912 quas
312 1864 358 1913 ego
377 1864 427 1898 non
447 1850 564 1913 improbo,
583 1850 732 1913 persuadere
752 1853 857 1906 conaris,
876 1857 904 1899 ut
916 1851 1182 1900 observationesmeas
1201 1849 1322 1899 coelestes
1339 1847 1431 1912 publici

116 1931 123 1965 s
143 1917 255 1973 faciam,
275 1921 339 1983 quod
358 1920 455 1984 quidem
474 1936 518 1969 suo
537 1929 646 1985 tempore
664 1929 792 1985 praestare
810 1937 860 1971 nou
880 1922 1037 1977 detrectaho,
1057 1936 1112 1970 curn
1131 1919 1185 1977 his,
1203 1933 1268 1985 quae
1287 1927 1316 1968 tu
1334 1919 1431 1969 affatim

116 1989 177 2049 ucis,
198 1998 250 2039 tum
269 1992 323 2040 aliis
342 1992 372 2041 de
392 1993 482 2042 causis.
515 1991 607 2042 Verum
625 2000 678 2041 tarn
697 1995 746 2043 cito
766 1995 791 2043 id
810 1993 915 2052 efficere,
936 2000 1071 2057 antequam
1088 1992 1205 2056 pleraque
1224 2006 1255 2041 ex
1272 1993 1311 2047 iis,
1330 2004 1431 2056 quasa

121 2061 149 2109 in
169 2064 341 2112 astronomicis
360 2064 502 2113 instaurata
519 2072 578 2125 egunt
596 2071 670 2128 atque
688 2066 858 2115 selectioribus
878 2080 907 2114 ex
925 2065 1011 2113 iisdem
1030 2064 1239 2112 observationibus
1258 2062 1376 2116 uncam.
1404 2064 1430 2111 in

116 2148 145 2181 un
162 2133 310 2197 prodierint,
328 2149 378 2182 nou
398 2136 537 2186 consultum
556 2136 634 2192 duco;
653 2150 712 2185 uam
724 2144 823 2199 praeter
836 2137 887 2185 alia
904 2136 951 2185 hoc
970 2137 1057 2199 ipsum,
1076 2135 1140 2199 quod
1159 2139 1187 2182 tu
1205 2135 1236 2184 de
1254 2133 1430 2196 hypothesibus

116 2217 126 2252 s
142 2207 282 2268 praereptis
302 2216 327 2254 ot
346 2206 377 2256 de
397 2206 513 2270 Cypriani
532 2204 661 2268 (Leontii)
681 2207 892 2271 Ephemeridibus,
912 2209 967 2257 aliis
985 2206 1066 2271 quoad
1084 2213 1180 2270 partem
1199 2206 1322 2255 attributis
1341 2211 1368 2254 et
1385 2205 1428 2254 de·

116 2277 184 2332 ratis,
204 2277 287 2335 refers,
308 2284 385 2326 terret
402 2286 477 2342 atque
496 2279 632 2328 dissuadet.
661 2279 809 2329 Obtiuebitis
832 2286 918 2329 taureu
941 2279 1073 2342 aliquando
1093 2278 1192 2327 favente
1211 2277 1312 2327 coelesti
1330 2277 1430 2325 numine

129 2361 196 2412 quse
217 2362 233 2395 a
252 2363 291 2397 me
309 2349 418 2411 plurimis
438 2352 509 2400 aunis
527 2351 553 2398 in
572 2351 718 2399 coelestibus
738 2351 858 2401 denotata
876 2358 948 2407 sont,
967 2365 1017 2399 non
1035 2349 1133 2413 quidem
1151 2357 1205 2398 tam
1222 2361 1314 2398 manca
1333 2354 1358 2396 et
1375 2361 1429 2395 mu·

117 2452 126 2475 ,
145 2433 179 2468 ne
200 2419 281 2469 dicam
299 2422 411 2476 incerta,
431 2429 504 2484 prout
521 2436 553 2471 ea
571 2427 640 2477 sunt.
670 2437 733 2486 quae
751 2423 863 2486 pauculis
882 2423 973 2472 chartis
991 2421 1120 2471 mandavit
1137 2420 1270 2470 Weruerus
1294 2419 1333 2468 vel
1350 2420 1432 2482 potius

116 2524 121 2538 .
140 2486 285 2540 Schbuerus
304 2488 374 2552 (nam
393 2492 505 2542 Werneri
524 2494 655 2542 observata
673 2494 742 2542 nulla
759 2495 824 2550 ridi3
844 2501 872 2543 tu
890 2495 993 2558 siquae
1011 2492 1089 2542 habes
1108 2488 1285 2552 communica),
1303 2504 1321 2539 s
1337 2489 1430 2557 Regio·

116 2566 186 2612 asne
205 2570 232 2612 et
251 2561 385 2612 Gualthero
404 2564 501 2622 relicta,
520 2564 564 2613 sed
583 2572 674 2614 exacta
691 2565 786 2629 sibique
805 2565 957 2622 coustumia,
978 2571 1053 2628 atque
1072 2566 1097 2613 iu
1117 2570 1191 2614 tauta
1208 2563 1281 2613 simul
1300 2563 1384 2625 copia,
1403 2568 1432 2609 ut

121 2646 216 2698 magno
235 2633 341 2699 quodam
358 2634 480 2685 volumine
498 2637 632 2701 constringi
652 2642 753 2700 queant.

134 2705 280 2770 Adjuugam
298 2714 398 2769 praeter
414 2707 501 2756 librum
520 2707 746 2771 Epistularum.
771 2708 802 2758 de
821 2723 868 2772 quo
887 2721 974 2771 supra,
993 2705 1186 2756 Mechanica
1203 2710 1289 2754 nostra
1307 2704 1355 2754 huc
1374 2718 1429 2767 spe·

116 2776 171 2834 sh’s,
192 2791 257 2841 quae
275 2779 448 2832 instrumenta,
466 2780 553 2842 quibus
572 2779 637 2828 ultra
657 2777 690 2827 20
709 2794 789 2828 annos
807 2794 865 2828 osus
884 2795 951 2834 sum,
973 2779 1180 2841 complectuntur,
1200 2777 1221 2825 si
1239 2775 1367 2826 commode
1385 2776 1431 2825 tibi

116 2861 150 2913 ga
169 2849 259 2898 adierri
278 2856 401 2911 poterunt.
430 2850 468 2899 Ex
486 2850 600 2914 Epistolis
620 2857 719 2914 praeter
738 2851 789 2900 alia
806 2852 872 2914 prius
885 2852 1012 2899 insinuata
1029 2850 1170 2912 perspicies,
1189 2861 1278 2897 meae
1291 2855 1344 2896 tam
1361 2847 1431 2911 parri

116 2922 191 2969 uenti
209 2927 284 2984 atque
303 2921 402 2970 inutiles
421 2923 484 2978 sint,
504 2922 579 2971 veluti
597 2937 657 2985 prae
677 2924 752 2971 animi
771 2924 917 2986 impotentia
935 2927 1084 2971 occaecatus
1102 2920 1144 2968 ille
1163 2918 1333 2975 conterruit,
1353 2924 1379 2967 et
1397 2931 1430 2967 an

116 2988 260 3040 munimus
279 2994 412 3042 memoriae
428 2992 587 3057 Landgrario
606 2993 735 3043 Wilhelmo
755 2994 879 3057 quidpiam
898 2994 1025 3059 derogent,
1044 2991 1120 3041 veluti
1138 2991 1202 3039 idem
1221 2990 1384 3053 impudenter,
1402 2995 1432 3039 ut

116 3064 191 3124 sajus
209 3078 250 3112 me
269 3065 372 3112 invisum
396 3064 525 3122 redderet,
551 3073 704 3114 commentus
727 3073 773 3115 est.
811 3065 847 3113 Er
865 3063 1019 3114 Mechauicis
1045 3064 1160 3127 colliges,
1186 3068 1280 3125 quanto
1305 3060 1430 3110 molimine

116 3136 236 3183 caeruiae
254 3135 489 3199 redintegrationem
508 3150 640 3201 aggressus
659 3139 713 3192 sim,
732 3143 873 3200 quantaque
892 3138 918 3185 in
935 3136 973 3184 his
995 3150 1054 3184 usus
1070 3133 1201 3198 diligentia
1218 3134 1366 3198 quantisque
1383 3133 1429 3180 im-

116 3204 159 3254 sis.
197 3205 312 3256 invenies
331 3209 406 3255 etiam
425 3208 516 3257 ibidem
535 3209 602 3257 circa
620 3209 778 3271 posteriorem
797 3215 892 3272 partem
912 3208 1124 3271 consignationem
1143 3220 1240 3261 eorum,
1260 3218 1324 3268 quae
1342 3203 1429 3254 hacte-

116 3276 152 3327 sin
164 3275 211 3327 hoc
231 3291 323 3341 genere
341 3279 478 3327 studiorum
491 3280 623 3335 exantlavi,
643 3293 755 3344 quaeque
773 3281 798 3328 iu
811 3286 943 3343 posterum,
965 3281 1090 3342 aspirante
1104 3277 1247 3326 coelestium
1261 3275 1355 3340 opifice,
1374 3290 1429 3338 per·

116 3349 177 3397 suda
195 3357 302 3405 restant,
322 3356 374 3398 tum
393 3365 488 3414 qnoque
507 3351 590 3399 literas
609 3350 664 3399 illas
684 3351 802 3400 laudatae
821 3352 955 3400 memoriae
968 3349 1000 3399 D.
1015 3349 1104 3401 Jacobi
1117 3348 1194 3398 Curtii
1209 3354 1235 3397 et
1247 3347 1352 3412 Magiui,
1371 3361 1434 3411 qua-

116 3427 220 3470 usntea
238 3422 388 3470 mentionem
408 3423 464 3472 ieci.
493 3421 617 3471 Misissem
629 3422 793 3472 illuminatum
814 3420 862 3482 (uti
875 3419 977 3480 vocant)
996 3422 1129 3486 exemplar.
1149 3435 1196 3484 quo
1215 3421 1334 3483 promtius
1353 3419 1436 3467 omnia

116 3503 239 3548 temeres,
258 3493 302 3541 sed
320 3507 386 3541 nunc
405 3508 454 3541 non
473 3495 589 3556 suppetit

139 3561 207 3613 Hinc
227 3564 281 3612 adit
298 3563 384 3626 Tycho
402 3563 561 3614 Prodromum
582 3565 695 3629 aliaque,
715 3579 779 3628 quae
798 3565 915 3629 leguntur
932 3577 990 3628 pag.
1011 3558 1044 3611 16
1065 3569 1091 3611 et
1109 3558 1151 3608 17.

139 3632 169 3683 ln
190 3635 375 3699 ,Postscripto“
395 3634 459 3685 haec
478 3630 561 3685 addit':
587 3635 613 3686 Si
632 3651 659 3685 se
678 3638 776 3686 occasio
791 3636 920 3684 commoda
932 3634 1056 3690 obtulerit,
1074 3647 1143 3697 rogo,
1163 3629 1363 3681 utMaestliuum
1379 3644 1435 3679 meo

116 3704 168 3755 sine
186 3721 292 3755 moneas
312 3707 343 3757 de
362 3708 492 3770 eclipsibus
512 3709 543 3757 ab
563 3708 604 3756 illo
624 3709 759 3757 observatis
788 3722 844 3756 cum
863 3708 924 3756 meis
953 3704 1107 3755 conserendis
1132 3704 1162 3752 oh
1178 3702 1371 3752 meridianorum
1389 3701 1435 3749 dii·

116 3777 200 3827 satiam
220 3779 362 3827 eruendam.
391 3778 458 3828 Dum
478 3781 543 3828 euim
562 3780 645 3843 relego
665 3779 802 3843 exemplum
821 3779 949 3828 literarum
963 3777 996 3826 ad
1009 3775 1170 3825 Maestliaum
1190 3770 1225 3838 (p.
1239 3769 1273 3821 44
1286 3768 1345 3836 sq),
1364 3772 1436 3821 rideo

125 3847 199 3898 isthic
217 3851 368 3899 mentionem
387 3850 476 3900 iecisse
495 3852 592 3914 eclipsis
611 3850 687 3910 Solis,
708 3865 771 3915 quae
791 3851 830 3899 die
851 3848 892 3897 25.
907 3849 977 3898 Febr.
998 3848 1057 3896 anni
1077 3845 1119 3896 98.
1140 3846 1257 3910 contigit,
1277 3844 1332 3900 ubi,
1352 3844 1436 3892 nescio

116 3921 240 3978 ‚incuria
260 3916 330 3985 digiti
349 3922 456 3986 ecliptici
476 3923 627 3971 denotantur
641 3919 728 3983 10¹1„
757 3922 822 3971 iorte
841 3921 905 3985 quod
924 3935 967 3983 per
986 3919 1092 3983 aliquem
1111 3933 1142 3967 ex
1159 3919 1221 3967 meis
1239 3915 1364 3971 studiosis,
1385 3915 1435 3965 cal·

116 4006 151 4041 um
162 3993 237 4041 nimis
255 3993 405 4043 festinanter
424 4000 614 4058 exsequentem,
641 3996 677 4043 sic
695 4007 824 4057 perperam
842 3994 936 4056 reperi;
956 4007 1012 4041 cum
1030 3992 1109 4039 verior
1126 3990 1190 4038 ratio
1209 4003 1239 4038 ex
1257 3988 1318 4036 meis
1337 3987 1436 4043 tabulis,

116 4070 140 4113 ut
166 4065 274 4127 ipsemet
296 4072 385 4128 postea
408 4065 546 4130 disquisivi.
571 4066 691 4129 praebeat
709 4065 799 4129 digitos
819 4062 885 4124 9¹l2.
912 4077 962 4128 qua
980 4063 1056 4111 etiam
1074 4062 1216 4127 quantitate
1236 4059 1278 4109 Sol
1296 4059 1403 4108 deficere
1422 4071 1439 4106 a

116 4134 174 4185 dam
202 4151 235 4185 ex
251 4137 313 4185 meis
332 4135 484 4202 Uranihurgi
503 4137 575 4186 isthic
595 4135 636 4198 (ut
654 4133 670 4183 4
690 4137 841 4185 residuorum
859 4137 1086 4189 instrumentorum,
1106 4147 1170 4197 quae
1188 4145 1248 4195 prae
1266 4130 1439 4196 magnitudine

117 4208 149 4257 ιιι
167 4213 221 4256 tam
241 4208 291 4256 cito
309 4208 454 4272 nequibant,
474 4222 560 4258 curam
578 4205 693 4269 haberet)
713 4209 802 4257 relicto
821 4208 931 4256 studioso
950 4205 1116 4269 deprehensus
1135 4210 1181 4260 est,
1202 4209 1228 4252 et
1245 4210 1358 4265 tempora
1376 4202 1438 4251 alias

128 4278 253 4328 armillam
273 4281 452 4343 aequatoriam,
474 4277 657 4344 tapsensum
678 4280 808 4335 diametro,
828 4294 845 4329 a
861 4279 980 4342 principio
994 4291 1071 4340 usque
1085 4276 1117 4326 ad
1130 4275 1205 4325 finem
1225 4272 1284 4335 (tuit
1303 4275 1367 4323 enim
1386 4279 1438 4321 tote

116 4351 271 4412 ictempore
289 4346 415 4411 serenum)
434 4366 506 4400 meae
525 4352 675 4401 restitutioni
695 4352 804 4413 apprime
824 4351 987 4414 congruentia
1007 4347 1109 4398 coelitus
1132 4347 1254 4396 denotata
1277 4350 1346 4403 sunt,
1373 4358 1438 4408 quae

116 4428 139 4469 ιι
158 4421 320 4482 ejuscemodi,
339 4428 368 4471 ut
385 4422 519 4486 deliquium
538 4424 659 4486 inciperet
677 4423 749 4472 isthic
768 4423 793 4472 h.
815 4419 856 4469 10.
878 4418 926 4477 10⁴,
946 4421 1020 4469 finem
1039 4420 1143 4468 haberet
1160 4417 1186 4467 h.
1209 4415 1248 4464 12.
1265 4413 1316 4472 te‘,
1335 4415 1438 4478 ideoque

116 4492 176 4542 hum
196 4494 315 4542 existeret
332 4493 357 4542 h.
378 4492 489 4542 11.12¹.
527 4494 599 4544 llaec
628 4494 661 4544 ad
679 4493 857 4547 Maestlinum,
884 4492 982 4556 quando
1006 4491 1041 4539 iili
1066 4491 1207 4553 scripseris,
1233 4488 1324 4536 referre
1348 4486 1440 4550 poteris

116 4579 196 4629 surque
215 4579 304 4629 rogare
324 4571 398 4628 atque
418 4566 535 4623 efficere,
559 4572 588 4614 ut
606 4566 638 4615 ab
657 4567 709 4628 ipso
729 4566 848 4627 eclipses,
867 4571 920 4612 tam
939 4563 1066 4622 Lunares,
1086 4575 1161 4625 quam
1181 4559 1295 4615 Solares,
1321 4563 1440 4623 quotquot

116 4640 190 4686 uuus
209 4636 360 4693 observavit.
380 4652 424 4700 per
442 4644 481 4695 te,
501 4636 620 4701 siquidem
639 4636 679 4685 ille
698 4636 757 4685 mihi
776 4636 911 4684 rescribere
929 4634 1004 4691 nolit,
1025 4634 1159 4682 obtineam.

135 4706 231 4770 Bepari
249 4709 315 4757 iuter
333 4707 432 4759 chartas
450 4722 520 4759 meas
540 4708 679 4772 exemplum
701 4708 827 4757 literarum
850 4706 1015 4762 Crameri,
1042 4704 1072 4754 de
1091 4719 1138 4768 quo
1157 4704 1223 4767 prius
1246 4701 1362 4757 memini,
1386 4702 1440 4762 jam

116 4794 173 4838 um,
201 4780 286 4829 nescio
304 4779 330 4828 in
348 4794 499 4844 questurus,
526 4780 689 4844 descriptum,
718 4778 784 4844 quod
809 4775 878 4828 hisce
897 4778 979 4834 addo,
1007 4783 1033 4826 et
1057 4775 1128 4825 simul
1156 4773 1293 4837 exemplum
1320 4772 1439 4836 epistolae

116 4846 199 4903 udin
216 4849 253 4900 M.
272 4849 394 4902 Jchaunis
413 4851 620 4906 christierni,
644 4850 725 4908 Dani,
752 4863 819 4900 nunc
837 4849 954 4915 Lugduni
971 4849 1124 4899 Batavorum
1143 4845 1280 4895 studiorum
1298 4856 1377 4895 canes
1394 4843 1438 4891 de·

135 4935 229 4985 xsplsrl
243 4939 314 4988 0psrs
327 4939 344 4981 l.
1186 4933 1219 4983 15
