3278 5542
746 219 908 275 mm
1458 217 1498 287 41

132 383 166 435 tm
183 383 304 470 amatim
322 397 367 450 pen
384 390 427 436 tae
444 385 544 449 uniam
562 384 747 452 paratissimum
764 383 874 437 ublheo.
910 379 976 436 Vale
994 387 1021 434 et
1038 379 1503 447 nminemdirrimartuaamtttm

135 469 173 506 ω
194 469 320 578 ‘iffi
337 527 435 579 enam
451 529 513 594 pau
531 543 589 579 non.
608 531 715 596 suma
735 526 812 579 ruer.
855 511 859 519 '

571 600 677 652 Honoris
696 607 722 651 et
738 601 842 652 nominis
860 601 897 650 tul
914 599 1075 651 amicissimus

687 671 813 723 Galilaona
830 671 957 722 Galilaeae
975 672 1001 721 lu
1019 669 1091 721 acad.
1110 667 1199 720 Patav.
1218 669 1408 720 mathematicus
1421 664 1466 733 ¹⁸).

213 778 332 842 Apparet
348 791 379 828 ex
395 776 435 826 hia
451 776 544 835 literiu
564 775 693 841 copemici
711 779 860 830 sententiam
878 779 935 828 viria
952 778 978 826 iu
995 776 1071 827 Italia
1089 776 1226 826 catholicae
1246 775 1304 825 fidei
1325 775 1429 826 addictis
1451 780 1504 825 tum

145 850 264 914 temporis
283 864 333 899 non
351 849 431 914 magia
447 849 578 913 probatam
596 863 658 911 esre,
677 864 752 915 quam
769 852 795 900 lu
813 850 947 901 Germania
958 847 1115 904 lutheranis.
1135 849 1205 911 culus
1222 848 1258 898 rei
1276 852 1366 896 testem
1383 845 1502 896 habemus

147 935 218 985 quem
240 919 347 970 diximus
364 919 572 970 Haieurefferum.
609 919 675 982 Quid
695 921 807 972 Galilaea
831 922 941 972 evenerit
963 920 1088 971 demoniis
1108 919 1200 983 aliquot
1217 924 1345 983 postquam
1362 917 1459 981 publice
1476 931 1504 967 so

147 1006 200 1041 eum
221 989 363 1055 Cupernico
382 993 473 1042 rendre
490 991 613 1055 protessus
632 998 678 1049 eat,
698 1007 771 1043 nemo
789 994 876 1044 noant.
895 1020 929 1031 -

216 1061 383 1128 Keplerua
408 1062 448 1113 die
474 1059 514 1112 1³.
535 1061 591 1113 Oct
614 1061 680 1113 15⁰⁷
700 1065 733 1116 ad
749 1066 896 1130 praemissas
915 1062 1020 1114 Galilaei
1037 1063 1121 1112 literas
1138 1059 1203 1110 haec
1220 1060 1359 1124 respondit,
1378 1074 1442 1126 quas
1460 1059 1503 1110 da·

144 1135 281 1184 sumsimus
301 1149 332 1184 aa
350 1134 463 1184 Editiona
482 1132 591 1199 Operum
609 1135 721 1186 Galilaei
733 1137 875 1187 Florentius
893 1132 974 1198 (18⁴2
993 1149 1028 1200 sq.
1047 1133 1103 1182 Vol.
1122 1131 1193 1182 v111.
1211 1147 1236 1197 p.
1255 1128 1320 1194 20:

238 1276 362 1339 Literas
385 1286 463 1351 tuas,
488 1275 535 1339 vir
555 1276 779 1354 humanissime,
803 1276 834 1343 4.
849 1279 929 1358 Aug.
954 1276 1092 1357 scriptas,
1122 1275 1147 1338 l.
1169 1273 1256 1354 Sept.
1281 1273 1403 1354 accepi;
1428 1291 1504 1352 qnae

145 1365 269 1447 quidem
302 1366 418 1446 gemino
446 1384 494 1427 me
523 1366 649 1429 affecere
674 1369 797 1449 gaudio,
826 1368 953 1450 primum
975 1375 1097 1447 propter
1120 1364 1282 1427 amicitiam
1303 1370 1403 1425 tecum
1426 1361 1505 1423 Italo

146 1455 266 1528 initam,
290 1463 362 1535 post
384 1463 508 1536 propter
531 1475 707 1519 consensum
731 1465 864 1520 nostrum
878 1458 907 1519 in
925 1454 1163 1536 Cosmographia
1178 1451 1396 1534 Copernicana.
1431 1449 1506 1512 Cum

146 1544 241 1624 igitur
264 1544 296 1605 in
320 1544 402 1606 calce
426 1544 573 1624 epistolae
597 1546 765 1610 humaniter
786 1566 833 1608 me
858 1548 896 1609 ad
920 1546 1040 1608 crebras
1055 1543 1200 1622 epistolas
1215 1542 1388 1613 invitasses,
1411 1558 1506 1620 neque

147 1633 216 1694 mihi
243 1640 355 1714 sponte
378 1652 446 1695 mea
468 1633 579 1696 stimuli
603 1635 641 1697 ad
664 1635 720 1698 hoc
744 1637 899 1710 deessent,
934 1636 1034 1697 iacere
1058 1640 1192 1695 attamen
1221 1651 1278 1693 oon
1308 1629 1407 1711 potui,
1438 1627 1505 1710 quin

147 1741 197 1802 per
231 1722 314 1784 huuc
345 1729 537 1803 praesentem
561 1724 691 1787 nobilem
709 1725 849 1803 juvenem
874 1726 913 1787 ad
935 1732 966 1787 te
991 1723 1161 1786 scriberem.
1207 1719 1356 1783 Existimo
1380 1736 1506 1798 namque

150 1820 176 1872 te
199 1810 243 1872 ab
269 1830 307 1872 eo
329 1819 483 1890 ternpore,
518 1812 543 1874 si
573 1814 664 1875 otium
696 1814 751 1877 tibi
781 1815 851 1890 init,
885 1813 1017 1876 libellum
1044 1831 1141 1873 meum
1164 1810 1294 1892 penitius
1318 1807 1505 1886 cognovisse.

152 1899 220 1962 lude
248 1901 359 1981 cupido
382 1920 430 1962 me
452 1901 613 1964 vehemens
637 1903 762 1966 incessit
785 1922 928 1966 censurae
951 1911 1019 1964 tuae
1043 1899 1269 1982 percipiendae:
1295 1897 1337 1958 sic
1361 1896 1439 1958 enim
1453 1914 1506 1958 so·

154 1989 194 2051 leo
220 1989 265 2051 ad
291 2008 480 2071 quoscunque
504 1991 620 2067 scribo,
649 1991 766 2070 judicia
793 1993 828 2054 de
853 1991 927 2054 meis
951 1993 1123 2070 incorrupta
1146 1988 1325 2068 efflagitare.
1371 1984 1413 2046 Et
1435 1984 1508 2047 mihi

157 2077 258 2140 eredas
274 2078 376 2152 velim,
401 2080 480 2140 malo
499 2081 586 2143 unius
606 2081 722 2144 cordati
738 2101 902 2155 censuram,
928 2078 1063 2163 quamvis
1078 2097 1186 2148 acrem,
1212 2075 1407 2158 quamtotius
1425 2073 1507 2153 vulgi

155 2167 392 2230 inconsideratus
415 2168 589 2248 applausus.
636 2170 760 2234 Utinam
783 2190 854 2232 vero
879 2170 944 2244 tibi,
968 2168 1023 2232 tali
1038 2166 1240 2246 intelligentia
1254 2164 1400 2246 praedito,
1426 2161 1508 2224 aliud

154 2255 336 2337 propositum
371 2258 473 2319 esset!
520 2258 599 2321 Nam
632 2260 690 2321 etsi
723 2248 875 2342 sapienter
899 2266 931 2323 tu
965 2267 997 2321 et
1020 2256 1135 2320 occulte
1165 2254 1319 2336 proposito
1344 2251 1508 2333 exemplari

155 2354 215 2407 tuae
240 2364 390 2426 personae
414 2365 533 2423 moues,
558 2348 722 2411 cedendum
745 2349 908 2412 universali
932 2346 1130 2430 ignorantiae,
1155 2363 1209 2407 nec
1233 2362 1302 2406 sese
1325 2351 1438 2404 temere
1458 2341 1506 2404 iu-

158 2435 314 2513 gereudnm
337 2436 386 2497 vel
409 2438 616 2517 opponendum
638 2438 720 2518 vulgi
743 2439 898 2501 doctorum
921 2437 1069 2500 furoribus
1093 2436 1169 2516 (qua
1191 2432 1220 2494 in
1245 2452 1276 2494 re
1296 2432 1453 2494 Platonem
1478 2438 1510 2491 et

157 2522 370 2604 Pythagoram,
400 2534 519 2588 nostros
543 2526 687 2606 genuinos
710 2527 887 2607 magistros,
916 2526 1079 2608 sequeris),
1108 2532 1300 2586 tamencum
1329 2522 1384 2582 hoc
1408 2519 1508 2582 seculo

159 2611 281 2691 primurn
306 2633 325 2673 a
348 2610 523 2692 Cupernico,
549 2615 655 2676 deinde
680 2636 698 2676 a
721 2616 920 2697 compluribus
944 2624 976 2678 et
998 2612 1181 2676 doctissimis
1205 2629 1320 2692 quoqne
1338 2609 1508 2672 mathema-

163 2701 280 2764 ticorum
302 2701 440 2765 immanis
464 2704 562 2783 operis
587 2703 701 2767 initinrn
725 2705 766 2768 sit
788 2705 910 2779 iactum,
935 2723 1030 2784 neque
1054 2704 1109 2765 hoc
1130 2702 1196 2781 jam
1218 2718 1306 2781 porro
1329 2715 1437 2760 novum
1457 2697 1509 2769 sit,

164 2789 277 2852 Terram
302 2809 439 2854 movere:
463 2793 652 2872 praestiterit
676 2793 805 2857 fortasse
829 2794 1033 2858 communibus
1057 2789 1209 2869 suffragiis
1233 2789 1325 2850 semel
1351 2787 1509 2867 impulsum

164 2877 230 2940 bunc
253 2899 372 2941 currum
395 2881 582 2945 continenter
605 2883 643 2944 ad
668 2892 779 2945 metam
803 2903 921 2963 rapere,
947 2892 992 2957 ut,
1021 2881 1090 2962 quia
1112 2879 1262 2941 rationum
1284 2877 1418 2956 pondera
1439 2875 1508 2935 vul·
1539 2881 1541 2885 ’

167 2982 210 3043 gns
239 2969 337 3031 minus
368 2969 473 3041 librat,
506 2972 719 3034 autoritatibus
751 2973 825 3034 illud
849 2973 947 3052 magis
979 2971 1134 3051 magisque
1168 2967 1292 3030 obruere
1324 2965 1508 3046 incipiamus,

169 3055 187 3115 si
214 3056 289 3120 sorte
325 3076 381 3138 per
412 3060 547 3122 fraudem
579 3061 676 3142 ipsum
709 3063 736 3124 iu
770 3062 969 3143 cognitionem
1000 3058 1140 3122 veritatis
1162 3057 1324 3138 perducere
1357 3072 1508 3136 queamus.

169 3143 221 3206 lna
250 3147 368 3209 ratione
404 3149 491 3211 simul
529 3151 702 3213 laborantes
730 3160 776 3214 tot
812 3151 921 3232 iniquis
951 3149 1073 3230 judiciis
1106 3147 1203 3209 socios
1236 3145 1404 3225 adjutares,
1441 3144 1509 3204 duro

171 3232 203 3295 illi
228 3235 274 3297 rel
304 3236 446 3298 solatium
485 3247 627 3320 caperent
660 3258 697 3301 ex
724 3249 776 3302 tuo
809 3259 956 3302 consensu
988 3239 1036 3300 vel
1063 3235 1245 3317 praesidium
1275 3253 1313 3294 ex
1336 3232 1509 3295 autoritate.

171 3320 222 3384 h'on
246 3325 325 3387 enim
350 3326 396 3387 tui
419 3326 514 3389 solnm
538 3328 608 3391 itali
632 3336 717 3404 sunt,
746 3330 795 3411 qui
825 3349 857 3390 se
888 3330 1015 3403 moveri,
1044 3325 1101 3387 nisi
1130 3324 1278 3396 sentiant,
1309 3322 1429 3384 credere
1452 3339 1509 3400 non

172 3422 289 3489 possunt,
315 3415 372 3476 sed
396 3414 488 3477 etiarn
511 3438 567 3480 nos
590 3417 638 3480 hic
661 3418 689 3480 in
716 3417 879 3482 Germania
902 3438 959 3480 non
984 3417 1125 3497 optimam
1150 3414 1290 3494 dogmate
1307 3413 1368 3474 isto
1383 3411 1510 3492 gratiam

175 3497 271 3600 ipsus.
322 3503 437 3566 Verum
472 3515 541 3569 sunt
575 3508 725 3581 rationes,
763 3508 869 3589 quibus
903 3527 958 3569 nos
992 3513 1097 3568 contra
1128 3503 1184 3564 has
1217 3502 1410 3563 difficultates
1443 3518 1529 3563 mu-.

176 3606 277 3654 norma.

240 3680 395 3756 Primum,
421 3682 459 3744 ab
482 3682 537 3746 illa
559 3685 673 3766 ingenti
696 3684 848 3746 hominum
871 3682 1059 3746 multitudine
1083 3687 1242 3761 separatus
1266 3697 1344 3752 snm,
1375 3693 1428 3737 nec
1451 3695 1509 3737 uuo

169 3774 222 3830 actu
244 3778 294 3832 tot
318 3770 480 3834 clamorum
504 3775 664 3856 strepitum
686 3774 800 3836 haurio.
847 3774 973 3846 Deinde,
998 3773 1048 3852 qui
1071 3770 1141 3832 mihi
1160 3776 1231 3830 sunt
1244 3766 1379 3848 proximi,
1404 3765 1510 3844 vulgus

166 3855 304 3921 hominum
328 3868 385 3933 est,
411 3862 460 3942 qui
484 3882 551 3926 cum
573 3864 647 3926 haec
671 3865 821 3938 abstrusa,
847 3872 880 3925 ut
893 3863 986 3934 aiunt,
1012 3881 1068 3923 non
1085 3858 1214 3940 capiant,
1239 3857 1384 3919 mirantur
1398 3862 1510 3927 tamen,

165 3963 219 4020 uec,
241 3948 366 4011 credere
390 3950 486 4012 velint
509 3973 548 4014 an
571 3972 640 4027 non,
664 3973 793 4034 unquam
816 3971 917 4015 secum
942 3951 998 4031 ipsi
1020 3951 1165 4030 cogitant.
1202 3946 1293 4009 Docti
1312 3945 1510 4016 mediocriter,

164 4050 212 4115 quo
225 4045 298 4100 suut
312 4037 533 4118 prudentiores,
558 4043 613 4104 hoc
628 4044 747 4106 cantius
766 4060 834 4105 sese
858 4042 1027 4105 immiscent
1050 4040 1132 4101 hisce
1151 4035 1429 4099 mathematicorum
1445 4032 1510 4096 liti·

163 4121 220 4188 bur.
268 4123 409 4198 Quinimo
433 4129 575 4194 fascinari
597 4139 735 4212 possunt,
761 4131 839 4212 qnod
863 4139 1006 4211 expertus
1021 4130 1135 4209 loquor,
1160 4125 1322 4188 autoritate
1337 4123 1510 4186 matheseos

162 4215 335 4291 peritorum3
368 4224 402 4278 nt
435 4238 500 4281 cum
524 4221 650 4283 audiunt
672 4241 747 4302 quas
766 4221 832 4301 jam
856 4221 1021 4282 habeamus
1044 4216 1262 4296 Ephemerides
1291 4233 1329 4274 ex
1353 4211 1510 4293 Cupernici

162 4301 373 4384 hypothesibus
397 4316 569 4384 extructas,
595 4310 759 4390 quicunque
784 4310 872 4371 hodie
896 4309 1030 4371 scribant
1052 4305 1287 4386 Ephemerides,
1313 4300 1511 4381 Cupernicum

162 4407 260 4454 omnes
284 4394 388 4473 sequi;
411 4405 446 4458 nt
468 4418 534 4461 cnm
558 4400 595 4459 ab
620 4399 693 4479 ipsis
716 4399 896 4479 postulatur,
922 4406 955 4461 nt
970 4397 1145 4470 concedant,
1162 4394 1240 4475 quod
1259 4391 1376 4454 nonnisi
1394 4390 1423 4452 io
1443 4408 1509 4451 rna-

162 4479 237 4544 thesi
261 4482 407 4545 institutis
431 4487 628 4550 demonstrari
652 4489 767 4565 possit,
791 4487 996 4569 phaenomena
1019 4486 1083 4548 sine
1107 4492 1188 4547 motu
1212 4483 1322 4546 Terrae
1346 4478 1510 4541 consistere

163 4587 216 4632 non
240 4589 340 4651 posse.
387 4575 466 4639 Nam
489 4577 547 4640 etsi
570 4578 645 4639 haec
668 4578 823 4658 postulata
846 4578 894 4639 vel
917 4574 1114 4657 pronunciata
1138 4593 1195 4635 uon
1211 4581 1281 4636 sunt
1295 4570 1511 4638 demonstrata,

163 4668 229 4722 sunt
258 4671 357 4722 tamen
392 4684 411 4726 a
438 4685 494 4728 nnn
518 4666 740 4729 mathematicis
765 4667 964 4728 concedenda.
1012 4663 1145 4744 Cumque
1169 4663 1230 4725 sint
1253 4679 1344 4735 vera,
1378 4677 1430 4720 cnr
1452 4674 1509 4717 non

163 4764 214 4827 pro
231 4748 464 4816 irrefutabilibus
480 4755 733 4819 obtruderentnr?
756 4756 887 4821 Restant
908 4755 1001 4837 igitur
1022 4753 1078 4816 soli
1097 4749 1313 4826 mathematici,
1336 4746 1510 4833 quibuscum
