<?xml version="1.0" encoding="UTF-8"?>
<!DOCTYPE html PUBLIC "-//W3C//DTD XHTML 1.0 Transitional//EN"
    "http://www.w3.org/TR/xhtml1/DTD/xhtml1-transitional.dtd">
<html xmlns="http://www.w3.org/1999/xhtml" xml:lang="en" lang="en">
 <head>
  <title>
</title>
<meta http-equiv="Content-Type" content="text/html;charset=utf-8" />
  <meta name='ocr-system' content='tesseract 3.04.00' />
  <meta name='ocr-capabilities' content='ocr_page ocr_carea ocr_par ocr_line ocrx_word'/>
</head>
<body>
  <div class='ocr_page' id='page_1' title='image "./joanniskepleria17frisgoog_0260.png"; bbox 0 0 3278 5542; ppageno 0'>
   <div class='ocr_carea' id='block_1_1' title="bbox 670 333 1490 403">
    <p class='ocr_par' dir='ltr' id='par_1_1' title="bbox 670 333 1490 403">
     <span class='ocr_line' id='line_1_1' title="bbox 670 333 1490 403; baseline 0.013 -16"><span class='ocrx_word' id='word_1_1' title='bbox 670 337 793 403; x_wconf 71' lang='lat' dir='ltr'><strong>Apologia</strong></span> <span class='ocrx_word' id='word_1_2' title='bbox 811 337 943 401; x_wconf 80' lang='lat' dir='ltr'><strong>Tyohonir.</strong></span> <span class='ocrx_word' id='word_1_3' title='bbox 1426 333 1490 400; x_wconf 75' lang='grc'><strong>237</strong></span> 
     </span>
    </p>
   </div>
   <div class='ocr_carea' id='block_1_2' title="bbox 124 495 1492 756">
    <p class='ocr_par' dir='ltr' id='par_1_2' title="bbox 124 495 1492 756">
     <span class='ocr_line' id='line_1_2' title="bbox 126 495 1490 588; baseline 0 -33"><span class='ocrx_word' id='word_1_4' title='bbox 126 495 272 556; x_wconf 83' lang='lat' dir='ltr'><strong>emittere</strong></span> <span class='ocrx_word' id='word_1_5' title='bbox 296 495 482 575; x_wconf 88' lang='lat' dir='ltr'><strong>profiteatur,</strong></span> <span class='ocrx_word' id='word_1_6' title='bbox 508 496 578 557; x_wconf 92' lang='lat' dir='ltr'><strong>dum</strong></span> <span class='ocrx_word' id='word_1_7' title='bbox 602 514 704 557; x_wconf 90' lang='lat' dir='ltr'><strong>omnes</strong></span> <span class='ocrx_word' id='word_1_8' title='bbox 729 504 760 556; x_wconf 92' lang='lat' dir='ltr'><strong>et</strong></span> <span class='ocrx_word' id='word_1_9' title='bbox 784 497 939 559; x_wconf 90' lang='lat' dir='ltr'><strong>evidenter</strong></span> <span class='ocrx_word' id='word_1_10' title='bbox 961 495 1121 558; x_wconf 89' lang='lat' dir='ltr'><strong>Dominum</strong></span> <span class='ocrx_word' id='word_1_11' title='bbox 1125 496 1307 588; x_wconf 88' lang='lat' dir='ltr'><strong>Tychonem</strong></span> <span class='ocrx_word' id='word_1_12' title='bbox 1329 495 1430 556; x_wconf 88' lang='lat' dir='ltr'><strong>Brahe</strong></span> <span class='ocrx_word' id='word_1_13' title='bbox 1454 496 1490 556; x_wconf 90' lang='lat' dir='ltr'><strong>de</strong></span> 
     </span>
     <span class='ocr_line' id='line_1_3' title="bbox 124 584 1491 664; baseline -0.001 -18"><span class='ocrx_word' id='word_1_14' title='bbox 124 586 231 664; x_wconf 89' lang='lat' dir='ltr'><strong>palma</strong></span> <span class='ocrx_word' id='word_1_15' title='bbox 264 584 498 664; x_wconf 84' lang='lat' dir='ltr'><strong>magisterioque</strong></span> <span class='ocrx_word' id='word_1_16' title='bbox 530 584 708 646; x_wconf 85' lang='lat' dir='ltr'><strong>mathemat&#39;</strong></span> <span class='ocrx_word' id='word_1_17' title='bbox 687 593 746 646; x_wconf 89' lang='lat' dir='ltr'><strong>t1co</strong></span> <span class='ocrx_word' id='word_1_18' title='bbox 776 586 806 646; x_wconf 93' lang='lat' dir='ltr'><strong>in</strong></span> <span class='ocrx_word' id='word_1_19' title='bbox 835 593 987 648; x_wconf 89' lang='lat' dir='ltr'><strong>certamen</strong></span> <span class='ocrx_word' id='word_1_20' title='bbox 1010 591 1117 646; x_wconf 90' lang='lat' dir='ltr'><strong>vocat:</strong></span> <span class='ocrx_word' id='word_1_21' title='bbox 1151 585 1362 664; x_wconf 84' lang='lat' dir='ltr'><strong>percommode</strong></span> <span class='ocrx_word' id='word_1_22' title='bbox 1394 603 1491 645; x_wconf 90' lang='lat' dir='ltr'><strong>meam</strong></span> 
     </span>
     <span class='ocr_line' id='line_1_4' title="bbox 125 673 1492 756; baseline 0.001 -23"><span class='ocrx_word' id='word_1_23' title='bbox 125 674 326 753; x_wconf 87' lang='lat' dir='ltr'><strong>epistolam</strong></span> <span class='ocrx_word' id='word_1_24' title='bbox 319 693 349 735; x_wconf 85' lang='lat' dir='ltr'><strong>in</strong></span> <span class='ocrx_word' id='word_1_25' title='bbox 377 673 479 735; x_wconf 88' lang='lat' dir='ltr'><strong>libello</strong></span> <span class='ocrx_word' id='word_1_26' title='bbox 504 693 558 734; x_wconf 87' lang='lat' dir='ltr'><strong>ceu</strong></span> <span class='ocrx_word' id='word_1_27' title='bbox 585 674 742 752; x_wconf 89' lang='lat' dir='ltr'><strong>cujusdam</strong></span> <span class='ocrx_word' id='word_1_28' title='bbox 764 675 874 755; x_wconf 89' lang='lat' dir='ltr'><strong>judicis</strong></span> <span class='ocrx_word' id='word_1_29' title='bbox 899 675 963 737; x_wconf 93' lang='lat' dir='ltr'><strong>loco</strong></span> <span class='ocrx_word' id='word_1_30' title='bbox 992 674 1169 748; x_wconf 75' lang='lat' dir='ltr'><strong>introducit,</strong></span> <span class='ocrx_word' id='word_1_31' title='bbox 1205 694 1280 756; x_wconf 89' lang='lat' dir='ltr'><strong>quae</strong></span> <span class='ocrx_word' id='word_1_32' title='bbox 1308 675 1403 735; x_wconf 89' lang='lat' dir='ltr'><strong>talem</strong></span> <span class='ocrx_word' id='word_1_33' title='bbox 1433 674 1492 735; x_wconf 86' lang='lat' dir='ltr'><strong>lert</strong></span> 
     </span>
    </p>
   </div>
   <div class='ocr_carea' id='block_1_3' title="bbox 126 752 1595 842">
    <p class='ocr_par' dir='ltr' id='par_1_3' title="bbox 126 752 1595 842">
     <span class='ocr_line' id='line_1_5' title="bbox 126 752 1595 842; baseline 0 -20"><span class='ocrx_word' id='word_1_34' title='bbox 126 763 321 838; x_wconf 88' lang='lat' dir='ltr'><strong>sententiam,</strong></span> <span class='ocrx_word' id='word_1_35' title='bbox 345 771 378 823; x_wconf 94' lang='lat' dir='ltr'><strong>ut</strong></span> <span class='ocrx_word' id='word_1_36' title='bbox 396 762 476 824; x_wconf 90' lang='lat' dir='ltr'><strong>Urso</strong></span> <span class='ocrx_word' id='word_1_37' title='bbox 499 765 601 842; x_wconf 90' lang='lat' dir='ltr'><strong>palma</strong></span> <span class='ocrx_word' id='word_1_38' title='bbox 623 763 678 825; x_wconf 91' lang='lat' dir='ltr'><strong>illa</strong></span> <span class='ocrx_word' id='word_1_39' title='bbox 700 763 864 826; x_wconf 88' lang='lat' dir='ltr'><strong>citraoont</strong></span> <span class='ocrx_word' id='word_1_40' title='bbox 865 764 1030 826; x_wconf 89' lang='lat' dir='ltr'><strong>roversiam</strong></span> <span class='ocrx_word' id='word_1_41' title='bbox 1052 752 1207 826; x_wconf 87' lang='lat' dir='ltr'><strong>debeatur.</strong></span> <span class='ocrx_word' id='word_1_42' title='bbox 1255 762 1491 842; x_wconf 84' lang='lat' dir='ltr'><strong>Deniquelece-</strong></span> <span class='ocrx_word' id='word_1_43' title='bbox 1542 823 1545 827; x_wconf 73' lang='grc'>,</span> <span class='ocrx_word' id='word_1_44' title='bbox 1592 824 1595 829; x_wconf 21' lang='lat'><strong>⁴</strong></span> 
     </span>
    </p>
   </div>
   <div class='ocr_carea' id='block_1_4' title="bbox 124 852 1491 1734">
    <p class='ocr_par' dir='ltr' id='par_1_4' title="bbox 124 852 1491 1734">
     <span class='ocr_line' id='line_1_6' title="bbox 126 852 1491 935; baseline -0.001 -23"><span class='ocrx_word' id='word_1_45' title='bbox 126 871 192 913; x_wconf 92' lang='lat' dir='ltr'><strong>ram</strong></span> <span class='ocrx_word' id='word_1_46' title='bbox 216 870 274 931; x_wconf 86' lang='lat' dir='ltr'><strong>ego</strong></span> <span class='ocrx_word' id='word_1_47' title='bbox 298 852 327 912; x_wconf 94' lang='lat' dir='ltr'><strong>in</strong></span> <span class='ocrx_word' id='word_1_48' title='bbox 351 852 457 912; x_wconf 86' lang='lat' dir='ltr'><strong>eadem</strong></span> <span class='ocrx_word' id='word_1_49' title='bbox 480 852 535 913; x_wconf 92' lang='lat' dir='ltr'><strong>illa</strong></span> <span class='ocrx_word' id='word_1_50' title='bbox 558 853 688 931; x_wconf 88' lang='lat' dir='ltr'><strong>epistola</strong></span> <span class='ocrx_word' id='word_1_51' title='bbox 712 853 894 914; x_wconf 82' lang='lat' dir='ltr'><strong>mentionem</strong></span> <span class='ocrx_word' id='word_1_52' title='bbox 912 853 1062 935; x_wconf 88' lang='lat' dir='ltr'><strong>Tychonis</strong></span> <span class='ocrx_word' id='word_1_53' title='bbox 1081 852 1337 932; x_wconf 81' lang='lat' dir='ltr'><strong>perhonorificam,</strong></span> <span class='ocrx_word' id='word_1_54' title='bbox 1362 852 1491 913; x_wconf 87' lang='lat' dir='ltr'><strong>Ursum-</strong></span> 
     </span>
     <span class='ocr_line' id='line_1_7' title="bbox 126 941 1489 1022; baseline -0.002 -20"><span class='ocrx_word' id='word_1_55' title='bbox 126 960 184 1022; x_wconf 87' lang='lat' dir='ltr'><strong>que</strong></span> <span class='ocrx_word' id='word_1_56' title='bbox 209 960 377 1014; x_wconf 79' lang='lat' dir='ltr'><strong>oraveram,</strong></span> <span class='ocrx_word' id='word_1_57' title='bbox 402 949 435 1001; x_wconf 88' lang='lat' dir='ltr'><strong>nt</strong></span> <span class='ocrx_word' id='word_1_58' title='bbox 459 941 537 1003; x_wconf 91' lang='lat' dir='ltr'><strong>hanc</strong></span> <span class='ocrx_word' id='word_1_59' title='bbox 560 960 658 1003; x_wconf 90' lang='lat' dir='ltr'><strong>meam</strong></span> <span class='ocrx_word' id='word_1_60' title='bbox 684 942 886 1003; x_wconf 85' lang='lat' dir='ltr'><strong>inventionem</strong></span> <span class='ocrx_word' id='word_1_61' title='bbox 911 943 949 1002; x_wconf 94' lang='lat' dir='ltr'><strong>ad</strong></span> <span class='ocrx_word' id='word_1_62' title='bbox 973 942 1069 1020; x_wconf 89' lang='lat' dir='ltr'><strong>ipsum</strong></span> <span class='ocrx_word' id='word_1_63' title='bbox 1085 943 1114 1003; x_wconf 94' lang='lat' dir='ltr'><strong>in</strong></span> <span class='ocrx_word' id='word_1_64' title='bbox 1130 942 1258 1003; x_wconf 90' lang='lat' dir='ltr'><strong>Daniam</strong></span> <span class='ocrx_word' id='word_1_65' title='bbox 1279 941 1489 1020; x_wconf 84' lang='lat' dir='ltr'><strong>perscriberet.</strong></span> 
     </span>
     <span class='ocr_line' id='line_1_8' title="bbox 125 1029 1489 1112; baseline 0 -22"><span class='ocrx_word' id='word_1_66' title='bbox 125 1030 249 1091; x_wconf 88' lang='lat' dir='ltr'><strong>Placuit</strong></span> <span class='ocrx_word' id='word_1_67' title='bbox 272 1029 363 1110; x_wconf 84' lang='lat' dir='ltr'><strong>igitur</strong></span> <span class='ocrx_word' id='word_1_68' title='bbox 386 1030 480 1099; x_wconf 85' lang='lat' dir='ltr'><strong>Urso.</strong></span> <span class='ocrx_word' id='word_1_69' title='bbox 510 1048 569 1091; x_wconf 91' lang='lat' dir='ltr'><strong>non</strong></span> <span class='ocrx_word' id='word_1_70' title='bbox 593 1031 682 1092; x_wconf 88' lang='lat' dir='ltr'><strong>aliter</strong></span> <span class='ocrx_word' id='word_1_71' title='bbox 706 1050 753 1092; x_wconf 89' lang='lat' dir='ltr'><strong>me</strong></span> <span class='ocrx_word' id='word_1_72' title='bbox 777 1031 814 1093; x_wconf 89' lang='lat' dir='ltr'><strong>de</strong></span> <span class='ocrx_word' id='word_1_73' title='bbox 838 1032 895 1092; x_wconf 91' lang='lat' dir='ltr'><strong>hac</strong></span> <span class='ocrx_word' id='word_1_74' title='bbox 924 1032 953 1093; x_wconf 95' lang='lat' dir='ltr'><strong>in</strong></span> <span class='ocrx_word' id='word_1_75' title='bbox 978 1030 1150 1112; x_wconf 85' lang='lat' dir='ltr'><strong>Tychonem</strong></span> <span class='ocrx_word' id='word_1_76' title='bbox 1174 1029 1380 1092; x_wconf 87' lang='lat' dir='ltr'><strong>adversarium</strong></span> <span class='ocrx_word' id='word_1_77' title='bbox 1405 1048 1489 1092; x_wconf 88' lang='lat' dir='ltr'><strong>suurn</strong></span> 
     </span>
     <span class='ocr_line' id='line_1_9' title="bbox 126 1118 1488 1199; baseline 0 -19"><span class='ocrx_word' id='word_1_78' title='bbox 126 1120 288 1180; x_wconf 82' lang='lat' dir='ltr'><strong>allectione</strong></span> <span class='ocrx_word' id='word_1_79' title='bbox 312 1119 426 1197; x_wconf 89' lang='lat' dir='ltr'><strong>optima</strong></span> <span class='ocrx_word' id='word_1_80' title='bbox 454 1120 573 1195; x_wconf 87' lang='lat' dir='ltr'><strong>ulcisci,</strong></span> <span class='ocrx_word' id='word_1_81' title='bbox 608 1139 698 1199; x_wconf 91' lang='lat' dir='ltr'><strong>qnam</strong></span> <span class='ocrx_word' id='word_1_82' title='bbox 728 1120 754 1182; x_wconf 93' lang='lat' dir='ltr'><strong>si</strong></span> <span class='ocrx_word' id='word_1_83' title='bbox 778 1121 938 1199; x_wconf 92' lang='lat' dir='ltr'><strong>epistolam</strong></span> <span class='ocrx_word' id='word_1_84' title='bbox 968 1139 1080 1193; x_wconf 89' lang='lat' dir='ltr'><strong>meam,</strong></span> <span class='ocrx_word' id='word_1_85' title='bbox 1114 1120 1229 1182; x_wconf 87' lang='lat' dir='ltr'><strong>extrita</strong></span> <span class='ocrx_word' id='word_1_86' title='bbox 1251 1119 1401 1180; x_wconf 87' lang='lat' dir='ltr'><strong>mentione</strong></span> <span class='ocrx_word' id='word_1_87' title='bbox 1425 1118 1488 1199; x_wconf 79' lang='lat' dir='ltr'><strong>Ty·</strong></span> 
     </span>
     <span class='ocr_line' id='line_1_10' title="bbox 126 1208 1490 1291; baseline -0.001 -22"><span class='ocrx_word' id='word_1_88' title='bbox 126 1208 242 1282; x_wconf 89' lang='lat' dir='ltr'><strong>chonis,</strong></span> <span class='ocrx_word' id='word_1_89' title='bbox 268 1228 334 1269; x_wconf 91' lang='lat' dir='ltr'><strong>eum</strong></span> <span class='ocrx_word' id='word_1_90' title='bbox 358 1209 387 1269; x_wconf 92' lang='lat' dir='ltr'><strong>in</strong></span> <span class='ocrx_word' id='word_1_91' title='bbox 406 1208 540 1270; x_wconf 88' lang='lat' dir='ltr'><strong>libellum</strong></span> <span class='ocrx_word' id='word_1_92' title='bbox 564 1210 725 1283; x_wconf 85' lang='lat' dir='ltr'><strong>insereret,</strong></span> <span class='ocrx_word' id='word_1_93' title='bbox 756 1211 805 1289; x_wconf 94' lang='lat' dir='ltr'><strong>qui</strong></span> <span class='ocrx_word' id='word_1_94' title='bbox 835 1229 893 1271; x_wconf 88' lang='lat' dir='ltr'><strong>non</strong></span> <span class='ocrx_word' id='word_1_95' title='bbox 918 1210 957 1270; x_wconf 93' lang='lat' dir='ltr'><strong>ad</strong></span> <span class='ocrx_word' id='word_1_96' title='bbox 987 1209 1066 1270; x_wconf 93' lang='lat' dir='ltr'><strong>aliud</strong></span> <span class='ocrx_word' id='word_1_97' title='bbox 1102 1229 1191 1291; x_wconf 87' lang='lat' dir='ltr'><strong>quam</strong></span> <span class='ocrx_word' id='word_1_98' title='bbox 1215 1209 1255 1269; x_wconf 94' lang='lat' dir='ltr'><strong>ad</strong></span> <span class='ocrx_word' id='word_1_99' title='bbox 1279 1208 1490 1270; x_wconf 88' lang='lat' dir='ltr'><strong>lancinandam</strong></span> 
     </span>
     <span class='ocr_line' id='line_1_11' title="bbox 126 1297 1490 1381; baseline -0.001 -23"><span class='ocrx_word' id='word_1_100' title='bbox 126 1299 239 1358; x_wconf 84' lang='lat' dir='ltr'><strong>famam</strong></span> <span class='ocrx_word' id='word_1_101' title='bbox 263 1298 413 1379; x_wconf 86' lang='lat' dir='ltr'><strong>Tychonis</strong></span> <span class='ocrx_word' id='word_1_102' title='bbox 436 1307 629 1381; x_wconf 90' lang='lat' dir='ltr'><strong>comparatus</strong></span> <span class='ocrx_word' id='word_1_103' title='bbox 653 1306 684 1360; x_wconf 90' lang='lat' dir='ltr'><strong>et</strong></span> <span class='ocrx_word' id='word_1_104' title='bbox 708 1299 807 1361; x_wconf 87' lang='lat' dir='ltr'><strong>editus</strong></span> <span class='ocrx_word' id='word_1_105' title='bbox 831 1307 894 1361; x_wconf 84' lang='lat' dir='ltr'><strong>estr</strong></span> <span class='ocrx_word' id='word_1_106' title='bbox 924 1306 958 1359; x_wconf 92' lang='lat' dir='ltr'><strong>ut</strong></span> <span class='ocrx_word' id='word_1_107' title='bbox 980 1298 1039 1368; x_wconf 83' lang='lat' dir='ltr'><strong>ita.</strong></span> <span class='ocrx_word' id='word_1_108' title='bbox 1075 1299 1124 1378; x_wconf 92' lang='lat' dir='ltr'><strong>qui</strong></span> <span class='ocrx_word' id='word_1_109' title='bbox 1149 1298 1320 1380; x_wconf 59' lang='lat' dir='ltr'><strong>lychonem</strong></span> <span class='ocrx_word' id='word_1_110' title='bbox 1348 1297 1490 1376; x_wconf 86' lang='lat' dir='ltr'><strong>privatim</strong></span> 
     </span>
     <span class='ocr_line' id='line_1_12' title="bbox 124 1385 1488 1469; baseline -0.001 -20"><span class='ocrx_word' id='word_1_111' title='bbox 124 1387 204 1449; x_wconf 86' lang='lat' dir='ltr'><strong>Urso</strong></span> <span class='ocrx_word' id='word_1_112' title='bbox 229 1386 433 1461; x_wconf 87' lang='lat' dir='ltr'><strong>laudaveram,</strong></span> <span class='ocrx_word' id='word_1_113' title='bbox 456 1405 572 1465; x_wconf 86' lang='lat' dir='ltr'><strong>poenae</strong></span> <span class='ocrx_word' id='word_1_114' title='bbox 597 1388 663 1448; x_wconf 94' lang='lat' dir='ltr'><strong>loco</strong></span> <span class='ocrx_word' id='word_1_115' title='bbox 687 1388 919 1449; x_wconf 85' lang='lat' dir='ltr'><strong>convitiatorem</strong></span> <span class='ocrx_word' id='word_1_116' title='bbox 943 1387 1093 1469; x_wconf 61' lang='lat' dir='ltr'><strong>lychonis</strong></span> <span class='ocrx_word' id='word_1_117' title='bbox 1116 1388 1235 1466; x_wconf 92' lang='lat' dir='ltr'><strong>publice</strong></span> <span class='ocrx_word' id='word_1_118' title='bbox 1259 1385 1395 1448; x_wconf 91' lang='lat' dir='ltr'><strong>omnibns</strong></span> <span class='ocrx_word' id='word_1_119' title='bbox 1420 1386 1488 1447; x_wconf 93' lang='lat' dir='ltr'><strong>lau-</strong></span> 
     </span>
     <span class='ocr_line' id='line_1_13' title="bbox 127 1474 1489 1555; baseline 0 -19"><span class='ocrx_word' id='word_1_120' title='bbox 127 1476 200 1537; x_wconf 90' lang='lat' dir='ltr'><strong>dare</strong></span> <span class='ocrx_word' id='word_1_121' title='bbox 225 1494 359 1554; x_wconf 87' lang='lat' dir='ltr'><strong>cogerer.</strong></span> <span class='ocrx_word' id='word_1_122' title='bbox 407 1477 466 1538; x_wconf 89' lang='lat' dir='ltr'><strong>Tot</strong></span> <span class='ocrx_word' id='word_1_123' title='bbox 498 1477 667 1538; x_wconf 86' lang='lat' dir='ltr'><strong>nominibus</strong></span> <span class='ocrx_word' id='word_1_124' title='bbox 695 1497 762 1539; x_wconf 91' lang='lat' dir='ltr'><strong>cum</strong></span> <span class='ocrx_word' id='word_1_125' title='bbox 786 1477 865 1539; x_wconf 89' lang='lat' dir='ltr'><strong>Urso</strong></span> <span class='ocrx_word' id='word_1_126' title='bbox 896 1477 1015 1539; x_wconf 87' lang='lat' dir='ltr'><strong>libuerit</strong></span> <span class='ocrx_word' id='word_1_127' title='bbox 1044 1475 1128 1538; x_wconf 89' lang='lat' dir='ltr'><strong>abuti</strong></span> <span class='ocrx_word' id='word_1_128' title='bbox 1155 1496 1223 1537; x_wconf 90' lang='lat' dir='ltr'><strong>mea</strong></span> <span class='ocrx_word' id='word_1_129' title='bbox 1254 1475 1393 1555; x_wconf 87' lang='lat' dir='ltr'><strong>epistola,</strong></span> <span class='ocrx_word' id='word_1_130' title='bbox 1424 1474 1489 1554; x_wconf 87' lang='lat' dir='ltr'><strong>jam</strong></span> 
     </span>
     <span class='ocr_line' id='line_1_14' title="bbox 125 1565 1490 1648; baseline -0.001 -23"><span class='ocrx_word' id='word_1_131' title='bbox 125 1567 240 1626; x_wconf 90' lang='lat' dir='ltr'><strong>clarum</strong></span> <span class='ocrx_word' id='word_1_132' title='bbox 269 1573 333 1639; x_wconf 88' lang='lat' dir='ltr'><strong>est,</strong></span> <span class='ocrx_word' id='word_1_133' title='bbox 366 1584 418 1626; x_wconf 89' lang='lat' dir='ltr'><strong>cur</strong></span> <span class='ocrx_word' id='word_1_134' title='bbox 450 1566 516 1627; x_wconf 88' lang='lat' dir='ltr'><strong>lnce</strong></span> <span class='ocrx_word' id='word_1_135' title='bbox 545 1566 666 1646; x_wconf 84' lang='lat' dir='ltr'><strong>dignam</strong></span> <span class='ocrx_word' id='word_1_136' title='bbox 695 1565 888 1645; x_wconf 88' lang='lat' dir='ltr'><strong>judicaverit.</strong></span> <span class='ocrx_word' id='word_1_137' title='bbox 934 1567 1014 1629; x_wconf 79' lang='lat' dir='ltr'><strong>Nam</strong></span> <span class='ocrx_word' id='word_1_138' title='bbox 1043 1567 1120 1648; x_wconf 93' lang='lat' dir='ltr'><strong>quod</strong></span> <span class='ocrx_word' id='word_1_139' title='bbox 1155 1565 1358 1627; x_wconf 87' lang='lat' dir='ltr'><strong>inventionem</strong></span> <span class='ocrx_word' id='word_1_140' title='bbox 1391 1582 1490 1626; x_wconf 91' lang='lat' dir='ltr'><strong>meam</strong></span> 
     </span>
     <span class='ocr_line' id='line_1_15' title="bbox 124 1653 1488 1734; baseline -0.001 -19"><span class='ocrx_word' id='word_1_141' title='bbox 124 1655 248 1728; x_wconf 88' lang='lat' dir='ltr'><strong>attinet,</strong></span> <span class='ocrx_word' id='word_1_142' title='bbox 274 1654 299 1715; x_wconf 88' lang='lat' dir='ltr'><strong>si</strong></span> <span class='ocrx_word' id='word_1_143' title='bbox 324 1655 420 1716; x_wconf 88' lang='lat' dir='ltr'><strong>lucem</strong></span> <span class='ocrx_word' id='word_1_144' title='bbox 443 1674 479 1716; x_wconf 93' lang='lat' dir='ltr'><strong>ea</strong></span> <span class='ocrx_word' id='word_1_145' title='bbox 502 1662 643 1724; x_wconf 90' lang='lat' dir='ltr'><strong>meretur,</strong></span> <span class='ocrx_word' id='word_1_146' title='bbox 663 1656 729 1734; x_wconf 89' lang='lat' dir='ltr'><strong>jam</strong></span> <span class='ocrx_word' id='word_1_147' title='bbox 744 1675 810 1716; x_wconf 91' lang='lat' dir='ltr'><strong>eam</strong></span> <span class='ocrx_word' id='word_1_148' title='bbox 826 1656 943 1717; x_wconf 84' lang='lat' dir='ltr'><strong>latente</strong></span> <span class='ocrx_word' id='word_1_149' title='bbox 959 1656 1037 1718; x_wconf 91' lang='lat' dir='ltr'><strong>Urso</strong></span> <span class='ocrx_word' id='word_1_150' title='bbox 1053 1655 1181 1728; x_wconf 86' lang='lat' dir='ltr'><strong>viderat,</strong></span> <span class='ocrx_word' id='word_1_151' title='bbox 1207 1662 1349 1717; x_wconf 81' lang='lat' dir='ltr'><strong>exstante</strong></span> <span class='ocrx_word' id='word_1_152' title='bbox 1365 1653 1395 1714; x_wconf 91' lang='lat' dir='ltr'><strong>in</strong></span> <span class='ocrx_word' id='word_1_153' title='bbox 1411 1673 1488 1714; x_wconf 94' lang='lat' dir='ltr'><strong>nun-</strong></span> 
     </span>
    </p>
   </div>
   <div class='ocr_carea' id='block_1_5' title="bbox 124 1742 1605 1826">
    <p class='ocr_par' dir='ltr' id='par_1_5' title="bbox 124 1742 1605 1826">
     <span class='ocr_line' id='line_1_16' title="bbox 124 1742 1605 1826; baseline -0.001 -22"><span class='ocrx_word' id='word_1_154' title='bbox 124 1744 204 1806; x_wconf 90' lang='lat' dir='ltr'><strong>dinis</strong></span> <span class='ocrx_word' id='word_1_155' title='bbox 228 1744 346 1821; x_wconf 77' lang='lat' dir='ltr'><strong>integro</strong></span> <span class='ocrx_word' id='word_1_156' title='bbox 370 1744 486 1818; x_wconf 89' lang='lat' dir='ltr'><strong>libello,</strong></span> <span class='ocrx_word' id='word_1_157' title='bbox 520 1764 576 1805; x_wconf 91' lang='lat' dir='ltr'><strong>nec</strong></span> <span class='ocrx_word' id='word_1_158' title='bbox 601 1745 748 1824; x_wconf 85' lang='lat' dir='ltr'><strong>epistolae</strong></span> <span class='ocrx_word' id='word_1_159' title='bbox 772 1745 828 1806; x_wconf 92' lang='lat' dir='ltr'><strong>hac</strong></span> <span class='ocrx_word' id='word_1_160' title='bbox 853 1764 927 1824; x_wconf 87' lang='lat' dir='ltr'><strong>opus</strong></span> <span class='ocrx_word' id='word_1_161' title='bbox 957 1744 1014 1806; x_wconf 89' lang='lat' dir='ltr'><strong>fuit</strong></span> <span class='ocrx_word' id='word_1_162' title='bbox 1037 1744 1179 1806; x_wconf 90' lang='lat' dir='ltr'><strong>editione.</strong></span> <span class='ocrx_word' id='word_1_163' title='bbox 1227 1742 1325 1814; x_wconf 86' lang='lat' dir='ltr'><strong>Quam</strong></span> <span class='ocrx_word' id='word_1_164' title='bbox 1354 1743 1489 1822; x_wconf 83' lang='lat' dir='ltr'><strong>graviter</strong></span> <span class='ocrx_word' id='word_1_165' title='bbox 1596 1808 1605 1826; x_wconf 52' lang='grc'><strong><em>,</em></strong></span> 
     </span>
    </p>
   </div>
   <div class='ocr_carea' id='block_1_6' title="bbox 117 1831 1561 3874">
    <p class='ocr_par' dir='ltr' id='par_1_6' title="bbox 117 1831 1561 2717">
     <span class='ocr_line' id='line_1_17' title="bbox 123 1831 1488 1915; baseline 0.001 -23"><span class='ocrx_word' id='word_1_166' title='bbox 123 1842 227 1896; x_wconf 88' lang='lat' dir='ltr'><strong>autem</strong></span> <span class='ocrx_word' id='word_1_167' title='bbox 253 1832 328 1893; x_wconf 91' lang='lat' dir='ltr'><strong>haec</strong></span> <span class='ocrx_word' id='word_1_168' title='bbox 352 1833 444 1894; x_wconf 93' lang='lat' dir='ltr'><strong>editio</strong></span> <span class='ocrx_word' id='word_1_169' title='bbox 467 1853 516 1894; x_wconf 89' lang='lat' dir='ltr'><strong>me</strong></span> <span class='ocrx_word' id='word_1_170' title='bbox 540 1834 680 1908; x_wconf 87' lang='lat' dir='ltr'><strong>haberet,</strong></span> <span class='ocrx_word' id='word_1_171' title='bbox 712 1853 778 1895; x_wconf 93' lang='lat' dir='ltr'><strong>cum</strong></span> <span class='ocrx_word' id='word_1_172' title='bbox 803 1835 898 1895; x_wconf 81' lang='lat' dir='ltr'><strong>literis</strong></span> <span class='ocrx_word' id='word_1_173' title='bbox 923 1834 961 1895; x_wconf 91' lang='lat' dir='ltr'><strong>ad</strong></span> <span class='ocrx_word' id='word_1_174' title='bbox 984 1833 1023 1895; x_wconf 95' lang='lat' dir='ltr'><strong>D.</strong></span> <span class='ocrx_word' id='word_1_175' title='bbox 1049 1833 1223 1915; x_wconf 88' lang='lat' dir='ltr'><strong>Tychonem</strong></span> <span class='ocrx_word' id='word_1_176' title='bbox 1247 1840 1279 1893; x_wconf 92' lang='lat' dir='ltr'><strong>et</strong></span> <span class='ocrx_word' id='word_1_177' title='bbox 1302 1832 1341 1892; x_wconf 93' lang='lat' dir='ltr'><strong>ad</strong></span> <span class='ocrx_word' id='word_1_178' title='bbox 1364 1831 1488 1893; x_wconf 91' lang='lat' dir='ltr'><strong>Roesli-</strong></span> 
     </span>
     <span class='ocr_line' id='line_1_18' title="bbox 122 1918 1489 2002; baseline 0 -20"><span class='ocrx_word' id='word_1_179' title='bbox 122 1941 193 1983; x_wconf 93' lang='lat' dir='ltr'><strong>num</strong></span> <span class='ocrx_word' id='word_1_180' title='bbox 218 1923 396 2002; x_wconf 79' lang='lat' dir='ltr'><strong>perscriptis</strong></span> <span class='ocrx_word' id='word_1_181' title='bbox 419 1930 566 1985; x_wconf 91' lang='lat' dir='ltr'><strong>testatum</strong></span> <span class='ocrx_word' id='word_1_182' title='bbox 591 1923 663 1984; x_wconf 85' lang='lat' dir='ltr'><strong>feci:</strong></span> <span class='ocrx_word' id='word_1_183' title='bbox 688 1933 752 1985; x_wconf 91' lang='lat' dir='ltr'><strong>tum</strong></span> <span class='ocrx_word' id='word_1_184' title='bbox 767 1924 845 1986; x_wconf 88' lang='lat' dir='ltr'><strong>Urso</strong></span> <span class='ocrx_word' id='word_1_185' title='bbox 869 1923 928 2002; x_wconf 90' lang='lat' dir='ltr'><strong>ipsi</strong></span> <span class='ocrx_word' id='word_1_186' title='bbox 951 1923 1096 2001; x_wconf 87' lang='lat' dir='ltr'><strong>superiori</strong></span> <span class='ocrx_word' id='word_1_187' title='bbox 1112 1921 1258 1984; x_wconf 87' lang='lat' dir='ltr'><strong>Januario</strong></span> <span class='ocrx_word' id='word_1_188' title='bbox 1282 1918 1399 1994; x_wconf 78' lang='lat'>(1600)</span> <span class='ocrx_word' id='word_1_189' title='bbox 1424 1920 1489 2000; x_wconf 91' lang='lat' dir='ltr'><strong>pri·</strong></span> 
     </span>
     <span class='ocr_line' id='line_1_19' title="bbox 122 2010 1561 2092; baseline -0.001 -20"><span class='ocrx_word' id='word_1_190' title='bbox 122 2031 206 2072; x_wconf 92' lang='lat' dir='ltr'><strong>mum</strong></span> <span class='ocrx_word' id='word_1_191' title='bbox 231 2018 323 2090; x_wconf 91' lang='lat' dir='ltr'><strong>atque</strong></span> <span class='ocrx_word' id='word_1_192' title='bbox 347 2011 477 2090; x_wconf 86' lang='lat' dir='ltr'><strong>Pragam</strong></span> <span class='ocrx_word' id='word_1_193' title='bbox 501 2014 580 2080; x_wconf 91' lang='lat' dir='ltr'><strong>veni,</strong></span> <span class='ocrx_word' id='word_1_194' title='bbox 605 2011 634 2073; x_wconf 91' lang='lat' dir='ltr'><strong>in</strong></span> <span class='ocrx_word' id='word_1_195' title='bbox 659 2013 766 2073; x_wconf 90' lang='lat' dir='ltr'><strong>faciem</strong></span> <span class='ocrx_word' id='word_1_196' title='bbox 791 2012 862 2086; x_wconf 89' lang='lat' dir='ltr'><strong>dixi,</strong></span> <span class='ocrx_word' id='word_1_197' title='bbox 888 2029 1051 2092; x_wconf 89' lang='lat' dir='ltr'><strong>suppresso</strong></span> <span class='ocrx_word' id='word_1_198' title='bbox 1077 2021 1178 2073; x_wconf 88' lang='lat' dir='ltr'><strong>tamen</strong></span> <span class='ocrx_word' id='word_1_199' title='bbox 1196 2029 1261 2072; x_wconf 90' lang='lat' dir='ltr'><strong>meo</strong></span> <span class='ocrx_word' id='word_1_200' title='bbox 1277 2010 1413 2083; x_wconf 83' lang='lat' dir='ltr'><strong>nomine3</strong></span> <span class='ocrx_word' id='word_1_201' title='bbox 1438 2029 1486 2082; x_wconf 91' lang='lat' dir='ltr'><strong>ne,</strong></span> <span class='ocrx_word' id='word_1_202' title='bbox 1559 2085 1561 2089; x_wconf 11' lang='lat' dir='ltr'>y</span> 
     </span>
     <span class='ocr_line' id='line_1_20' title="bbox 119 2099 1487 2180; baseline -0.001 -20"><span class='ocrx_word' id='word_1_203' title='bbox 119 2100 144 2162; x_wconf 83' lang='lat' dir='ltr'><strong>ai</strong></span> <span class='ocrx_word' id='word_1_204' title='bbox 172 2119 243 2160; x_wconf 82' lang='lat' dir='ltr'><strong>cunr</strong></span> <span class='ocrx_word' id='word_1_205' title='bbox 267 2109 428 2178; x_wconf 89' lang='lat' dir='ltr'><strong>praesente</strong></span> <span class='ocrx_word' id='word_1_206' title='bbox 452 2101 584 2180; x_wconf 87' lang='lat' dir='ltr'><strong>Keplero</strong></span> <span class='ocrx_word' id='word_1_207' title='bbox 609 2101 666 2162; x_wconf 89' lang='lat' dir='ltr'><strong>sibi</strong></span> <span class='ocrx_word' id='word_1_208' title='bbox 690 2120 754 2163; x_wconf 80' lang='lat' dir='ltr'><strong>rein</strong></span> <span class='ocrx_word' id='word_1_209' title='bbox 778 2121 845 2162; x_wconf 88' lang='lat' dir='ltr'><strong>esse</strong></span> <span class='ocrx_word' id='word_1_210' title='bbox 870 2102 977 2174; x_wconf 90' lang='lat' dir='ltr'><strong>sciret,</strong></span> <span class='ocrx_word' id='word_1_211' title='bbox 1008 2120 1071 2161; x_wconf 91' lang='lat' dir='ltr'><strong>rem</strong></span> <span class='ocrx_word' id='word_1_212' title='bbox 1096 2101 1134 2161; x_wconf 92' lang='lat' dir='ltr'><strong>ad</strong></span> <span class='ocrx_word' id='word_1_213' title='bbox 1161 2100 1264 2179; x_wconf 86' lang='lat' dir='ltr'><strong>jurgia</strong></span> <span class='ocrx_word' id='word_1_214' title='bbox 1287 2099 1487 2180; x_wconf 87' lang='lat' dir='ltr'><strong>protraheret.</strong></span> 
     </span>
     <span class='ocr_line' id='line_1_21' title="bbox 118 2188 1487 2271; baseline -0.002 -19"><span class='ocrx_word' id='word_1_215' title='bbox 118 2189 243 2252; x_wconf 80' lang='lat' dir='ltr'><strong>Addidi</strong></span> <span class='ocrx_word' id='word_1_216' title='bbox 268 2197 300 2250; x_wconf 90' lang='lat' dir='ltr'><strong>et</strong></span> <span class='ocrx_word' id='word_1_217' title='bbox 319 2190 409 2251; x_wconf 90' lang='lat' dir='ltr'><strong>haec:</strong></span> <span class='ocrx_word' id='word_1_218' title='bbox 435 2190 554 2270; x_wconf 92' lang='lat' dir='ltr'><strong>quando</strong></span> <span class='ocrx_word' id='word_1_219' title='bbox 579 2190 709 2252; x_wconf 90' lang='lat' dir='ltr'><strong>luhuerit</strong></span> <span class='ocrx_word' id='word_1_220' title='bbox 731 2190 785 2266; x_wconf 90' lang='lat' dir='ltr'><strong>illi,</strong></span> <span class='ocrx_word' id='word_1_221' title='bbox 810 2210 868 2264; x_wconf 87' lang='lat' dir='ltr'><strong>me,</strong></span> <span class='ocrx_word' id='word_1_222' title='bbox 894 2191 944 2271; x_wconf 92' lang='lat' dir='ltr'><strong>qui</strong></span> <span class='ocrx_word' id='word_1_223' title='bbox 968 2190 1106 2269; x_wconf 91' lang='lat' dir='ltr'><strong>discipuli</strong></span> <span class='ocrx_word' id='word_1_224' title='bbox 1130 2190 1185 2250; x_wconf 90' lang='lat' dir='ltr'><strong>sub</strong></span> <span class='ocrx_word' id='word_1_225' title='bbox 1199 2207 1330 2269; x_wconf 90' lang='lat' dir='ltr'><strong>persona</strong></span> <span class='ocrx_word' id='word_1_226' title='bbox 1353 2188 1487 2266; x_wconf 89' lang='lat' dir='ltr'><strong>scripse·</strong></span> 
     </span>
     <span class='ocr_line' id='line_1_22' title="bbox 118 2276 1487 2359; baseline -0.002 -19"><span class='ocrx_word' id='word_1_227' title='bbox 118 2298 198 2350; x_wconf 87' lang='lat' dir='ltr'><strong>ram,</strong></span> <span class='ocrx_word' id='word_1_228' title='bbox 219 2277 250 2339; x_wconf 92' lang='lat' dir='ltr'><strong>in</strong></span> <span class='ocrx_word' id='word_1_229' title='bbox 271 2278 382 2357; x_wconf 87' lang='lat' dir='ltr'><strong>judicis</strong></span> <span class='ocrx_word' id='word_1_230' title='bbox 406 2280 552 2341; x_wconf 86' lang='lat' dir='ltr'><strong>subsellia</strong></span> <span class='ocrx_word' id='word_1_231' title='bbox 574 2280 699 2341; x_wconf 92' lang='lat' dir='ltr'><strong>invitum</strong></span> <span class='ocrx_word' id='word_1_232' title='bbox 722 2280 911 2359; x_wconf 89' lang='lat' dir='ltr'><strong>protrahere,</strong></span> <span class='ocrx_word' id='word_1_233' title='bbox 944 2287 1102 2359; x_wconf 90' lang='lat' dir='ltr'><strong>pateretur</strong></span> <span class='ocrx_word' id='word_1_234' title='bbox 1130 2297 1202 2358; x_wconf 84' lang='lat' dir='ltr'><strong>ergo</strong></span> <span class='ocrx_word' id='word_1_235' title='bbox 1226 2297 1272 2339; x_wconf 89' lang='lat' dir='ltr'><strong>me</strong></span> <span class='ocrx_word' id='word_1_236' title='bbox 1303 2278 1332 2339; x_wconf 92' lang='lat' dir='ltr'><strong>in</strong></span> <span class='ocrx_word' id='word_1_237' title='bbox 1357 2276 1411 2338; x_wconf 94' lang='lat' dir='ltr'><strong>illa</strong></span> <span class='ocrx_word' id='word_1_238' title='bbox 1435 2277 1487 2338; x_wconf 90' lang='lat' dir='ltr'><strong>lite</strong></span> 
     </span>
     <span class='ocr_line' id='line_1_23' title="bbox 117 2367 1486 2449; baseline -0.002 -19"><span class='ocrx_word' id='word_1_239' title='bbox 117 2369 262 2430; x_wconf 85' lang='lat' dir='ltr'><strong>literaria</strong></span> <span class='ocrx_word' id='word_1_240' title='bbox 287 2369 338 2439; x_wconf 91' lang='lat' dir='ltr'><strong>(de</strong></span> <span class='ocrx_word' id='word_1_241' title='bbox 362 2368 501 2430; x_wconf 89' lang='lat' dir='ltr'><strong>convitiis</strong></span> <span class='ocrx_word' id='word_1_242' title='bbox 525 2369 604 2431; x_wconf 89' lang='lat' dir='ltr'><strong>enim</strong></span> <span class='ocrx_word' id='word_1_243' title='bbox 632 2378 663 2430; x_wconf 90' lang='lat' dir='ltr'><strong>et</strong></span> <span class='ocrx_word' id='word_1_244' title='bbox 691 2369 805 2449; x_wconf 90' lang='lat' dir='ltr'><strong>injuriis</strong></span> <span class='ocrx_word' id='word_1_245' title='bbox 833 2369 965 2448; x_wconf 89' lang='lat' dir='ltr'><strong>politicis</strong></span> <span class='ocrx_word' id='word_1_246' title='bbox 994 2369 1144 2430; x_wconf 89' lang='lat' dir='ltr'><strong>actionem</strong></span> <span class='ocrx_word' id='word_1_247' title='bbox 1167 2367 1301 2449; x_wconf 87' lang='lat' dir='ltr'><strong>Tychoni</strong></span> <span class='ocrx_word' id='word_1_248' title='bbox 1334 2367 1486 2446; x_wconf 89' lang='lat' dir='ltr'><strong>relinque-</strong></span> 
     </span>
     <span class='ocr_line' id='line_1_24' title="bbox 118 2456 1486 2538; baseline -0.003 -18"><span class='ocrx_word' id='word_1_249' title='bbox 118 2459 224 2531; x_wconf 88' lang='lat' dir='ltr'><strong>bam),</strong></span> <span class='ocrx_word' id='word_1_250' title='bbox 255 2466 347 2518; x_wconf 86' lang='lat' dir='ltr'><strong>exuta</strong></span> <span class='ocrx_word' id='word_1_251' title='bbox 370 2457 509 2538; x_wconf 91' lang='lat' dir='ltr'><strong>discipuli</strong></span> <span class='ocrx_word' id='word_1_252' title='bbox 532 2459 682 2519; x_wconf 88' lang='lat' dir='ltr'><strong>modestia</strong></span> <span class='ocrx_word' id='word_1_253' title='bbox 701 2459 813 2537; x_wconf 91' lang='lat' dir='ltr'><strong>judicis</strong></span> <span class='ocrx_word' id='word_1_254' title='bbox 833 2459 1047 2521; x_wconf 89' lang='lat' dir='ltr'><strong>anctoritatem</strong></span> <span class='ocrx_word' id='word_1_255' title='bbox 1062 2477 1231 2532; x_wconf 86' lang='lat' dir='ltr'><strong>assumere,</strong></span> <span class='ocrx_word' id='word_1_256' title='bbox 1256 2465 1288 2518; x_wconf 90' lang='lat' dir='ltr'><strong>et</strong></span> <span class='ocrx_word' id='word_1_257' title='bbox 1312 2456 1389 2538; x_wconf 93' lang='lat' dir='ltr'><strong>qnod</strong></span> <span class='ocrx_word' id='word_1_258' title='bbox 1414 2475 1430 2517; x_wconf 88' lang='lat' dir='ltr'><strong>e</strong></span> <span class='ocrx_word' id='word_1_259' title='bbox 1454 2474 1486 2517; x_wconf 90' lang='lat' dir='ltr'><strong>re</strong></span> 
     </span>
     <span class='ocr_line' id='line_1_25' title="bbox 118 2545 1486 2627; baseline -0.003 -18"><span class='ocrx_word' id='word_1_260' title='bbox 118 2547 341 2609; x_wconf 90' lang='lat' dir='ltr'><strong>mathematica</strong></span> <span class='ocrx_word' id='word_1_261' title='bbox 364 2548 427 2608; x_wconf 88' lang='lat' dir='ltr'><strong>fore</strong></span> <span class='ocrx_word' id='word_1_262' title='bbox 451 2546 589 2609; x_wconf 90' lang='lat' dir='ltr'><strong>videatur</strong></span> <span class='ocrx_word' id='word_1_263' title='bbox 612 2547 728 2626; x_wconf 91' lang='lat' dir='ltr'><strong>publice</strong></span> <span class='ocrx_word' id='word_1_264' title='bbox 752 2547 885 2609; x_wconf 90' lang='lat' dir='ltr'><strong>vicissim</strong></span> <span class='ocrx_word' id='word_1_265' title='bbox 900 2549 1069 2609; x_wconf 85' lang='lat' dir='ltr'><strong>decernere.</strong></span> <span class='ocrx_word' id='word_1_266' title='bbox 1116 2546 1226 2627; x_wconf 90' lang='lat' dir='ltr'><strong>Sicque</strong></span> <span class='ocrx_word' id='word_1_267' title='bbox 1242 2565 1348 2608; x_wconf 90' lang='lat' dir='ltr'><strong>nomen</strong></span> <span class='ocrx_word' id='word_1_268' title='bbox 1363 2545 1486 2606; x_wconf 87' lang='lat' dir='ltr'><strong>tandem</strong></span> 
     </span>
     <span class='ocr_line' id='line_1_26' title="bbox 118 2636 745 2717; baseline -0.003 -18"><span class='ocrx_word' id='word_1_269' title='bbox 118 2636 280 2717; x_wconf 84' lang='lat' dir='ltr'><strong>professus</strong></span> <span class='ocrx_word' id='word_1_270' title='bbox 302 2636 426 2714; x_wconf 88' lang='lat' dir='ltr'><strong>pacifice</strong></span> <span class='ocrx_word' id='word_1_271' title='bbox 455 2636 526 2697; x_wconf 90' lang='lat' dir='ltr'><strong>ab</strong></span> <span class='ocrx_word' id='word_1_272' title='bbox 518 2655 584 2716; x_wconf 84' lang='lat' dir='ltr'><strong>ipso</strong></span> <span class='ocrx_word' id='word_1_273' title='bbox 608 2637 745 2698; x_wconf 89' lang='lat' dir='ltr'><strong>discessi.</strong></span> 
     </span>
    </p>

    <p class='ocr_par' dir='ltr' id='par_1_7' title="bbox 118 2723 1487 3874">
     <span class='ocr_line' id='line_1_27' title="bbox 213 2723 1486 2805; baseline 0 -21"><span class='ocrx_word' id='word_1_274' title='bbox 213 2723 282 2794; x_wconf 84' lang='lat' dir='ltr'><strong>Quo</strong></span> <span class='ocrx_word' id='word_1_275' title='bbox 305 2726 413 2788; x_wconf 89' lang='lat' dir='ltr'><strong>serius</strong></span> <span class='ocrx_word' id='word_1_276' title='bbox 417 2734 516 2787; x_wconf 89' lang='lat' dir='ltr'><strong>antem</strong></span> <span class='ocrx_word' id='word_1_277' title='bbox 532 2725 744 2787; x_wconf 83' lang='lat' dir='ltr'><strong>denunciatam</strong></span> <span class='ocrx_word' id='word_1_278' title='bbox 758 2727 836 2788; x_wconf 90' lang='lat' dir='ltr'><strong>Urso</strong></span> <span class='ocrx_word' id='word_1_279' title='bbox 852 2726 1062 2787; x_wconf 81' lang='lat' dir='ltr'><strong>refutationem</strong></span> <span class='ocrx_word' id='word_1_280' title='bbox 1087 2724 1166 2786; x_wconf 90' lang='lat' dir='ltr'><strong>illins</strong></span> <span class='ocrx_word' id='word_1_281' title='bbox 1182 2725 1286 2805; x_wconf 91' lang='lat' dir='ltr'><strong>scripti</strong></span> <span class='ocrx_word' id='word_1_282' title='bbox 1310 2724 1366 2786; x_wconf 91' lang='lat' dir='ltr'><strong>sub</strong></span> <span class='ocrx_word' id='word_1_283' title='bbox 1380 2742 1486 2785; x_wconf 90' lang='lat' dir='ltr'><strong>manus</strong></span> 
     </span>
     <span class='ocr_line' id='line_1_28' title="bbox 118 2813 1486 2895; baseline -0.003 -17"><span class='ocrx_word' id='word_1_284' title='bbox 118 2833 283 2888; x_wconf 83' lang='lat' dir='ltr'><strong>sumerem,</strong></span> <span class='ocrx_word' id='word_1_285' title='bbox 307 2814 419 2876; x_wconf 89' lang='lat' dir='ltr'><strong>multae</strong></span> <span class='ocrx_word' id='word_1_286' title='bbox 443 2834 479 2877; x_wconf 94' lang='lat' dir='ltr'><strong>ac</strong></span> <span class='ocrx_word' id='word_1_287' title='bbox 501 2814 661 2895; x_wconf 87' lang='lat' dir='ltr'><strong>praecipue</strong></span> <span class='ocrx_word' id='word_1_288' title='bbox 685 2815 868 2876; x_wconf 87' lang='lat' dir='ltr'><strong>domesticae</strong></span> <span class='ocrx_word' id='word_1_289' title='bbox 892 2816 1105 2893; x_wconf 85' lang='lat' dir='ltr'><strong>occupationes</strong></span> <span class='ocrx_word' id='word_1_290' title='bbox 1127 2813 1337 2893; x_wconf 90' lang='lat' dir='ltr'><strong>impedierunt.</strong></span> <span class='ocrx_word' id='word_1_291' title='bbox 1384 2813 1486 2874; x_wconf 90' lang='lat' dir='ltr'><strong>Inter-</strong></span> 
     </span>
     <span class='ocr_line' id='line_1_29' title="bbox 118 2902 1487 2984; baseline 0.001 -21"><span class='ocrx_word' id='word_1_292' title='bbox 118 2904 207 2966; x_wconf 86' lang='lat' dir='ltr'><strong>venit</strong></span> <span class='ocrx_word' id='word_1_293' title='bbox 231 2912 264 2964; x_wconf 89' lang='lat' dir='ltr'><strong>et</strong></span> <span class='ocrx_word' id='word_1_294' title='bbox 286 2923 366 2965; x_wconf 89' lang='lat' dir='ltr'><strong>mors</strong></span> <span class='ocrx_word' id='word_1_295' title='bbox 380 2904 461 2980; x_wconf 88' lang='lat' dir='ltr'><strong>Ursi,</strong></span> <span class='ocrx_word' id='word_1_296' title='bbox 486 2923 562 2984; x_wconf 90' lang='lat' dir='ltr'><strong>quae</strong></span> <span class='ocrx_word' id='word_1_297' title='bbox 577 2924 625 2965; x_wconf 88' lang='lat' dir='ltr'><strong>me</strong></span> <span class='ocrx_word' id='word_1_298' title='bbox 640 2905 773 2967; x_wconf 91' lang='lat' dir='ltr'><strong>nonnihil</strong></span> <span class='ocrx_word' id='word_1_299' title='bbox 796 2904 916 2966; x_wconf 92' lang='lat' dir='ltr'><strong>dubium</strong></span> <span class='ocrx_word' id='word_1_300' title='bbox 932 2904 1050 2966; x_wconf 91' lang='lat' dir='ltr'><strong>habuit:</strong></span> <span class='ocrx_word' id='word_1_301' title='bbox 1076 2922 1112 2965; x_wconf 91' lang='lat' dir='ltr'><strong>ne</strong></span> <span class='ocrx_word' id='word_1_302' title='bbox 1134 2912 1225 2976; x_wconf 78' lang='lat' dir='ltr'><strong>esset,</strong></span> <span class='ocrx_word' id='word_1_303' title='bbox 1251 2902 1300 2983; x_wconf 93' lang='lat' dir='ltr'><strong>qui</strong></span> <span class='ocrx_word' id='word_1_304' title='bbox 1324 2903 1401 2963; x_wconf 88' lang='lat' dir='ltr'><strong>hanc</strong></span> <span class='ocrx_word' id='word_1_305' title='bbox 1420 2920 1487 2964; x_wconf 92' lang='lat' dir='ltr'><strong>cum</strong></span> 
     </span>
     <span class='ocr_line' id='line_1_30' title="bbox 118 2991 1485 3073; baseline -0.002 -17"><span class='ocrx_word' id='word_1_306' title='bbox 118 3002 242 3056; x_wconf 89' lang='lat' dir='ltr'><strong>mortuo</strong></span> <span class='ocrx_word' id='word_1_307' title='bbox 264 3011 395 3073; x_wconf 85' lang='lat' dir='ltr'><strong>pugnam</strong></span> <span class='ocrx_word' id='word_1_308' title='bbox 417 2995 660 3056; x_wconf 88' lang='lat' dir='ltr'><strong>calumniaretur.</strong></span> <span class='ocrx_word' id='word_1_309' title='bbox 707 2992 770 3055; x_wconf 90' lang='lat' dir='ltr'><strong>Sed</strong></span> <span class='ocrx_word' id='word_1_310' title='bbox 794 2993 863 3073; x_wconf 91' lang='lat' dir='ltr'><strong>qnia</strong></span> <span class='ocrx_word' id='word_1_311' title='bbox 886 2993 1064 3071; x_wconf 89' lang='lat' dir='ltr'><strong>promissum</strong></span> <span class='ocrx_word' id='word_1_312' title='bbox 1088 3011 1185 3054; x_wconf 90' lang='lat' dir='ltr'><strong>meum</strong></span> <span class='ocrx_word' id='word_1_313' title='bbox 1208 2992 1247 3054; x_wconf 94' lang='lat' dir='ltr'><strong>D.</strong></span> <span class='ocrx_word' id='word_1_314' title='bbox 1268 2992 1370 3073; x_wconf 86' lang='lat' dir='ltr'><strong>Tycho</strong></span> <span class='ocrx_word' id='word_1_315' title='bbox 1385 2991 1485 3053; x_wconf 88' lang='lat' dir='ltr'><strong>Brabe</strong></span> 
     </span>
     <span class='ocr_line' id='line_1_31' title="bbox 118 3081 1482 3162; baseline -0.001 -17"><span class='ocrx_word' id='word_1_316' title='bbox 118 3083 268 3162; x_wconf 84' lang='lat' dir='ltr'><strong>urgebat,</strong></span> <span class='ocrx_word' id='word_1_317' title='bbox 293 3101 312 3142; x_wconf 93' lang='lat' dir='ltr'><strong>a</strong></span> <span class='ocrx_word' id='word_1_318' title='bbox 334 3083 417 3162; x_wconf 88' lang='lat' dir='ltr'><strong>cujus</strong></span> <span class='ocrx_word' id='word_1_319' title='bbox 437 3083 568 3145; x_wconf 88' lang='lat' dir='ltr'><strong>humeris</strong></span> <span class='ocrx_word' id='word_1_320' title='bbox 592 3084 647 3145; x_wconf 91' lang='lat' dir='ltr'><strong>hoc</strong></span> <span class='ocrx_word' id='word_1_321' title='bbox 671 3102 747 3144; x_wconf 90' lang='lat' dir='ltr'><strong>onus</strong></span> <span class='ocrx_word' id='word_1_322' title='bbox 771 3082 921 3144; x_wconf 88' lang='lat' dir='ltr'><strong>scribendi</strong></span> <span class='ocrx_word' id='word_1_323' title='bbox 944 3083 1038 3162; x_wconf 90' lang='lat' dir='ltr'><strong>primo</strong></span> <span class='ocrx_word' id='word_1_324' title='bbox 1062 3082 1140 3144; x_wconf 91' lang='lat' dir='ltr'><strong>ultro</strong></span> <span class='ocrx_word' id='word_1_325' title='bbox 1164 3081 1194 3144; x_wconf 94' lang='lat' dir='ltr'><strong>in</strong></span> <span class='ocrx_word' id='word_1_326' title='bbox 1210 3102 1257 3143; x_wconf 92' lang='lat' dir='ltr'><strong>me</strong></span> <span class='ocrx_word' id='word_1_327' title='bbox 1272 3099 1482 3161; x_wconf 87' lang='lat' dir='ltr'><strong>susceperam:</strong></span> 
     </span>
     <span class='ocr_line' id='line_1_32' title="bbox 118 3171 1484 3252; baseline -0.001 -19"><span class='ocrx_word' id='word_1_328' title='bbox 118 3180 153 3234; x_wconf 88' lang='lat' dir='ltr'><strong>et</strong></span> <span class='ocrx_word' id='word_1_329' title='bbox 177 3172 251 3251; x_wconf 89' lang='lat' dir='ltr'><strong>quia</strong></span> <span class='ocrx_word' id='word_1_330' title='bbox 274 3189 328 3250; x_wconf 89' lang='lat' dir='ltr'><strong>por</strong></span> <span class='ocrx_word' id='word_1_331' title='bbox 350 3192 383 3233; x_wconf 89' lang='lat' dir='ltr'><strong>ss</strong></span> <span class='ocrx_word' id='word_1_332' title='bbox 406 3192 454 3233; x_wconf 91' lang='lat' dir='ltr'><strong>res</strong></span> <span class='ocrx_word' id='word_1_333' title='bbox 479 3179 546 3235; x_wconf 90' lang='lat' dir='ltr'><strong>erat</strong></span> <span class='ocrx_word' id='word_1_334' title='bbox 567 3173 711 3247; x_wconf 89' lang='lat' dir='ltr'><strong>honesta,</strong></span> <span class='ocrx_word' id='word_1_335' title='bbox 743 3173 911 3252; x_wconf 84' lang='lat' dir='ltr'><strong>exstirpare</strong></span> <span class='ocrx_word' id='word_1_336' title='bbox 936 3191 974 3233; x_wconf 87' lang='lat' dir='ltr'><strong>ex</strong></span> <span class='ocrx_word' id='word_1_337' title='bbox 998 3171 1104 3234; x_wconf 93' lang='lat' dir='ltr'><strong>animis</strong></span> <span class='ocrx_word' id='word_1_338' title='bbox 1138 3172 1318 3233; x_wconf 87' lang='lat' dir='ltr'><strong>discentium</strong></span> <span class='ocrx_word' id='word_1_339' title='bbox 1341 3188 1484 3232; x_wconf 89' lang='lat' dir='ltr'><strong>erroneae</strong></span> 
     </span>
     <span class='ocr_line' id='line_1_33' title="bbox 118 3260 1484 3342; baseline 0 -20"><span class='ocrx_word' id='word_1_340' title='bbox 118 3260 299 3340; x_wconf 90' lang='lat' dir='ltr'><strong>opiniones,</strong></span> <span class='ocrx_word' id='word_1_341' title='bbox 334 3261 495 3324; x_wconf 87' lang='lat' dir='ltr'><strong>obliterare</strong></span> <span class='ocrx_word' id='word_1_342' title='bbox 529 3263 558 3323; x_wconf 96' lang='lat' dir='ltr'><strong>in</strong></span> <span class='ocrx_word' id='word_1_343' title='bbox 589 3262 800 3324; x_wconf 88' lang='lat' dir='ltr'><strong>Maecenatnm</strong></span> <span class='ocrx_word' id='word_1_344' title='bbox 829 3262 1041 3341; x_wconf 89' lang='lat' dir='ltr'><strong>persuasiones</strong></span> <span class='ocrx_word' id='word_1_345' title='bbox 1074 3262 1251 3342; x_wconf 90' lang='lat' dir='ltr'><strong>impressam</strong></span> <span class='ocrx_word' id='word_1_346' title='bbox 1281 3261 1484 3323; x_wconf 90' lang='lat' dir='ltr'><strong>inventionum</strong></span> 
     </span>
     <span class='ocr_line' id='line_1_34' title="bbox 118 3349 1483 3433; baseline 0 -23"><span class='ocrx_word' id='word_1_347' title='bbox 118 3349 408 3411; x_wconf 89' lang='lat' dir='ltr'><strong>mathematicarum</strong></span> <span class='ocrx_word' id='word_1_348' title='bbox 432 3351 627 3412; x_wconf 92' lang='lat' dir='ltr'><strong>calumniam:</strong></span> <span class='ocrx_word' id='word_1_349' title='bbox 662 3369 717 3412; x_wconf 90' lang='lat' dir='ltr'><strong>nec</strong></span> <span class='ocrx_word' id='word_1_350' title='bbox 741 3350 935 3425; x_wconf 90' lang='lat' dir='ltr'><strong>inusitatum,</strong></span> <span class='ocrx_word' id='word_1_351' title='bbox 970 3353 1007 3413; x_wconf 91' lang='lat' dir='ltr'><strong>de</strong></span> <span class='ocrx_word' id='word_1_352' title='bbox 1041 3360 1225 3414; x_wconf 90' lang='lat' dir='ltr'><strong>mortuorum</strong></span> <span class='ocrx_word' id='word_1_353' title='bbox 1262 3351 1483 3433; x_wconf 88' lang='lat' dir='ltr'><strong>quanticunque</strong></span> 
     </span>
     <span class='ocr_line' id='line_1_35' title="bbox 118 3438 1483 3522; baseline 0 -22"><span class='ocrx_word' id='word_1_354' title='bbox 118 3439 237 3500; x_wconf 75' lang='lat' dir='ltr'><strong>fuerint</strong></span> <span class='ocrx_word' id='word_1_355' title='bbox 263 3439 384 3518; x_wconf 91' lang='lat' dir='ltr'><strong>placitis</strong></span> <span class='ocrx_word' id='word_1_356' title='bbox 413 3448 445 3502; x_wconf 91' lang='lat' dir='ltr'><strong>et</strong></span> <span class='ocrx_word' id='word_1_357' title='bbox 466 3440 594 3520; x_wconf 91' lang='lat' dir='ltr'><strong>puhlicis</strong></span> <span class='ocrx_word' id='word_1_358' title='bbox 618 3441 816 3501; x_wconf 87' lang='lat' dir='ltr'><strong>monumentis</strong></span> <span class='ocrx_word' id='word_1_359' title='bbox 840 3441 1001 3502; x_wconf 88' lang='lat' dir='ltr'><strong>decernere</strong></span> <span class='ocrx_word' id='word_1_360' title='bbox 1025 3441 1206 3520; x_wconf 87' lang='lat' dir='ltr'><strong>superstites</strong></span> <span class='ocrx_word' id='word_1_361' title='bbox 1227 3442 1321 3522; x_wconf 93' lang='lat' dir='ltr'><strong>(quod</strong></span> <span class='ocrx_word' id='word_1_362' title='bbox 1339 3440 1406 3520; x_wconf 88' lang='lat' dir='ltr'><strong>ipse</strong></span> <span class='ocrx_word' id='word_1_363' title='bbox 1420 3438 1483 3501; x_wconf 91' lang='lat' dir='ltr'><strong>Ur-</strong></span> 
     </span>
     <span class='ocr_line' id='line_1_36' title="bbox 118 3526 1484 3608; baseline -0.001 -19"><span class='ocrx_word' id='word_1_364' title='bbox 118 3547 175 3590; x_wconf 78' lang='lat' dir='ltr'><strong>sus</strong></span> <span class='ocrx_word' id='word_1_365' title='bbox 210 3528 262 3589; x_wconf 85' lang='lat' dir='ltr'><strong>fol.</strong></span> <span class='ocrx_word' id='word_1_366' title='bbox 293 3527 327 3589; x_wconf 83' lang='grc' dir='ltr'><strong>Ο.</strong></span> <span class='ocrx_word' id='word_1_367' title='bbox 351 3526 381 3591; x_wconf 82' lang='grc'><strong>2.</strong></span> <span class='ocrx_word' id='word_1_368' title='bbox 412 3529 443 3590; x_wconf 94' lang='lat' dir='ltr'><strong>in</strong></span> <span class='ocrx_word' id='word_1_369' title='bbox 471 3531 626 3591; x_wconf 88' lang='lat' dir='ltr'><strong>demortuo</strong></span> <span class='ocrx_word' id='word_1_370' title='bbox 655 3529 752 3591; x_wconf 90' lang='lat' dir='ltr'><strong>Ramo</strong></span> <span class='ocrx_word' id='word_1_371' title='bbox 783 3530 917 3591; x_wconf 88' lang='lat' dir='ltr'><strong>taxando</strong></span> <span class='ocrx_word' id='word_1_372' title='bbox 946 3530 1138 3608; x_wconf 90' lang='lat' dir='ltr'><strong>comprobat)</strong></span> <span class='ocrx_word' id='word_1_373' title='bbox 1172 3531 1296 3592; x_wconf 86' lang='lat' dir='ltr'><strong>tandem</strong></span> <span class='ocrx_word' id='word_1_374' title='bbox 1326 3546 1397 3607; x_wconf 82' lang='lat' dir='ltr'><strong>ergo</strong></span> <span class='ocrx_word' id='word_1_375' title='bbox 1433 3528 1484 3588; x_wconf 93' lang='lat' dir='ltr'><strong>diu</strong></span> 
     </span>
     <span class='ocr_line' id='line_1_37' title="bbox 120 3616 1483 3698; baseline -0.001 -21"><span class='ocrx_word' id='word_1_376' title='bbox 120 3617 273 3696; x_wconf 79' lang='lat' dir='ltr'><strong>agitatam</strong></span> <span class='ocrx_word' id='word_1_377' title='bbox 295 3616 373 3678; x_wconf 90' lang='lat' dir='ltr'><strong>hanc</strong></span> <span class='ocrx_word' id='word_1_378' title='bbox 391 3619 636 3698; x_wconf 90' lang='lat' dir='ltr'><strong>scriptiunculam</strong></span> <span class='ocrx_word' id='word_1_379' title='bbox 661 3619 760 3680; x_wconf 91' lang='lat' dir='ltr'><strong>animo</strong></span> <span class='ocrx_word' id='word_1_380' title='bbox 785 3620 901 3680; x_wconf 89' lang='lat' dir='ltr'><strong>sincero</strong></span> <span class='ocrx_word' id='word_1_381' title='bbox 926 3628 957 3680; x_wconf 87' lang='lat' dir='ltr'><strong>et</strong></span> <span class='ocrx_word' id='word_1_382' title='bbox 980 3619 1023 3680; x_wconf 89' lang='lat' dir='ltr'><strong>rei</strong></span> <span class='ocrx_word' id='word_1_383' title='bbox 1043 3619 1275 3680; x_wconf 87' lang='lat' dir='ltr'><strong>mathematicae</strong></span> <span class='ocrx_word' id='word_1_384' title='bbox 1295 3617 1395 3678; x_wconf 92' lang='lat' dir='ltr'><strong>studio</strong></span> <span class='ocrx_word' id='word_1_385' title='bbox 1411 3634 1483 3677; x_wconf 89' lang='lat' dir='ltr'><strong>sus-</strong></span> 
     </span>
     <span class='ocr_line' id='line_1_38' title="bbox 122 3706 1482 3789; baseline -0.001 -23"><span class='ocrx_word' id='word_1_386' title='bbox 122 3707 204 3785; x_wconf 90' lang='lat' dir='ltr'><strong>cepi,</strong></span> <span class='ocrx_word' id='word_1_387' title='bbox 233 3714 365 3786; x_wconf 91' lang='lat' dir='ltr'><strong>putoque</strong></span> <span class='ocrx_word' id='word_1_388' title='bbox 393 3708 437 3769; x_wconf 91' lang='lat' dir='ltr'><strong>sic</strong></span> <span class='ocrx_word' id='word_1_389' title='bbox 461 3727 526 3769; x_wconf 81' lang='lat' dir='ltr'><strong>eam</strong></span> <span class='ocrx_word' id='word_1_390' title='bbox 554 3708 758 3789; x_wconf 76' lang='lat' dir='ltr'><strong>perterruisse,</strong></span> <span class='ocrx_word' id='word_1_391' title='bbox 790 3715 879 3769; x_wconf 90' lang='lat' dir='ltr'><strong>utet</strong></span> <span class='ocrx_word' id='word_1_392' title='bbox 902 3708 941 3769; x_wconf 92' lang='lat' dir='ltr'><strong>ad</strong></span> <span class='ocrx_word' id='word_1_393' title='bbox 964 3728 1011 3769; x_wconf 89' lang='lat' dir='ltr'><strong>me</strong></span> <span class='ocrx_word' id='word_1_394' title='bbox 1042 3709 1185 3769; x_wconf 81' lang='lat' dir='ltr'><strong>defensae</strong></span> <span class='ocrx_word' id='word_1_395' title='bbox 1217 3714 1249 3768; x_wconf 92' lang='lat' dir='ltr'><strong>et</strong></span> <span class='ocrx_word' id='word_1_396' title='bbox 1278 3707 1317 3767; x_wconf 92' lang='lat' dir='ltr'><strong>ad</strong></span> <span class='ocrx_word' id='word_1_397' title='bbox 1340 3706 1482 3767; x_wconf 86' lang='lat' dir='ltr'><strong>lectorem</strong></span> 
     </span>
     <span class='ocr_line' id='line_1_39' title="bbox 123 3796 928 3874; baseline 0.004 -17"><span class='ocrx_word' id='word_1_398' title='bbox 123 3796 246 3874; x_wconf 84' lang='lat' dir='ltr'><strong>agnitae</strong></span> <span class='ocrx_word' id='word_1_399' title='bbox 270 3796 410 3858; x_wconf 88' lang='lat' dir='ltr'><strong>veritatis</strong></span> <span class='ocrx_word' id='word_1_400' title='bbox 434 3797 552 3860; x_wconf 90' lang='lat' dir='ltr'><strong>utilitas</strong></span> <span class='ocrx_word' id='word_1_401' title='bbox 576 3805 607 3859; x_wconf 90' lang='lat' dir='ltr'><strong>et</strong></span> <span class='ocrx_word' id='word_1_402' title='bbox 630 3798 696 3859; x_wconf 91' lang='lat' dir='ltr'><strong>laus</strong></span> <span class='ocrx_word' id='word_1_403' title='bbox 720 3797 854 3859; x_wconf 89' lang='lat' dir='ltr'><strong>reditura</strong></span> <span class='ocrx_word' id='word_1_404' title='bbox 877 3797 928 3860; x_wconf 89' lang='lat' dir='ltr'><strong>sit.</strong></span> 
     </span>
    </p>
   </div>
   <div class='ocr_carea' id='block_1_7' title="bbox 0 0 1644 5542">
    <p class='ocr_par' dir='ltr' id='par_1_8' title="bbox 0 0 1644 5542">
     <span class='ocr_line' id='line_1_40' title="bbox 0 0 1644 5542; baseline 0 1"><span class='ocrx_word' id='word_1_405' title='bbox 0 0 1644 5542; x_wconf 95' lang='lat' dir='ltr'><strong> </strong></span> 
     </span>
    </p>
   </div>
  </div>
 </body>
</html>
