3278 5542
653 327 810 394 mea
829 330 981 380 aaa...
1250 262 1252 267 .
1425 329 1491 399 ras

129 486 214 549 Nam
237 493 360 566 praeter
383 485 522 566 antiquos
542 493 684 565 aspectus
706 502 746 547 ex
767 479 853 547 novis
876 488 993 550 accedit
1017 489 1150 568 quintilis
1174 488 1298 552 Saturni
1318 499 1349 551 et
1372 491 1491 554 Martis.

128 574 280 657 Sequitur
302 575 470 637 amoenitas
494 574 693 655 pulcherrima
711 593 777 636 cum
801 576 1033 640 humectatione.
1079 577 1152 640 Fine
1176 579 1310 641 tonitrua
1323 588 1356 642 et
1369 580 1491 644 imbres.

696 663 827 726 Thesis
850 664 934 726 LVI.

225 750 303 814 Cum
324 771 417 814 causa
439 751 618 814 universalis
642 770 785 815 annorum
809 753 1015 833 dispositionis
1039 753 1206 832 ignoretur,
1236 756 1279 818 ita
1310 756 1348 817 de
1372 762 1491 819 aestate

128 841 207 905 mibi
231 841 421 903 scribendum
445 849 507 916 est,
537 860 573 902 ac
606 841 631 902 si
655 860 750 902 annus
779 842 842 921 ipse
870 861 924 904 sou
947 842 1040 903 Terra
1063 843 1119 905 hoc
1143 862 1220 906 anno
1249 845 1291 907 sit
1314 845 1413 907 lutura
1437 864 1491 906 suo

127 938 229 994 statu.
276 931 384 1011 Itaque
408 930 433 991 si
458 930 649 1009 conjecturae
674 931 875 1010 astrologicae
907 931 989 993 circa
1016 931 1199 995 individuum
1238 932 1267 996 in
1301 940 1388 994 tauta
1416 952 1490 996 cau-

128 1038 235 1082 sarum
266 1019 453 1099 ignoratione
496 1020 657 1092 labantur,
691 1019 781 1082 venia
812 1020 919 1100 dignas
946 1028 1029 1099 puto.
1085 1020 1154 1082 Non
1183 1021 1260 1082 enim
1288 1041 1491 1103 supervacuae

128 1106 201 1171 dici·
217 1118 360 1188 possunt,
395 1127 471 1188 quae
504 1108 532 1168 in
565 1108 694 1191 materia
724 1108 872 1171 maximae
897 1108 974 1171 citra
996 1110 1232 1172 controversiam
1254 1110 1397 1174 utilitatis
1420 1130 1491 1172 ver-

126 1207 255 1271 sunum
289 1198 315 1258 si
348 1199 486 1277 quando,
520 1215 596 1276 quae
628 1198 726 1259 adhuc
759 1198 873 1272 latent,
908 1199 938 1259 in
970 1199 1066 1260 lucem
1092 1199 1212 1279 penitus
1246 1198 1489 1279 producerentur.

126 1286 239 1367 Itaque
262 1285 344 1347 Junii
366 1286 543 1366 principium
568 1285 714 1348 fervidum
738 1295 770 1348 et
793 1306 931 1349 serenum
950 1287 1069 1365 judico;
1096 1295 1168 1367 post
1190 1287 1384 1367 plenilunium
1406 1288 1489 1367 peris

126 1375 254 1439 culoaas
278 1376 508 1449 commotiones,
535 1374 760 1449 inundationes,
790 1385 821 1437 et
844 1376 969 1437 fulmina
991 1376 1106 1438 crebra.
1154 1375 1188 1438 Si
1211 1376 1362 1456 generalis
1385 1376 1489 1458 dispo·

125 1462 202 1527 sitio
234 1464 347 1525 Terrae
379 1464 418 1526 ad
451 1462 621 1526 siccitatem
654 1463 832 1538 inclinaret,
866 1465 939 1527 nihil
972 1472 1056 1526 esset
1081 1464 1215 1545 periculi.
1264 1464 1379 1528 Contra
1402 1465 1428 1527 si
1452 1465 1491 1529 ad

124 1550 357 1615 humiditatem:
382 1572 441 1615 non
464 1562 553 1614 erumt
575 1553 709 1627 fulmina,
732 1553 788 1615 sed
811 1553 970 1615 continuae
994 1562 1026 1614 et
1049 1554 1176 1633 frigidae
1199 1555 1329 1634 pluviae.
1376 1554 1492 1625 Ultima

124 1641 281 1704 medietas
305 1642 454 1704 continuis
479 1642 564 1722 quasi
587 1642 771 1704 stationibus
795 1642 823 1703 iu
848 1660 920 1705 suos
943 1650 1085 1726 aspectus
1109 1650 1157 1704 est
1180 1642 1351 1712 distributa.
1395 1641 1490 1716 Com,-

124 1731 279 1795 motiones
303 1740 399 1793 erunt.
447 1730 620 1792 Verisimile
652 1739 790 1809 putarem
819 1731 856 1793 ob
890 1732 1009 1794 multas
1034 1730 1230 1793 humiditates
1253 1731 1491 1811 frigidiusculum

124 1820 261 1882 futurum
286 1817 434 1893 mensem,
464 1819 521 1881 nisi
550 1819 598 1881 hic
625 1820 688 1899 jam
712 1829 795 1883 totus
819 1839 914 1883 annus
938 1816 1030 1883 1601.
1056 1820 1127 1883 talis
1151 1821 1269 1883 fuisset.
1316 1819 1372 1883 Sin
1395 1838 1490 1883 annus

124 1909 344 1972 universaliter
368 1910 407 1971 ad
430 1909 601 1971 siccitatem
624 1910 794 1982 inclinetur,
819 1929 857 1971 ea
879 1909 934 1971 hoe
958 1928 1060 1971 mense
1085 1917 1171 1971 tauto
1195 1910 1290 1989 maj0r
1314 1910 1381 1972 erit.

677 1997 812 2060 Tlresis
836 1998 936 2059 LVII.

125 2132 128 2138 .
215 2084 317 2147 Julius
340 2086 446 2147 eodem
468 2085 499 2147 in
523 2106 614 2148 censu
638 2094 696 2158 est,
711 2086 817 2149 eadem
833 2085 1042 2166 ambiguitate.
1070 2086 1151 2148 Nam
1173 2082 1213 2148 18
1228 2095 1371 2166 aspectus
1385 2086 1489 2149 babet

122 2171 309 2239 Cum-euim
333 2175 495 2254 quotannis
523 2174 584 2238 150
607 2175 728 2238 circiter
751 2176 813 2237 sint
836 2185 996 2255 depectus,
1035 2175 1055 2237 ii
1082 2175 1139 2237 hoc
1167 2193 1244 2236 anno
1272 2175 1381 2254 potiori
1402 2184 1488 2255 parte

122 2263 157 2325 in
185 2271 335 2326 semestre
364 2264 512 2326 aestivum
541 2266 775 2327 accumulantur.
832 2264 907 2325 Dies
939 2265 964 2325 1.
995 2262 1025 2326 2.
1051 2263 1081 2327 5.
1107 2260 1127 2326 6
1160 2264 1339 2338 mediocres,
1373 2265 1489 2326 ventosi

123 2370 195 2415 cum
218 2352 372 2413 imbribus.
410 2353 485 2414 Dies
509 2350 539 2417 8.
565 2353 683 2432 pluvius
707 2361 738 2414 et
763 2353 902 2433 frigidus:
928 2354 1049 2414 flatuosi
1073 2349 1103 2417 9.
1131 2352 1181 2416 11.
1218 2352 1264 2413 At
1289 2350 1339 2414 12.
1368 2349 1488 2417 1914.

122 2441 310 2504 infestantur
334 2441 446 2518 (159,
477 2460 554 2521 quae
578 2442 634 2503 hoc
659 2460 735 2504 anno
760 2450 899 2522 quartum
927 2442 1064 2504 iteratur.
1111 2442 1325 2520 Tempestates
1348 2459 1487 2522 magnae.

120 2528 200 2592 Dias
228 2528 276 2593 18.
307 2527 356 2593 19.
381 2526 435 2593 21.
460 2530 556 2605 mixti,
582 2531 683 2592 lotura
707 2531 840 2592 tonitrua
863 2540 894 2591 et
917 2531 1040 2593 imbres.
1070 2530 1118 2591 Ex
1141 2548 1177 2592 eo
1193 2530 1344 2595 serenitas
1359 2540 1391 2593 et
1405 2530 1488 2592 calor

121 2636 263 2699 magnus,
288 2621 521 2699 congrediuntur
544 2617 623 2680 enirn
646 2619 777 2699 Augusti
798 2619 944 2699 principio
968 2619 1089 2698 Jupiter
1111 2627 1143 2681 ct
1166 2620 1261 2683 Mars.

189 2759 193 2765 ,
670 2708 802 2770 Tlresis
825 2708 942 2771 LVIII.

125 2834 129 2839 -
216 2796 351 2857 Tandem
388 2796 491 2878 aliqua
523 2795 662 2876 Augusto
695 2797 798 2877 quies,
827 2806 859 2859 et
890 2798 982 2859 calor.
1029 2796 1086 2857 Die
1117 2794 1146 2858 5.
1169 2796 1289 2877 pluviae
1319 2803 1351 2856 et
1378 2796 1426 2857 die
1454 2792 1486 2859 9.
1584 2808 1591 2819 ·

121 2882 217 2948 Circa
243 2883 293 2947 15.
317 2885 444 2965 frigidae
476 2886 595 2965 pluviae
619 2906 687 2947 curn
711 2886 883 2948 tonitribus.
930 2886 1005 2948 Post
1028 2885 1083 2946 hos
1107 2894 1226 2959 aestus,
1251 2892 1283 2946 et
1310 2880 1359 2947 19.
1385 2884 1487 2947 valida

122 2974 299 3039 eommotio.

686 3062 820 3124 Thesis
844 3061 926 3123 LIX.

167 3222 170 3227 ,
215 3150 398 3232 September
426 3151 511 3213 initio
545 3170 599 3212 suo
624 3158 707 3213 statu
731 3159 794 3213 est:
825 3151 854 3212 d.
884 3151 931 3213 11.
956 3149 1091 3229 pluviae,
1116 3150 1261 3212 nebulae:
1286 3149 1351 3211 dies
1379 3144 1429 3210 15.
1453 3156 1486 3210 et

125 3239 178 3305 17.
204 3240 346 3303 humecti.
393 3240 438 3302 At
461 3240 508 3301 die
533 3237 585 3301 20.
612 3236 698 3318 (1156
722 3241 835 3302 infesta
851 3248 906 3300 est
929 3239 1100 3300 admodum.
1139 3239 1238 3319 Tepor
1256 3239 1283 3302 si
1305 3235 1483 3319 praecessit,

118 3331 185 3412 jam
215 3329 354 3391 horridae
385 3336 585 3409 tempestates
618 3337 715 3392 erunt.
761 3332 807 3391 At
836 3329 862 3391 si
890 3329 1027 3390 humidus
1056 3328 1239 3408 generaliter
1267 3348 1361 3390 annus
1390 3333 1483 3399 esset,

118 3417 243 3500 pluviae
269 3418 324 3480 bos
348 3418 413 3480 dies
437 3419 591 3480 confertae
616 3420 795 3481 obtenturas
819 3425 924 3481 essent
947 3437 1012 3479 cum
1028 3417 1148 3497 frigore.
1183 3417 1216 3478 In
1230 3435 1342 3497 genere
1357 3416 1482 3492 nebulae

118 3507 280 3591 plurimae.
327 3507 402 3570 Dies
425 3508 517 3569 etiam
540 3505 593 3570 27.
618 3506 743 3569 nebulas
767 3508 838 3571 ciet.
885 3505 1007 3569 (laeteri
1031 3515 1154 3569 manent
1175 3524 1230 3568 suo
1253 3514 1348 3568 statu.

692 3597 826 3658 Thesis
848 3595 917 3657 LX.

213 3683 345 3756 Quintus
376 3683 518 3747 Octobris
556 3684 681 3764 frigidas
715 3685 833 3764 pluvias
871 3684 972 3746 habet.
1019 3683 1065 3743 De
1096 3690 1197 3744 cetero
1228 3681 1339 3742 mensis
1370 3678 1417 3740 hic
1447 3698 1481 3740 eo

120 3781 208 3837 statu
236 3775 312 3849 erit,
346 3793 432 3854 quem
464 3773 598 3836 admittit
630 3773 809 3853 September
836 3773 1028 3836 antecedens.
1075 3771 1155 3833 Nam
1178 3780 1211 3832 ut
1239 3787 1330 3849 saepe
1358 3767 1479 3842 dictum,

119 3863 248 3927 multum
284 3863 430 3937 interest,
464 3864 581 3943 qualem
611 3864 722 3925 Terrae
756 3862 1001 3926 constitutionem
1028 3860 1141 3922 mensis
1174 3859 1301 3939 quilibet
1336 3856 1479 3919 inveniat.
1594 3933 1602 3954 ,

120 3952 199 4015 Ilie's
222 3951 252 4016 3.
278 3949 310 4016 9.
335 3951 388 4015 27.
413 3953 527 4015 habent
550 3952 677 4014 nimbos.
715 3952 790 4016 Dies
814 3950 867 4015 28.
893 3948 945 4015 29.
970 3949 1069 4012 ventis
1092 3956 1286 4028 perstrepunt
1309 3953 1341 4009 et
1363 3945 1480 4026 pluvia,

120 4043 177 4106 sad
201 4043 333 4105 calorem
356 4050 429 4122 puto
462 4050 686 4123 superaturnm3
720 4044 779 4104 etsi
810 4041 928 4122 quidem
960 4048 1118 4101 ventormn
1151 4037 1334 4119 quorundam
1373 4043 1484 4098 natura

121 4151 160 4194 ex
183 4130 358 4213 regionibus
381 4132 444 4194 suis
467 4130 672 4210 frigidissima.

683 4219 816 4281 Thesis
839 4218 921 4281 LXI.

210 4307 315 4370 Etiam
336 4308 508 4371 November
532 4317 580 4371 est
602 4308 632 4370 in
656 4329 712 4371 sua
735 4307 952 4379 mediocritate,
967 4304 1176 4384 grandinosus,
1196 4309 1229 4366 et
1246 4302 1366 4366 acribus
1380 4300 1481 4362 ventis

118 4396 242 4461 infestis
266 4398 396 4477 quintus.
444 4394 660 4467 Quindecimns
693 4398 870 4459 inconstans
901 4404 933 4457 et
962 4394 1080 4473 tepidus
1108 4394 1146 4454 ob
1175 4392 1315 4455 sextilem
1338 4389 1425 4452 Jovis
1449 4396 1481 4467 et

118 4485 253 4549 Veneris
291 4487 348 4548 hoc
381 4485 450 4547 anni
478 4494 624 4566 tempore.
670 4487 745 4548 Dies
776 4482 826 4548 18.
854 4485 974 4565 pluvias
998 4482 1104 4544 habet:
1140 4482 1185 4544 sin
1215 4499 1351 4542 serenum
1379 4476 1478 4550 fuerit,

118 4577 250 4657 primum
274 4576 354 4655 gelu.
400 4576 447 4636 At
467 4574 540 4637 mibi
563 4576 693 4637 nondum
716 4574 867 4637 credibilis
890 4574 1005 4654 hyems.
1052 4572 1134 4635 Nam
1156 4572 1212 4634 tine
1233 4570 1343 4632 mensis
1359 4565 1481 4647 Jupiter

118 4664 216 4729 usai
244 4671 277 4737 et
307 4664 423 4727 Veneri
459 4665 661 4745 configuratus
680 4665 760 4751 ‘dies
793 4663 955 4726 etiamnum
982 4660 1102 4742 tepidos
1135 4660 1270 4734 exhibet,
1305 4664 1338 4719 et
1363 4655 1480 4719 nimbos

118 4772 187 4819 oum
211 4753 332 4829 ventis;
356 4754 406 4834 qui
428 4772 483 4836 per
505 4753 647 4817 accidens
670 4754 766 4834 frigus
790 4751 901 4816 alicubi
925 4751 1048 4815 facient.
1124 4805 1127 4811 ,

141 4857 377 4918 *maome
555 4864 558 4869 ·
788 4918 791 4923 ,
1234 4850 1268 4903 cs
1342 4920 1349 4929 .
