3278 5542
691 353 895 404 amum·
1406 356 1469 423 aar

118 531 161 574 tec
187 511 291 593 ipsum
316 518 432 593 potest.
477 511 559 575 Nam
586 512 631 575 sic
659 512 778 593 quidem
807 513 933 594 planeta
961 513 1155 592 retrogradus
1183 512 1283 590 fieret,
1317 523 1352 578 at
1383 516 1470 581 simul

118 599 302 664 stitudinem
334 601 492 681 aequalem
524 601 660 664 efficeret
690 601 954 682 retrogradationi.
1006 602 1072 664 Nec
1105 601 1228 665 tertium
1256 623 1324 667 esse
1356 614 1469 684 potest.

118 689 188 752 lam
216 690 343 770 planeta
369 689 400 751 in
427 689 523 752 latum
544 691 704 753 veheretur
727 691 772 752 cis
802 698 834 751 et
856 691 936 753 ultra
959 691 1139 771 eclipticam.
1186 691 1221 752 In
1249 692 1295 755 his
1320 693 1470 775 angustiis

118 778 200 841 diter
223 786 364 841 statuere
386 796 446 841 non
465 797 601 860 possum,
628 798 716 860 quam
741 779 821 860 quod
844 787 898 841 ant
919 779 1106 842 Aristoteles
1130 780 1169 841 ad
1191 778 1309 844 Eudoxi
1333 782 1471 845 delinea-

118 867 222 930 ionem
251 868 434 949 respiciens,
467 868 517 949 qui
546 869 658 930 lineam
689 888 727 930 ex
750 869 845 930 Terra
871 886 926 948 per
955 876 1060 931 centra
1084 868 1284 949 e'picyclorum
1311 870 1469 947 educebat,

118 956 192 1020 llam
222 975 311 1019 axem
333 957 482 1037 sphaerae
512 976 566 1020 seu
590 957 716 1038 epicyeli
739 957 972 1032 existimaverit,
1005 958 1132 1037 ideoque
1161 957 1247 1036 polos
1270 959 1325 1021 illa
1346 970 1468 1039 puncta,

117 1045 218 1126 quibus
241 1045 323 1109 linea
345 1046 511 1127 epioycium
529 1048 670 1122 secabat;
694 1057 747 1109 aut
761 1054 853 1122 certe,
879 1047 949 1126 quia
971 1047 1087 1108 ratione
1103 1045 1206 1125 optica
1227 1048 1290 1109 tale
1305 1048 1468 1130 episphae·

118 1134 174 1198 ion
198 1134 233 1197 in
250 1135 336 1215 justo
358 1134 420 1197 situ
443 1135 483 1197 ad
505 1136 628 1214 planum
651 1135 810 1215 eclipticas
825 1135 901 1198 visui
915 1135 1205 1215 perpendiculariter
1219 1135 1371 1215 objectum
1386 1138 1469 1218 pingi

118 1223 229 1305 nequit,
258 1224 328 1305 quin
350 1223 412 1304 poli
436 1231 469 1286 et
491 1233 628 1287 centrum
657 1225 792 1305 adeoque
825 1233 908 1287 totus
931 1225 999 1286 axis
1021 1224 1052 1286 in
1076 1243 1165 1286 unum
1187 1234 1330 1304 punctum
1354 1226 1468 1289 coinci-

118 1314 193 1388 lnnt,
220 1313 287 1393 ipss
311 1313 404 1376 etiam
417 1313 604 1375 Aristoteles
628 1320 734 1376 centra
756 1323 788 1375 et
810 1314 897 1393 polos
920 1313 1100 1386 confuderit,
1123 1332 1189 1375 cum
1208 1313 1335 1385 videret,
1360 1314 1469 1378 lineam

118 1422 146 1464 rx
168 1402 269 1465 Terra
294 1420 350 1484 per
377 1402 502 1484 epicycli
532 1411 668 1465 centrum
696 1411 796 1465 actam
825 1403 854 1463 in
883 1402 1054 1482 eclipticam
1080 1402 1158 1464 duci.
1204 1403 1311 1482 Itaque
1344 1404 1468 1479 factum,

118 1499 142 1555 rt
163 1490 370 1567 existimaret,
394 1500 507 1553 motum
531 1492 682 1570 sphaerae
706 1494 754 1564 (ut
777 1492 804 1553 is
828 1492 993 1572 epicyclum
1017 1491 1167 1571 appellat)
1192 1511 1259 1553 esse
1283 1491 1364 1554 ciros
1386 1493 1471 1555 illam

118 1580 229 1644 ineam
276 1579 470 1643 Necessitate
493 1581 596 1660 itaque
619 1581 723 1642 adacti
745 1580 802 1643 hoc
826 1581 863 1642 ds
878 1581 1047 1642 Aristotele
1070 1579 1264 1659 suspicemur,
1290 1589 1322 1643 et
1345 1581 1389 1645 sic
1413 1601 1469 1644 ex·

118 1669 257 1733 ›licemus
279 1668 448 1739 Eudoxum,
473 1669 581 1731 tertiae
605 1669 756 1749 sphaerae
780 1672 872 1750 (quae
887 1670 1039 1752 epicyclus
1059 1669 1150 1732 fuerit
1172 1688 1235 1742 seu,
1261 1677 1295 1731 ut
1308 1670 1471 1733 Aristoteli

118 1759 295 1833 »iaceamus
321 1758 556 1839 episphaerium)
581 1768 715 1821 centrum
739 1767 771 1820 et
803 1760 924 1839 planum
951 1758 1082 1820 medinm
1112 1758 1142 1819 in
1166 1759 1287 1837 planum
1311 1759 1470 1839 eclipticas

118 1848 320 1929 rumpetiisse,
352 1855 387 1909 nt
409 1848 507 1909 lineae
530 1867 569 1908 ex
592 1848 687 1910 Terra
709 1865 763 1928 per
786 1856 922 1909 centrum
951 1848 1038 1927 hujus
1063 1846 1188 1927 epicyoli
1213 1848 1327 1928 ejectae
1351 1848 1381 1910 in
1404 1848 1469 1912 sin-

118 1938 187 2017 ptis
216 1935 352 2017 planetis
381 1935 519 2017 singulae
544 1936 669 2011 fuerim,
704 1937 733 1998 in
765 1936 789 2010 Q
819 1955 889 1998 vero
918 1938 994 2013 etl}
1022 1936 1218 1999 coinciderint
1245 1944 1278 1998 et
1304 1956 1364 1998 uua
1390 1936 1472 1999 linea

118 2027 236 2089 luerint.
283 2026 318 2087 ln
341 2025 400 2088 hae
422 2045 501 2088 vero
516 2025 609 2088 tertia
631 2025 712 2088 eliud
737 2026 957 2106 episphaerium
972 2026 1066 2087 luisse
1080 2025 1287 2098 constitutum,
1312 2026 1396 2106 cujus
1410 2025 1473 2105 poli

118 2114 239 2196 spolie
269 2113 380 2177 tertiae
409 2115 589 2177 declinarint
621 2123 705 2176 tanto
736 2116 851 2194 spatio,
886 2121 1029 2194 quantum
1051 2114 1222 2176 sufficiebat
1250 2113 1471 2177 latitudinibus.

118 2203 152 2267 Et
179 2204 282 2286 quarti
312 2203 432 2284 quidem
460 2212 544 2266 motu
575 2203 606 2265 in
634 2205 850 2284 consequentia
876 2204 1029 2283 planetam
1062 2213 1093 2264 et
1122 2203 1152 2265 in
1184 2204 1277 2264 latum
1300 2203 1416 2282 digredi
1440 2211 1473 2265 et

118 2294 325 2374 mnogradum
348 2292 379 2354 in
403 2293 462 2355 imo
486 2292 611 2375 epicpcli
635 2293 711 2367 lieri,
745 2293 827 2355 tertii
850 2311 921 2353 vcro
945 2299 1026 2354 motu
1051 2292 1082 2353 id
1105 2291 1197 2365 effici,
1229 2299 1263 2353 ut
1284 2294 1409 2370 planeta
1432 2292 1474 2355 sit

119 2380 146 2445 in
163 2381 299 2445 maxima
322 2381 591 2473 latitudine„jam
614 2383 693 2464 apud
717 2381 835 2455 Solem,
858 2382 922 2461 jam
945 2382 976 2444 in
999 2382 1065 2461 ejus
1088 2382 1243 2462 opposito,
1262 2381 1327 2462 jam
1349 2381 1380 2444 iu
1404 2389 1472 2444 sta-

121 2470 245 2535 tionibus
271 2471 325 2534 tne.
417 2500 419 2509 ·

200 2559 347 2640 Sequitur
368 2558 400 2621 in
414 2558 598 2622 Aristotele:
623 2557 791 2639 „Calippus
815 2565 915 2621 autem
938 2556 1120 2638 positionem
1143 2558 1262 2639 quidem
1276 2560 1473 2641 sphaerarum

129 2650 241 2714 eandem
265 2669 332 2712 curn
355 2648 482 2711 Eudoxo
504 2649 615 2728 posuit,
641 2657 704 2709 tum
727 2657 759 2711 et
783 2647 944 2710 intervalia
966 2647 1087 2709 cadem:
1116 2665 1205 2728 porro
1229 2647 1266 2718 ei,
1291 2666 1368 2728 quae
1386 2646 1473 2710 Jovis

131 2746 255 2820 aquas
284 2733 426 2810 Saturni,
457 2737 584 2799 eandem
611 2738 807 2816 sphaerarum
839 2736 1060 2799 multitudinem
1092 2735 1323 2816 (quantitatem)
1357 2737 1473 2800 dedit.“

134 2823 195 2906 hb
218 2836 251 2890 et
273 2826 305 2902 lt
326 2827 448 2908 penitus
470 2826 705 2909 nihilqmutavit,
730 2826 1058 2916 nem'inaequalitates
1077 2842 1178 2888 eornm
1202 2845 1296 2887 causa
1318 2826 1365 2887 sui
1380 2827 1472 2901 orbis,

135 2925 237 2997 propter
255 2916 382 2978 tardum.
399 2934 500 2977 eorum
523 2915 661 2992 reditum,
688 2935 743 2977 nec
766 2917 831 2997 ipse
855 2914 984 2995 quidem,
1009 2915 1144 2995 quamvis
1167 2913 1354 2994 professione
1369 2922 1473 2976 astro·

140 3021 231 3082 mnus,
256 3005 498 3068 animadvertere
519 3013 651 3085 poterat.
698 3004 787 3080 „Soli
810 3022 882 3067 vero
904 3014 936 3066 et
954 3004 1059 3065 Lunae
1083 3004 1158 3066 duas
1181 3003 1303 3082 iusuper
1326 3003 1472 3084 adjicien-

141 3091 180 3155 dos
199 3093 398 3170 existimavit,
422 3093 448 3154 si
473 3094 539 3174 quis
561 3101 719 3174 praestare
743 3095 847 3167 debet,
873 3113 949 3174 quae
973 3100 1138 3172 apparent:
1164 3092 1286 3172 reliquis
1310 3112 1381 3154 vero
1403 3093 1474 3173 pla-

143 3183 201 3245 netis
220 3184 378 3264 unicuique
401 3182 525 3246 unam.“
571 3179 717 3263 Calippus
741 3203 799 3245 non
822 3182 1067 3264 philosophorum
1095 3181 1185 3244 alicui
1207 3190 1310 3244 sectae
1334 3182 1474 3245 addictus

144 3269 197 3340 (non
215 3280 388 3336 recensetur
412 3271 490 3334 enim
513 3292 533 3334 a
556 3272 682 3335 Laertio
705 3273 785 3335 inter
807 3273 1032 3354 philosophos),
1047 3271 1116 3334 'sed
1145 3280 1179 3333 ut
1203 3271 1264 3334 dixi
1287 3272 1474 3351 professione

146 3367 325 3437 astronomus,
354 3361 557 3424 astronomica
588 3362 735 3425 tractavit
763 3382 857 3442 eaque
887 3361 1057 3423 accuratius
1086 3379 1174 3440 qnam
1197 3359 1342 3422 Eudoxus
1374 3362 1476 3441 philo·

147 3450 246 3529 tophus,
275 3469 423 3533 quaerens
447 3450 678 3513 concinnitates.
725 3451 952 3513 Animadvertit
979 3449 1070 3530 igitur
1093 3448 1304 3512 observatione
1328 3449 1474 3530 diligenti,

148 3529 186 3613 Θ,
202 3545 237 3615 d,
260 3548 303 3616 d,
327 3539 406 3618 M
438 3539 539 3620 plures
562 3539 661 3601 inesse
685 3539 931 3620 inaequalitates,
958 3557 1045 3620 quam
1059 3538 1179 3601 Eudoxi
1202 3539 1302 3599 ferunt
1323 3537 1475 3618 hypothe·
1522 3588 1525 3597 .

147 3638 191 3687 tes:
210 3649 274 3693 eam
296 3648 341 3691 sc.
366 3647 442 3709 quae
465 3636 634 3708 respectum
658 3629 752 3691 hahet
779 3629 816 3690 ad
838 3637 942 3707 partes
963 3628 1089 3702 zodiaci,
1115 3645 1204 3707 quam
1219 3627 1475 3689 eccentricitatem

148 3707 252 3782 dicimus.
298 3719 405 3798 ltaque
435 3717 538 3780 orbem
565 3736 655 3780 unum
681 3717 809 3798 singulis
838 3717 971 3791 addidit,
1000 3715 1049 3797 qui
1080 3724 1178 3778 utrum
1207 3714 1357 3797 epicyclus
1387 3714 1477 3776 luerit

148 3817 175 3862 m
189 3806 319 3871 deierans
342 3806 542 3869 ecceutricum
562 3807 733 3888 (utmmque
757 3807 836 3869 enim
859 3805 922 3874 fieri
945 3805 1058 3885 potuit,
1089 3804 1186 3883 magis
1217 3812 1318 3865 tamen
1342 3804 1414 3877 hoc)
1438 3822 1476 3864 ex

147 3883 287 3962 hverois
310 3895 442 3963 decerni,
453 3895 566 3975 nequit.

208 3986 264 4051 llic
292 3984 386 4066 igitur
412 3985 607 4064 incongruam
630 3986 849 4046 Fracastoreus
883 3985 971 4045 affert
999 3980 1294 4062 interpretationem
1322 3981 1418 4061 primo
1445 3981 1484 4064 in

147 4060 196 4135 Sole
214 4085 245 4139 et
266 4076 367 4148 Luna,
391 4074 444 4148 ait,
470 4073 557 4136 binos
580 4073 719 4154 utrinque
743 4073 865 4135 additos
889 4094 908 4133 a
932 4070 1069 4152 Calippo,
1095 4071 1144 4152 qni
1167 4078 1238 4132 sunt
1261 4069 1381 4150 singuli,
1404 4090 1476 4133 eos-

147 4172 185 4234 que
203 4166 243 4228 sic
266 4170 469 4244 comparatos,
493 4171 528 4224 ut
550 4163 727 4225 tarditatem
751 4171 783 4223 et
805 4162 1010 4236 velocitatem,
1035 4179 1110 4242 quae
1134 4160 1164 4221 in
1188 4167 1312 4239 utroque
1337 4168 1476 4240 apparet,

146 4259 265 4336 tumque
296 4252 448 4334 positione
480 4251 717 4314 eccentrioitatis
748 4270 801 4314 nos
834 4251 994 4326 efficimus,
1028 4250 1185 4311 inveheret
1216 4248 1412 4312 luminaribus
1445 4258 1478 4311 et

144 4339 237 4407 ⁰rdinet
259 4343 407 4424 sphaeras
431 4341 471 4402 ad
493 4342 613 4403 modum
641 4342 901 4403 homocentrornm
921 4358 1051 4401 suornm.
1100 4335 1196 4408 Quasi
1214 4339 1303 4400 modo
1327 4346 1390 4399 tam
1415 4338 1476 4399 dif-

142 4419 323 4496 telinense
344 4430 390 4493 usi
412 4437 543 4506 veteres,
568 4431 652 4511 isque
676 4429 796 4491 silentio
821 4451 840 4491 a
862 4428 1077 4491 recentioribus
1101 4427 1192 4489 fuerit
1215 4428 1362 4506 sepultus.
1409 4427 1475 4503 Ve-

141 4527 187 4583 ftn
205 4530 264 4598 est,
286 4519 376 4582 orbes
398 4519 456 4582 hos
478 4538 547 4581 esse
570 4528 694 4599 propter
717 4517 984 4592 eccentricitatem,
1010 4517 1064 4578 sed
1079 4516 1188 4595 singuli
1205 4514 1370 4589 sufiiciunt,
1398 4515 1477 4595 quod

140 4601 235 4675 iretur
265 4610 429 4692 desperare
451 4610 686 4683 lhaoastoreus,
718 4608 829 4688 singuli
853 4626 897 4669 sc.
922 4606 1048 4690 epicycli
1076 4614 1131 4667 aut
1156 4604 1270 4667 circelli
1298 4604 1378 4665 circa
1401 4622 1474 4666 cen-

139 4697 207 4777 ilnm,
229 4701 258 4765 si
282 4697 371 4763 simul
392 4715 585 4778 progressum
600 4715 803 4776 apogaeomm
823 4697 942 4758 efficere
955 4696 1101 4759 Eudoxus
1116 4693 1220 4756 voluit.
1262 4694 1327 4755 Neo
1346 4694 1383 4755 ds
1398 4693 1494 4763 binis„

138 4785 264 4872 iiniaque
291 4784 472 4854 Aristotelis
499 4787 595 4850 verba
624 4795 745 4850 sonant.
794 4785 912 4848 Deinde
945 4784 1030 4847 illum
1062 4782 1092 4845 in
1120 4782 1229 4845 ceteris
1256 4783 1476 4845 hhacastoreus

136 4887 206 4954 lutat
225 4878 376 4952 additum,
397 4882 523 4959 propter
546 4894 648 4940 aarum
670 4877 710 4940 ab
732 4883 897 4958 aequatore
921 4871 1161 4948 declinationem,
1187 4871 1228 4934 ad
1244 4889 1380 4934 normam
1392 4870 1476 4934 Solis

172 4981 374 5039 menopes-1.
508 5013 514 5022 ‚
1230 4973 1264 5028 1⁷
