3278 5542
634 349 640 355 ι
673 279 706 330 de
722 279 795 329 rebus
814 276 975 346 astrologicis.
1438 272 1504 342 375

140 437 291 502 Munna
323 438 417 501 edam
445 438 590 502 interiora
620 439 783 500 intervalla
815 439 955 500 similiter
984 436 1127 498 dividere.
1174 432 1255 504 Quia
1283 437 1362 498 enim
1394 445 1504 500 natura

137 527 254 608 probat
275 527 468 589 intervallum
493 527 680 607 „paschali“,
707 528 755 602 sa,
787 527 849 602 sol,
885 529 931 602 la,
960 527 1011 586 ubi
1031 535 1079 587 est
1102 532 1191 587 tonus
1215 523 1326 599 minor,
1360 525 1502 604 probabit

137 615 251 691 etiam,
282 624 315 678 nt
339 616 377 677 ab
401 616 562 677 intervallo
583 636 632 690 -re,
659 616 703 690 fa,
737 615 897 690 „victimae
921 614 1047 696 pasch.“
1073 612 1244 675 auferamus
1269 614 1374 675 itidem
1397 622 1501 676 tonum

137 704 287 768 minorem
310 703 485 780 ,vidistin“,
509 712 581 766 tunc
604 705 685 767 enim
707 712 810 767 manet
833 704 969 784 superius
989 702 1178 767 semitonium
1204 703 1337 774 „vidist“
1363 703 1497 782 ejusdem

136 793 324 873 quantitatis
355 812 424 857 cum
454 794 591 873 superius
615 794 780 855 constituto
804 793 941 866 interd,
976 793 1032 853 dis.
1081 790 1145 853 Sed
1169 809 1261 869 quare
1291 809 1350 852 non
1374 791 1499 853 inferius
1549 794 1551 797 ’

137 882 328 945 collocamus
356 881 549 949 semitonium
579 876 664 964 ¹⁵ira,
699 881 835 962 superius
868 882 1012 944 minorem
1041 887 1144 942 tonum
1179 871 1255 959 iro?
1301 878 1498 958 Respondeo:

137 970 172 1032 id
195 970 319 1050 quidem
343 970 435 1033 etiam
458 971 502 1046 fit,
526 971 581 1031 sed
604 989 662 1031 non
687 989 820 1049 semper;
845 979 876 1032 et
900 970 992 1031 habet
1015 987 1137 1030 causam
1163 969 1338 1041 naturalem,
1364 975 1398 1030 ut
1420 969 1500 1030 inter

137 1059 267 1138 medus,
292 1058 343 1138 qui
366 1077 458 1138 saepe
482 1059 646 1134 calcantur,
671 1059 733 1122 sint
756 1059 981 1121 consonantiae.
1028 1056 1157 1127 Quando
1173 1075 1244 1135 ergo
1263 1057 1292 1118 in
1308 1055 1401 1135 dpopp
1414 1058 1499 1120 vocis

137 1166 174 1210 re
197 1147 377 1228 respicimus
400 1148 440 1209 ad
464 1148 496 1221 d,
522 1156 556 1210 nt
577 1168 615 1210 ea
634 1148 747 1211 chorda
770 1149 891 1227 saepius
914 1148 1060 1227 pulsetur,
1085 1152 1154 1206 tuno
1176 1163 1233 1206 non
1250 1145 1341 1206 debet
1362 1164 1423 1206 vox
1444 1164 1500 1225 per

136 1235 254 1318 mis,
279 1235 308 1310 b,
333 1255 361 1311 c,
385 1235 480 1311 dire,
514 1237 585 1315 quia
616 1237 692 1299 det
714 1237 761 1317 gis
785 1256 843 1298 non
868 1244 1045 1298 consonant.
1093 1232 1222 1304 Quando
1252 1240 1353 1297 autem
1375 1252 1434 1295 vox
1459 1235 1498 1296 ad

138 1324 170 1399 b,
195 1343 225 1399 c,
249 1323 269 1385 d
292 1343 352 1387 non
377 1335 427 1388 est
448 1344 623 1399 ascensura,
646 1325 721 1388 nihil
730 1324 880 1406 prohibet,
905 1346 923 1385 a
947 1324 1013 1404 gin
1038 1322 1085 1402 gis
1109 1322 1283 1394 ascendere,
1303 1322 1432 1401 indeque
1447 1342 1497 1384 re-

136 1412 229 1477 verti.
275 1412 427 1493 Denique,
458 1413 485 1474 si
510 1433 717 1493 comparemus
740 1413 913 1475 harmonias
942 1410 1137 1474 secundariae
1170 1404 1223 1491 7„
1261 1403 1316 1491 V„
1355 1403 1409 1491 'l„
1447 1404 1497 1492 Ἃ,

137 1520 198 1565 uon
223 1521 290 1565 oum
313 1501 464 1581 primariis
494 1496 546 1584 Ἄ,
577 1497 630 1585 7„
655 1504 707 1564 sed
732 1522 798 1564 cum
823 1502 907 1582 ipsis,
932 1511 966 1564 ut
993 1494 1028 1579 Ἰ,
1058 1507 1090 1562 ct
1118 1493 1170 1581 ⁶l„
1196 1499 1244 1560 vel
1273 1492 1341 1583 ²7„
1362 1507 1394 1560 et
1414 1493 1497 1581 ²⁶f„,

136 1589 247 1653 existit
269 1590 460 1653 intervallum
483 1591 562 1670 inter
585 1592 605 1652 h
628 1593 696 1654 etb
721 1592 825 1653 durum
848 1598 880 1652 et
894 1589 993 1662 molle,
1019 1609 1061 1650 sc.
1083 1582 1172 1668 ”im
1198 1605 1285 1667 qnam
1301 1590 1384 1650 soleo
1400 1589 1496 1652 diesin

139 1679 312 1759 appellare,
346 1686 453 1759 estque
476 1680 648 1743 differentia
670 1679 821 1742 semitonii
851 1700 869 1740 a
893 1688 964 1741 tono
988 1679 1112 1740 minore.
1147 1676 1201 1764 ¹Iit
1229 1677 1299 1755 quia
1321 1698 1377 1740 usu
1400 1679 1494 1752 venit,

136 1777 173 1830 nt
199 1768 294 1830 etiam
320 1768 352 1830 in
375 1776 446 1829 tono
468 1769 583 1848 majore
616 1770 833 1832 constituamus
863 1766 1052 1830 semitonium
1076 1765 1258 1837 imitatione,
1293 1767 1371 1846 quod
1404 1766 1497 1846 igitur

136 1855 331 1937 relinquitur,
371 1858 479 1933 lstppn
510 1857 576 1919 dico
614 1858 662 1919 vel
695 1857 790 1919 diesin
823 1858 979 1936 majorem,
1019 1854 1088 1935 quia
1125 1859 1249 1933 superat
1286 1849 1370 1934 ’Ἃρ
1418 1853 1495 1918 Cla-

138 1944 186 2007 vis
219 1945 396 2007 neccssaria
427 1947 558 2025 organis,
591 1945 619 2007 iu
644 1946 750 2026 quibus
773 1946 897 2007 alternis
922 1951 1029 2005 cantus
1052 1943 1143 2005 durus
1175 1951 1208 2003 et
1239 1943 1338 2006 mollis
1361 1945 1495 2006 exerceri

135 2034 240 2108 debet,
266 2033 403 2113 quamvis
427 2052 481 2112 per
504 2042 661 2114 utramque
686 2035 771 2096 simul
796 2033 986 2096 ascendendo
1010 2032 1059 2093 vel
1074 2031 1285 2094 descendendo
1309 2039 1417 2092 cantus
1436 2051 1495 2093 non

137 2123 337 2196 traducatur5
360 2141 453 2186 causa
476 2132 564 2202 patet
587 2143 625 2185 ex
649 2123 773 2203 origine.
820 2119 1045 2184 Portiunculam
1060 2140 1140 2195 vero,
1166 2138 1225 2198 qua
1244 2119 1385 2182 differunt
1407 2128 1497 2182 tonus

134 2212 233 2288 major
257 2218 289 2271 et
312 2210 408 2273 minor
436 2204 471 2293 Ἰ,
499 2219 530 2273 ct
560 2206 632 2294 ⁰l„,
662 2212 710 2272 vel
738 2205 807 2293 ⁸⁰l„
836 2219 868 2273 et
895 2204 982 2292 ⁸¹l„,
1011 2226 1053 2272 sc.
1083 2203 1171 2288 ΨΜ,
1205 2207 1321 2287 placuit
1343 2208 1415 2269 mihi
1438 2229 1495 2288 ap-

133 2301 252 2378 pellare
278 2301 448 2374 „comma“.
496 2301 604 2374 Vides,
627 2301 742 2379 opinor,
771 2300 849 2362 haec
872 2296 1034 2361 intervalla
1056 2299 1094 2360 in·
1111 2299 1191 2360 nullo
1216 2296 1336 2358 minimo
1360 2317 1495 2358 commu-

133 2389 256 2449 nicare:
281 2388 392 2449 nullius
416 2389 493 2450 eninr
527 2408 563 2450 ne
588 2390 746 2451 commatis
770 2389 889 2468 quidem
920 2386 1170 2464 multiplicatione
1193 2385 1286 2447 ullum
1309 2406 1346 2447 ex
1370 2386 1494 2464 majori-

133 2475 191 2539 bus
216 2476 386 2539 intervallis
408 2477 551 2556 prodibit.

206 2599 280 2649 Haec
298 2599 435 2663 Keplerns;
455 2601 549 2665 reliqna
568 2600 664 2650 desum.
701 2600 742 2649 De
761 2601 823 2655 viro,
839 2614 907 2670 ‚cum
927 2613 973 2661 quo
993 2599 1045 2663 egit
1069 2598 1107 2647 his
1126 2599 1263 2663 Koplerns,
1289 2600 1353 2651 haec
1371 2605 1494 2652 notamus.

132 2671 233 2722 Nonou
246 2671 471 2735 Regulontius
485 2674 597 2735 nuspiam
611 2673 716 2741 occurrit
725 2685 800 2736 qnam
812 2671 990 2733 inflansohio:
1003 2671 1028 2718 in
1038 2667 1099 2719 Mas.
1114 2669 1296 2722 Viennensibus
1308 2673 1345 2722 bis
1359 2671 1494 2736 deprehen·

133 2743 217 2793 diurne
228 2742 339 2805 ejusdem
351 2741 435 2792 literas
445 2757 507 2806 quaa
519 2758 594 2807 snpra
606 2744 781 2806 proposuimus,
797 2741 888 2791 alteras
903 2743 1053 2804 subscriptas
1068 2741 1270 2805 „Christophorns
1282 2744 1384 2808 Hogul
1393 2745 1493 2803 onus“,

134 2813 244 2863 alteras:
266 2811 420 2875 „Chnstoph
440 2812 636 2876 Heydonus“.
674 2813 809 2862 Joecherns
833 2811 899 2872 (Gel.
920 2808 1040 2873 Lexicon)
1068 2811 1127 2860 dicit
1146 2813 1312 2877 „astrologum
1339 2821 1364 2863 et
1384 2814 1493 2864 cabbnli-

133 2892 201 2933 stam
220 2883 329 2947 Anglum
347 2882 514 2933 Chnstiannm
533 2884 690 2946 Haydon“,
711 2899 783 2947 quem
808 2883 914 2932 eundem
942 2898 996 2932 esse
1024 2897 1168 2937 censemus.
1193 2885 1234 2947 qui
1259 2884 1336 2933 literis
1359 2884 1494 2948 Keplerum

132 2955 205 3010 aaut,
225 2969 282 3004 cum
301 2960 365 3003 teste
382 2954 505 3004 Joechoro
525 2955 632 3004 ediderit
650 2969 717 3004 anno
737 2951 805 3003 1603
825 2954 913 3002 librum
932 2955 1086 3016 inscriptum:
1107 2969 1123 3002 a
1136 2954 1239 3003 deience
1252 2955 1279 3003 oi
1294 2955 1396 3016 jndicial
1409 2957 1494 3006 Astro-

132 3024 228 3090 logie-“
265 3025 369 3088 Kepleri
387 3026 463 3076 verba
481 3024 517 3089 (p.
539 3023 603 3087 370)
622 3026 762 3091 significare
781 3025 906 3081 videntur,
933 3024 1081 3086 Heydonum
1100 3039 1156 3074 cum
1175 3039 1233 3090 roge
1252 3025 1347 3075 Jacobo
1373 3025 1404 3076 de
1422 3027 1495 3076 rebus

134 3095 229 3147 astrolo
249 3097 293 3145 'cis
312 3098 400 3161 egisse.

208 3111 281 3226 qia
308 3167 378 3216 addit
403 3166 526 3230 Keplcrus
553 3166 706 3232 astrologicis
730 3166 868 3224 musicalia,
897 3165 935 3215 his
961 3164 1050 3214 similia
1069 3166 1238 3230 deprehendes
1256 3167 1281 3215 iu
1307 3167 1438 3219 Prodromo
1458 3166 1494 3233 (p.

134 3233 188 3285 ree
207 3251 244 3300 sq.
263 3245 290 3287 et
309 3232 373 3298 197)
393 3245 419 3288 et
436 3239 461 3286 in
480 3237 540 3286 libro
560 3238 590 3287 de
610 3236 681 3287 Nova
699 3235 778 3286 Stella
798 3234 845 3296 (lit.
866 3237 898 3286 ad
916 3234 1108 3301 Brenggarum).
1146 3236 1242 3287 Similia
1260 3245 1354 3289 tractat
1372 3240 1495 3304 Keplerus

132 3310 160 3358 in
178 3308 257 3357 literis
276 3309 307 3358 ad
325 3309 341 3359 J
346 3309 435 3359 oseis.
455 3309 648 3366 Tenelium,
668 3309 755 3372 quibus
773 3309 910 3369 praemissa
928 3308 1109 3371 quadamtenus
1128 3308 1278 3372 supplentur.

206 3379 222 3428 J
229 3380 398 3430 oachimns
417 3380 580 3429 Tanckins
599 3380 734 3443 Lipsiensis
755 3376 892 3439 (Proiessor
910 3386 980 3427 unu.
999 3386 1025 3428 et
1044 3380 1167 3444 chirurg„
1187 3386 1259 3429 mort.
1271 3378 1350 3439 1609,
1370 3388 1412 3431 aet
1425 3379 1491 3442 52),

132 3452 203 3501 varia
221 3466 277 3500 cnm
296 3451 405 3515 Keplero
425 3452 476 3516 agit
494 3466 537 3514 per
555 3451 640 3499 literas
660 3464 725 3500 anno
742 3446 816 3503 1608,
837 3450 946 3498 maxima
965 3465 995 3499 ex
1013 3457 1085 3513 parte
1104 3451 1135 3499 de
1153 3450 1214 3499 libro
1227 3451 1327 3514 Kepleri
1345 3453 1375 3502 de
1390 3453 1495 3503 Cometa

134 3522 196 3573 anni
229 3518 311 3578 1607,
344 3537 416 3585 quem
435 3520 535 3585 Lipsiae
565 3521 752 3585 imprimendum
783 3522 890 3576 curarit,
917 3519 1069 3569 concedente
1093 3521 1176 3570 ordine
1203 3521 1278 3570 theol.
1307 3530 1333 3570 et
1359 3523 1494 3587 philosoph.

130 3589 264 3643 Nuntians
290 3592 400 3656 chlero
428 3593 515 3641 libmrn
543 3592 608 3641 hunc
635 3593 743 3656 proxime
772 3591 910 3640 absolutum
938 3590 1022 3640 addit:
1054 3591 1107 3639 misi
1134 3591 1166 3641 ad
1191 3599 1217 3640 te
1243 3592 1495 3642 monochordum

132 3662 328 3720 Reinhardi,
357 3665 398 3728 qui
415 3663 532 3713 dissentit
554 3665 579 3712 in
597 3665 697 3712 musicis
716 3675 733 3712 a
750 3669 833 3712 nostro
853 3659 1003 3710 Calvisio.
1040 3661 1178 3710 Pleniorem
1197 3663 1234 3711 his
1253 3664 1368 3712 arumnis
1387 3665 1492 3714 instruc·

132 3735 229 3785 mem
253 3735 287 3784 ad
304 3750 345 3786 me
362 3736 445 3792 misit,
473 3749 547 3800 quam
567 3735 648 3784 obiter
666 3735 705 3783 rix
723 3733 831 3799 perlegi;
851 3734 981 3783 occasione
1002 3732 1050 3781 hac
1068 3733 1153 3782 oblata
1171 3733 1204 3781 sd
1223 3741 1248 3783 te
1266 3734 1349 3787 mitto.
1374 3735 1495 3796 judicium

135 3813 206 3860 mum
222 3813 312 3871 petens
331 3803 376 3855 duc.
397 3803 494 3869 (Comp.
514 3805 626 3855 Hausch.
646 3821 670 3869 p.
691 3802 765 3864 los.)

206 3903 369 3966 Koprates
397 3903 536 3967 respondit:
564 3894 632 3956 Nou
658 3894 813 3956 fortuitum
838 3893 893 3954 tibi
917 3911 1023 3954 nomen
1047 3900 1095 3954 est
1118 3914 1137 3954 a
1160 3891 1288 3967 Gratiis,
1315 3893 1494 3956 suavissime

132 3981 265 4058 Tancki,
301 3982 493 4063 usqueadeo
518 4001 641 4043 suavem
671 3989 702 4044 et
726 3980 843 4045 Gratiis
871 3982 992 4062 plenam
1016 3983 1054 4044 ad
1079 3982 1271 4045 collationem
1299 4002 1345 4044 mc
1370 3983 1493 4059 invitas,

132 4071 324 4135 transmissis
342 4070 511 4134 Reinhardi
533 4069 789 4151 speculationibus
813 4070 1002 4134 harmonicis.
1049 4071 1095 4132 De
1119 4072 1157 4133 iis
1187 4073 1257 4150 qnid
1280 4072 1428 4146 videatur,
1461 4073 1492 4134 in

130 4178 302 4240 progressu
326 4160 469 4240 aperiam,
494 4159 672 4240 principium
695 4177 766 4220 vero
791 4159 901 4223 faciam
924 4160 961 4221 ab
985 4179 1122 4237 excursu,
1147 4161 1187 4222 ad
1201 4179 1288 4240 quem
1312 4161 1495 4224 auctoriate

133 4267 212 4313 snae
236 4248 385 4328 epistolae
408 4248 553 4329 principio
577 4255 697 4328 portam
720 4247 792 4310 mihi
815 4247 943 4328 aperuit.
1351 4318 1357 4341 Ι

224 4336 366 4418 Apparet
388 4338 508 4417 quidem
538 4356 576 4398 ex
598 4336 652 4398 illo
676 4337 781 4398 statim
812 4336 957 4417 principio
982 4336 1114 4399 auctoris
1142 4336 1199 4398 hac
1215 4337 1252 4398 in
1277 4356 1308 4398 re
1337 4338 1495 4418 multiplex

132 4423 265 4489 eruditio
298 4433 331 4487 et
359 4427 515 4491 auctorum
547 4432 683 4487 veterum
711 4423 852 4506 cognitio.
901 4422 1056 4486 Ciceronis
1090 4423 1208 4503 quidem
1240 4425 1324 4486 locos
1357 4427 1386 4487 in
1421 4434 1494 4508 typo

134 4511 270 4592 scriptos
293 4513 377 4588 novi,
407 4533 529 4595 qnorum
557 4513 709 4594 posterior
731 4532 747 4574 e
767 4512 890 4575 Timaeo
913 4511 1051 4574 Platonis
1079 4514 1236 4575 desumtus
1260 4522 1316 4574 est.
1364 4511 1494 4584 Quinam

128 4618 207 4664 vero
231 4620 269 4663 ex
293 4603 446 4665 veteribus
470 4601 600 4664 hominis
623 4609 772 4664 staturam
801 4601 1005 4682 composuerit
1029 4620 1065 4661 ex
1089 4602 1169 4662 notis
1198 4600 1337 4663 sonorum
1362 4600 1493 4681 duplici-

130 4689 204 4763 bus,
227 4707 286 4751 non
309 4691 429 4757 memini
452 4708 499 4753 me
522 4689 650 4769 legisse3
683 4690 777 4752 vincit
799 4690 844 4753 sic
869 4690 998 4751 lectione
1022 4688 1223 4752 Reinhardns.
1271 4687 1411 4752 Occurrit
1435 4692 1493 4752 ali-

134 4776 212 4858 quid
235 4796 274 4839 ex
295 4778 434 4850 Platone,
460 4778 519 4858 qni,
551 4795 673 4840 mensus
697 4778 859 4841 intervalla
882 4777 1023 4851 umbilici,
1053 4778 1295 4856 praecordiomm
1318 4787 1350 4841 et
1374 4781 1492 4858 frontis,
