3278 5542
140 281 203 350 136
654 277 767 343 Mnteli
787 276 987 344 coemamus

136 454 303 509 ceterorum
332 445 430 506 latera
458 440 541 503 dicta
574 457 633 500 non
663 439 749 500 simul
784 457 913 518 congrue
947 436 1018 521 poni
1046 441 1183 515 possunt.
1202 431 1228 509 1)
1281 434 1491 500 Dodeuaedreu

512 548 560 599 ru.
576 544 607 587 rs.
696 562 704 573 ·
990 525 1083 607 igitur
1107 524 1210 587 decem
1240 523 1388 588 lateribus
1410 524 1491 587 tulero

146 622 956 661 Γ--““-“·“·“·”““”“““
996 612 1140 676 describit
1163 613 1258 689 vum,
1289 632 1346 695 per
1374 612 1492 676 medirur

144 654 956 815 Q
997 709 1172 766 transeunte
1191 699 1490 782 quadraeo'octaee'ri,

997 793 1026 853 in
1049 792 1171 872 planum
1194 799 1322 855 extenso
1347 792 1412 872 (fig.
1438 785 1490 863 ts).

225 889 407 951 Icosa'edron
432 904 503 946 vero
529 885 723 947 manifestam
747 904 853 947 zonam
877 885 933 946 boc
956 890 1056 963 pacto,
1083 889 1257 943 transeunte
1276 899 1395 944 rursum
1416 886 1490 941 oeta·

517 986 565 1036 erg.
582 983 613 1026 rs.
997 970 1060 1032 edri
1085 969 1233 1049 quadrato
1256 970 1287 1032 in
1306 977 1426 1032 rectum
1444 987 1491 1030 ex·

994 1068 1082 1121 tenso
1107 1059 1171 1138 (fig.
1200 1054 1265 1132 14).

1063 1146 1151 1219 Quod
1167 1147 1194 1211 si
1208 1148 1283 1210 baec
1299 1147 1358 1209 duo
1373 1154 1493 1226 cognata

996 1256 1123 1317 corpora
1154 1237 1199 1301 ita
1227 1238 1421 1318 applicentur
1447 1254 1493 1315 per

616 1359 638 1365 --
663 1342 890 1367 **·2'—·-··
997 1326 1267 1389 circumferentiam
1293 1329 1381 1399 (nam
1405 1323 1494 1404 anguli

138 1416 196 1478 duo
220 1413 308 1476 unius
333 1421 365 1476 et
393 1424 498 1477 centra
525 1418 682 1496 planorum
714 1416 838 1479 duorum
867 1418 991 1480 alterius
1020 1415 1131 1489 adhuc,
1161 1423 1197 1477 ut
1223 1434 1329 1496 supra,
1361 1423 1495 1495 tauquam

137 1504 200 1585 poli
223 1503 384 1565 cohaerere
408 1504 631 1585 intelliguntur)
656 1514 690 1567 nt
714 1506 894 1587 apparentia
923 1507 994 1569 bina
1023 1504 1246 1586 quinquangula
1273 1504 1441 1576 icosaedn',
1467 1508 1496 1563 et

517 1624 561 1673 ng,
578 1621 611 1662 η,
995 1593 1066 1654 bina
1089 1611 1162 1654 vera
1181 1592 1364 1655 dodeesenrt
1385 1589 1496 1673 angulis

156 1702 917 1851 'A'MA'A'A
997 1689 1498 1851 tltttsl‘ltttttb

155 1847 963 1989 Ἇψιψιψιψη
997 1867 1139 1934 extensa,
1172 1878 1239 1922 cum
1266 1859 1405 1923 octatdri
1427 1877 1498 1940 qra-

997 1950 1099 2023 drato,
1124 1948 1168 2011 sic
1192 1948 1285 2011 babet
1306 1949 1375 2029 (fig.
1399 1946 1461 2023 15).

1063 2035 1116 2099 Sin
1137 2038 1264 2117 angulus
1288 2037 1376 2099 unius
1406 2036 1498 2099 medio

997 2126 1086 2188 lateri
1111 2127 1236 2189 alterius
1265 2128 1294 2189 in
1318 2124 1500 2207 supradictis

999 2213 1227 2295 quinquangolis
1238 2216 1417 2297 applicetur,
1432 2214 1501 2278 talis

999 2304 1057 2365 erit
1080 2304 1175 2366 sectio
1189 2305 1226 2380 ¹¹)
1250 2305 1317 2384 (lig.
1345 2301 1416 2378 16).

1066 2390 1145 2463 Quid
1168 2402 1268 2455 restat
1294 2393 1402 2473 igitur,
1455 2390 1501 2452 uin

137 2485 273 2548 dicamus
306 2483 448 2564 planetas
480 2482 563 2544 illam
596 2481 676 2543 riam
711 2488 758 2544 tot
790 2483 962 2545 manifestis
993 2482 1113 2561 punctis
1141 2490 1278 2545 notatam
1308 2503 1327 2542 a
1357 2412 1502 2545 eredere

133 2576 239 2656 jussos
263 2572 318 2647 ire,
341 2573 503 2653 praecipue
527 2590 592 2634 cum
617 2571 696 2632 iuter
720 2591 811 2651 supra
834 2581 972 2635 assumta
993 2571 1197 2652 colligataqne
1221 2579 1327 2634 centra
1351 2580 1385 2633 et
1408 2588 1501 2651 augu-

138 2665 184 2726 los
211 2670 355 2744 tanquam
379 2662 465 2741 polos
489 2661 589 2722 media
612 2661 709 2732 sit.,¹¹)

579 2898 622 2960 IN
648 2894 788 2961 cAPnT
810 2895 1069 2962 UNDECIMUM

666 3020 781 3071 noras
800 3020 979 3073 sucroars.

220 3127 248 3195 a)
270 3132 369 3185 'fotum
383 3130 437 3184 boc
451 3136 537 3200 caput
551 3136 683 3200 quantum
705 3132 739 3184 ad
753 3147 864 3200 scopum
879 3130 967 3184 omitti
982 3131 1081 3201 potuit,
1104 3129 1206 3184 nullius
1222 3127 1293 3184 enim
1307 3126 1440 3183 momenti
1454 3134 1505 3182 est

140 3213 236 3282 Neque
251 3211 322 3264 enim
340 3210 386 3263 bic
404 3218 449 3263 est
462 3209 599 3280 genuinus
615 3209 684 3263 situs
705 3226 754 3264 seu
769 3209 911 3279 coaptatio
926 3211 998 3264 inter
1012 3229 1042 3264 se
1065 3227 1207 3280 corporum
1223 3209 1346 3280 quinque¹
1357 3206 1506 3280 geometri·

141 3307 242 3354 corum,
264 3296 296 3343 ut
315 3289 388 3343 infra
407 3289 531 3359 patebit:
555 3307 643 3360 neque
664 3290 687 3343 si
708 3296 791 3352 esset,
808 3291 936 3344 zodiacus
959 3292 1020 3344 inde
1042 3297 1127 3344 esset.

220 3367 251 3434 b)
276 3371 347 3423 Ecce
370 3376 403 3422 ut
426 3369 613 3435 foenerarerit
626 3370 691 3423 mibi
713 3387 762 3440 per
777 3370 826 3423 bos
842 3370 879 3423 25
895 3387 981 3424 annos
1005 3371 1168 3441 principium
1189 3368 1249 3438 jam
1269 3375 1337 3422 tuuc
1356 3367 1508 3423 firmissima

141 3466 317 3520 persuasum:
340 3451 400 3502 ideo
421 3449 481 3504 scil.
504 3451 702 3504 mathematica
725 3465 824 3503 causas
845 3451 904 3503 fleri
928 3452 1095 3505 naturalium
1120 3450 1203 3520 (quod
1216 3450 1320 3519 dogma
1338 3448 1509 3504 Aristotelea

142 3538 184 3585 tot
198 3530 265 3584 locis
279 3525 451 3597 vellicavit),
474 3530 540 3599 qnia
554 3531 670 3583 Creator
684 3530 760 3584 Deus
781 3531 980 3585 mathematica
999 3540 1032 3585 ut
1045 3531 1213 3600 archetypos
1233 3545 1328 3583 secum
1341 3529 1381 3583 ab
1396 3534 1509 3584 satem

140 3611 240 3665 babuit
254 3611 281 3664 in
298 3609 487 3663 abstractione
502 3610 704 3678 simplicissima
718 3618 748 3664 et
761 3611 861 3673 divina,
886 3612 921 3663 ab
937 3611 1003 3681 ipsis
1018 3611 1103 3665 etiam
1117 3608 1331 3680 quantitatibus.
1354 3608 1509 3665 materiali·

141 3698 185 3746 ter
199 3691 387 3745 consideratis.
428 3691 596 3744 Aristoteles
612 3691 772 3744 Creatorem
794 3690 916 3761 negarit
940 3693 1066 3745 muudum
1087 3700 1230 3745 aeternum
1251 3689 1369 3743 statuit:
1392 3706 1449 3743 nou
1463 3688 1510 3743 mi·

139 3788 207 3834 rum.
223 3772 247 3826 si
262 3771 442 3841 archetypos·
453 3769 563 3839 rejecit:
585 3771 677 3824 fateor
698 3770 769 3824 enim
793 3771 899 3824 nullam
914 3772 968 3825 illis
984 3773 1036 3825 vim
1061 3772 1183 3824 futuram
1196 3769 1290 3831 fuisse,
1316 3770 1340 3823 si
1364 3787 1422 3825 uun
1435 3770 1511 3824 Deua

141 3852 241 3920 ipsein
258 3851 320 3904 illos
336 3851 510 3920 respexisset
524 3851 551 3904 in
566 3852 693 3905 creando.
736 3851 813 3922 Ergo
833 3851 916 3904 etiam
931 3851 1168 3906 eccentricitatum
1183 3864 1285 3902 causae
1305 3866 1344 3902 ex
1364 3849 1419 3903 boc
1436 3848 1510 3919 priu-

141 3930 212 3998 cipio
227 3931 338 3983 tandem
354 3930 483 3984 inventae
498 3939 571 3994 sunt,
592 3948 707 4002 quarum
729 3930 957 4001 inaequalitatem
977 3932 1157 3985 vehementer
1176 3945 1290 3982 necesse
1304 3937 1350 3982 est
1370 3928 1511 3991 admirari,

142 4009 295 4079 quicunque
317 4011 350 4062 de
372 4009 404 4063 iis
427 4011 498 4063 serio
523 4012 644 4081 cogitat:
680 4012 831 4081 quicunque
854 4028 914 4064 cum
935 4010 1089 4065 Aristotele
1113 4012 1146 4063 de
1170 4009 1253 4062 rebus
1277 4009 1450 4064 coelestibus
1474 4008 1512 4063 aio

141 4088 264 4160 quaerit:
289 4089 404 4150 Quare
420 4107 500 4151 uon,
526 4107 591 4159 quo
616 4091 766 4160 quilibet
787 4090 939 4160 planeta
960 4091 1140 4153 humilior,
1165 4106 1205 4142 eo
1225 4088 1397 4157 pluribus
1418 4088 1511 4144 orbi·

141 4170 202 4222 bus
224 4167 386 4221 vehitur?
427 4169 498 4222 Nam
514 4170 559 4238 qui
581 4170 608 4222 in
622 4171 675 4223 boc
690 4171 876 4239 inquirendum
891 4172 942 4224 sibi
962 4170 1072 4240 putavit
1094 4171 1120 4223 in
1135 4169 1306 4223 astronomia
1320 4169 1363 4222 sui
1379 4169 1512 4240 temperis

141 4249 223 4317 inque
238 4248 417 4316 persuasione
440 4248 490 4301 illa
511 4249 585 4301 falsa
599 4249 748 4302 solidorum
762 4250 875 4311 orbium,
902 4252 971 4304 idem
986 4251 1067 4304 bodie
1082 4250 1105 4303 si
1120 4251 1235 4312 vireret,
1261 4256 1292 4303 et
1308 4265 1413 4317 puram
1427 4256 1512 4320 atquo

141 4327 291 4399 genuinam
312 4335 434 4381 nostram
456 4329 489 4380 de
511 4329 588 4382 coelo
608 4329 758 4382 doctrinam
783 4340 970 4399 cognosceret,
995 4331 1081 4384 multo
1103 4329 1223 4383 maxime
1247 4328 1300 4382 sibi
1323 4331 1512 4400 quaerendus!

141 4407 330 4462 existimaret:
363 4406 476 4468 Quare
500 4413 592 4470 non,
618 4426 682 4478 quo
707 4409 861 4478 quilibet
883 4411 1031 4478 planeta
1058 4409 1227 4471 interior,
1257 4409 1322 4463 hoo
1343 4410 1513 4464 minore·

141 4487 251 4541 etiam
276 4487 580 4542 eccentricitatem
602 4486 725 4543 babet?
766 4491 863 4558 ltaque
879 4489 1180 4550 omnibnsrutionibus‚
1207 4505 1277 4559 quas
1299 4489 1353 4558 ipsi
1369 4505 1424 4543 sua
1436 4489 1512 4560 priu-

141 4565 216 4635 cipia
230 4573 423 4636 suggererent,
447 4569 603 4630 consumtis,
626 4569 674 4621 illa
689 4576 916 4637 perpetuarum,
941 4571 1053 4631 Quare
1067 4586 1146 4633 non,
1170 4569 1192 4621 si
1217 4570 1328 4622 taudem
1348 4570 1514 4623 edoceretur

141 4646 318 4709 Aristotcles,
341 4662 440 4698 causas
465 4647 548 4716 hrqjus
562 4648 602 4700 rei
617 4647 817 4716 pulcherrimas
842 4658 871 4702 et
893 4650 977 4718 plane
993 4648 1164 4702 necessarias
1188 4667 1223 4702 ex
1242 4649 1405 4712 harmoniis,
1430 4658 1463 4703 ut
1477 4665 1513 4703 ex

126 4720 297 4797 ¹archetypo
318 4726 394 4778 reddi
415 4743 515 4794 posse:
537 4734 604 4795 puto
628 4728 704 4781 illum
725 4728 882 4796 plenissimo
903 4745 1017 4782 assensu
1037 4736 1067 4781 et
1086 4728 1264 4798 archetypos,
1288 4734 1318 4780 et
1333 4729 1402 4798 quia
1415 4729 1513 4783 borum

143 4823 193 4877 per
207 4822 237 4859 aa
252 4805 331 4859 nulla
344 4807 470 4861 efficacia
483 4814 534 4870 est,
559 4807 648 4861 Deum
669 4807 759 4860 mundi
782 4808 962 4863 architectum
983 4813 1157 4879 recepturum
1180 4808 1275 4862 fuisset
1320 4808 1402 4863 Haec
1426 4809 1514 4885 igitur
