3278 5542
659 341 747 383 contra
766 333 863 383 Ursum.
1378 332 1442 396 275

106 506 161 550 are.
210 487 283 551 Stat
308 489 410 569 itaquo
441 491 569 552 assertio
593 491 664 553 Ursi
693 491 778 552 firma
807 503 837 551 et
864 491 1025 552 immobilis
1057 500 1091 552 ut
1118 510 1223 554 currus
1252 493 1341 555 unica
1371 505 1440 556 rota

106 577 200 640 ilicet
226 578 380 641 subnixus
426 579 507 641 Nam
535 581 561 641 si
592 589 711 659 partem
734 588 844 656 totum,
877 580 903 640 si
927 581 984 641 duo
1008 580 1114 659 viginti
1143 601 1210 642 esso
1239 586 1438 660 persuaserit,

106 685 137 729 rc
166 685 283 748 quoque
311 667 388 748 quod
422 669 620 730 contenderat
651 668 809 731 obtinebit.
856 669 992 748 Denique
1021 669 1099 730 sicut
1128 679 1220 731 antea
1243 672 1439 750 Apollonium

106 756 191 837 agari
220 755 405 835 professione
435 758 527 819 fuisse
556 767 774 832 astronomum,
815 777 906 837 quare
935 776 1029 838 neque
1058 776 1112 837 pro
1141 767 1263 820 auctore
1296 779 1440 823 novarum

106 844 295 927 ypothesium
318 845 487 907 habendum
511 849 669 909 contendi:
700 848 745 908 ita
769 847 816 908 hic
839 848 919 908 idem
943 848 1036 908 multo
1062 848 1179 926 quidem
1203 849 1366 911 efficaciori
1389 871 1440 911 ar-

106 943 226 997 umento
250 952 353 1014 urgeo.
400 935 479 997 Nam
509 936 566 997 etsi
586 937 740 1015 Apollonii
769 937 925 1014 problema
948 936 985 996 de
1019 936 1092 997 solis
1121 938 1304 999 stationibus
1333 939 1438 1018 plane-

106 1043 185 1085 irum
209 1023 280 1099 fuit,
310 1025 413 1085 horum
437 1043 508 1085 vero
533 1035 690 1086 auctorum
714 1026 915 1103 cogitationes
944 1025 972 1085 in
999 1034 1064 1085 tota
1092 1026 1248 1086 machinae
1272 1027 1438 1088 mundanae

106 1131 181 1175 irma
205 1121 374 1192 vagantur:
404 1113 454 1174 ille
484 1122 586 1175 tamen
612 1134 684 1175 suae
714 1114 896 1175 inventionis
921 1116 1079 1193 (quantum
1110 1115 1166 1174 sibi
1191 1126 1344 1199 geometra
1367 1136 1437 1195 pro·

106 1204 241 1274 cauerat)
266 1212 371 1263 auctor
393 1202 506 1282 primus
530 1203 636 1265 merito
663 1203 845 1264 celebratur:
874 1204 904 1263 hi
930 1203 1045 1263 alienas
1070 1203 1106 1263 de
1131 1204 1240 1264 mundo
1265 1206 1438 1284 conceptio-

106 1310 136 1353 es
161 1292 199 1352 de
223 1291 372 1352 industria
396 1293 610 1353 consarcinant
633 1292 727 1373 iisqne
753 1313 808 1353 sua
832 1297 924 1370 opera
950 1301 1107 1365 exornant,
1132 1312 1187 1352 nec
1208 1293 1264 1354 sibi
1285 1306 1437 1373 arrogant,

106 1432 108 1439 ,
131 1398 232 1460 pauca
253 1381 282 1440 in
306 1380 405 1442 Plinio
430 1382 584 1461 excipias,
614 1401 690 1461 quas
717 1382 765 1442 ille
791 1402 810 1441 a
834 1381 974 1442 Vitruvio
998 1390 1135 1442 mutuata
1159 1400 1217 1443 uon
1241 1401 1352 1461 magna
1375 1384 1439 1463 ejus

106 1469 195 1549 duria
217 1470 395 1544 dissimulat,
420 1489 486 1531 curu
511 1479 634 1550 uterque
659 1470 815 1532 erraverit.
863 1470 1042 1549 Apollonius
1064 1470 1183 1531 laudem
1198 1470 1311 1548 ingenii
1335 1482 1367 1534 et
1382 1475 1438 1536 ad-

106 1558 274 1619 litationem
297 1558 428 1619 omniurn
452 1559 648 1620 subtilissima
672 1569 704 1620 et
727 1559 887 1621 verissima
904 1559 1108 1638 speculatione
1125 1561 1247 1620 meruit:
1273 1561 1302 1621 hi
1319 1570 1441 1623 scatent

106 1648 235 1709 roribus
259 1655 290 1708 et
312 1646 443 1726 gratiam
466 1648 584 1728 quidem
608 1649 722 1709 habent
750 1648 996 1710 transmissarum
1027 1649 1067 1708 ad
1090 1667 1144 1709 nos
1169 1650 1218 1710 vel
1242 1659 1439 1712 conservata-

106 1755 148 1799 rm
171 1736 290 1798 illarum
313 1736 565 1816 speculationum:
597 1739 778 1817 peculiarem
798 1757 870 1798 vero
894 1737 1020 1816 gloriam
1046 1757 1100 1798 uec
1124 1737 1182 1799 sibi
1206 1758 1260 1799 nec
1284 1739 1440 1820 magistris

106 1823 146 1886 ris
170 1826 372 1886 redemerunt.
419 1825 501 1886 Male
526 1826 681 1888 nobiscum
705 1836 828 1906 agatur,
860 1826 884 1886 si
910 1827 1071 1887 etiamnum
1096 1826 1281 1891 astronomia
1304 1828 1332 1889 in
1353 1838 1440 1891 tauta

106 1913 295 1977 rcertitudine
320 1922 465 1986 versetur,
490 1915 516 1974 si
540 1923 656 1976 tautum
682 1917 844 1975 etiamnum
869 1915 897 1976 in
922 1916 974 1976 illa
991 1914 1223 1988 desideraretur:
1249 1915 1275 1976 si
1299 1917 1438 1978 latitudi-

106 2022 167 2077 um,
203 2004 229 2064 si
259 2003 470 2082 evagationum
500 2005 630 2066 Veneris
665 2014 697 2065 et
726 2004 866 2065 Mercurii
900 2003 1031 2083 cognitio
1060 2016 1117 2065 non
1147 2004 1273 2065 certior:
1308 2005 1333 2066 si
1357 2004 1439 2068 Solis

108 2092 240 2154 rcuitum
263 2093 425 2154 etiamnum
449 2093 589 2154 inflexum
614 2092 646 2154 et
669 2102 837 2154 contortum
861 2102 1015 2174 putemus:
1042 2093 1066 2152 si
1083 2112 1191 2153 causas
1216 2112 1312 2155 rerum
1336 2105 1439 2156 astro·

106 2181 269 2243 amicarum
294 2201 351 2242 nou
375 2181 514 2242 meliores
537 2182 710 2256 habeamus,
737 2202 825 2262 quarn
847 2182 961 2242 abillis
978 2182 1144 2243 didicimus.
1191 2184 1238 2243 Ac
1262 2182 1320 2242 nisi
1335 2184 1439 2264 Tycho

106 2271 138 2346 is,
165 2289 242 2349 quas
266 2271 323 2331 sibi
346 2270 452 2331 merito
476 2270 620 2344 vindicat,
646 2270 862 2353 hypothesibus
887 2270 1104 2331 astronomiam
1128 2270 1214 2331 uobis
1229 2273 1439 2349 perfectiorem

106 2358 256 2432 indiderit,
283 2378 371 2439 quam
394 2359 437 2420 illi
463 2361 627 2438 reliquere:
660 2380 718 2420 non
743 2362 920 2438 deprecatur
948 2359 1082 2439 quamvis
1106 2367 1202 2420 toturn
1224 2361 1275 2421 ille
1298 2362 1439 2423 muudum

106 2449 259 2529 >mplexus
283 2448 333 2521 sit,
358 2447 427 2528 quin
452 2449 665 2510 meditationes
690 2468 761 2509 suae
786 2449 864 2508 inter
887 2449 1027 2510 Pliniana
1049 2450 1193 2526 figmenta
1216 2450 1385 2511 referantur
1408 2463 1440 2513 et

106 2538 211 2618 rdigna
235 2537 412 2609 habeantur,
438 2538 544 2617 quibus
568 2538 772 2619 hypotheseon
799 2539 1065 2598 astronomicarum
1090 2556 1196 2598 nornen
1221 2539 1379 2600 tribuatur.

147 2636 150 2639 '
174 2625 237 2687 Sed
261 2626 337 2686 alios
361 2626 483 2706 insuper
505 2627 643 2706 producit
666 2637 805 2687 auctores
830 2627 1040 2707 Tychoniauae
1065 2627 1281 2707 hypotheseos3
1306 2646 1363 2688 nou
1384 2649 1436 2690 so-

106 2716 200 2777 milli
224 2724 405 2793 geometras,
428 2717 579 2796 physicos,
605 2717 798 2787 architectos,
823 2716 968 2777 historiae
989 2716 1106 2776 navalis
1121 2717 1294 2794 scriptores,
1318 2724 1434 2796 postas,

106 2804 309 2879 rammaticos,
335 2805 536 2866 astronomiae
560 2805 714 2884 imperitos
739 2804 858 2882 objicit:
885 2823 957 2883 quos
973 2815 1079 2865 contra
1099 2804 1341 2865 dissimilitudine
1365 2827 1444 2886 pro..

106 2893 227 2955 usionis
256 2893 405 2972 excipiat:
436 2894 571 2974 sequitur
600 2903 631 2954 et
655 2903 911 2966 astronomus,
946 2903 1184 2954 astronomorum
1204 2894 1334 2955 omnium
1365 2907 1437 2974 post

106 2984 293 3045 telemacum
317 2983 544 3058 celeberrimus,
572 3003 625 3045 nec
651 2983 778 3043 scientia
797 2990 931 3053 tantum,
966 2982 1019 3042 sed
1045 2992 1074 3043 et
1099 2990 1208 3042 eventu
1232 2982 1331 3043 clarus
1355 2986 1436 3045 edito

106 3072 370 3135 ‚evolutionem
398 3072 620 3133 coelestium
645 3091 749 3150 opere,
778 3071 854 3131 unde
884 3072 1006 3132 tabulae
1037 3071 1191 3132 derivatae
1216 3081 1299 3143 sunt,
1329 3074 1435 3152 quibus
1504 3148 1508 3155 y

106 3160 173 3225 odie
199 3161 228 3221 iu
254 3181 324 3223 usus
347 3160 581 3241 Ephemeriduur
606 3162 736 3241 receptis
759 3160 891 3239 priorum
910 3161 1031 3222 tabulae
1048 3160 1223 3240 antiquatae
1239 3169 1317 3221 sunt.
1356 3165 1434 3241 Age,

106 3251 171 3324 rse,
195 3250 291 3311 virum
315 3259 346 3311 te
369 3259 508 3329 praesta:
537 3260 650 3311 rectam
675 3251 752 3310 enim
776 3250 855 3310 viam
880 3249 1005 3310 insistis.
1053 3249 1123 3324 Dic,
1150 3269 1220 3328 age,
1247 3250 1340 3311 fuitne
1365 3251 1435 3313 Co-

106 3338 269 3420 etnicos,
291 3339 424 3420 Tychoni
460 3348 718 3418 praemonstrator
751 3359 822 3399 suae
856 3340 1078 3419 hypotheseos?
1123 3337 1185 3400 Sed
1218 3358 1283 3400 cum
1315 3339 1435 3414 dixeris,

106 3428 269 3503 eminens,
303 3437 402 3489 tecum
430 3429 501 3490 mihi
531 3448 592 3490 reru
621 3430 752 3489 futuram
779 3428 897 3508 tuisque
931 3448 996 3489 cum
1020 3429 1137 3496 verbis,
1171 3447 1229 3489 nou
1261 3447 1328 3489 curn
1356 3431 1434 3511 aliis.

106 3519 161 3580 'am
187 3526 334 3596 utsupra
358 3536 472 3598 quoque
497 3518 597 3579 innui:
628 3526 698 3596 post
721 3517 861 3594 vulgatas
887 3515 1045 3596 Copernici
1069 3517 1253 3598 hypotheses
1276 3537 1334 3578 uon
1358 3539 1434 3598 nego

106 3626 149 3669 ree
173 3615 206 3668 et
231 3607 322 3667 fuisse
345 3607 466 3681 multos,
492 3626 565 3686 quos
590 3607 667 3668 inter
690 3626 723 3666 se
746 3606 1026 3667 Rothomannus
1050 3608 1221 3687 profitetur:
1248 3608 1354 3685 quibus
1371 3607 1434 3669 Co-

106 3696 264 3760 ernicanae
292 3695 495 3777 hypotheseos
525 3696 739 3774 contemplatio
764 3695 890 3774 digitum
921 3695 1049 3755 intendit
1073 3695 1111 3754 ad
1135 3695 1259 3754 eandem
1284 3714 1350 3755 curn
1371 3696 1433 3776 Ty-

106 3804 177 3848 rone
200 3785 283 3846 viam
307 3785 548 3865 ingrediendam:
574 3804 696 3864 quorum
720 3784 867 3844 neminem
892 3804 947 3844 sua
963 3783 1050 3844 laude
1064 3782 1239 3861 privandum
1255 3783 1433 3858 existimem,

106 3875 141 3938 ’.si
165 3875 232 3954 quis
263 3873 292 3935 in
318 3873 374 3935 hoc
398 3875 539 3955 Tychoue
567 3884 763 3954 praeceptore
792 3892 849 3933 non
875 3873 964 3934 inerit
994 3893 1074 3933 usus.
1122 3871 1266 3941 Quamvis
1290 3873 1433 3954 Tychoni,

106 3984 147 4026 rru
177 3982 263 4025 suam
295 3973 453 4042 quaereret
476 3963 671 4043 hypothesin,
705 3981 763 4022 non
794 3962 883 4023 luerit
913 3963 941 4022 in
971 3962 1069 4022 animo
1094 3959 1372 4040 Copernicanarum
1396 3965 1433 4024 nd

106 4072 191 4116 errae
221 4051 460 4114 immobilitatem
488 4052 648 4123 traductio,
677 4051 720 4112 uti
745 4049 827 4123 aliis,
857 4051 911 4111 sed
940 4049 1048 4112 Martis
1078 4051 1108 4111 iu
1136 4051 1323 4129 oppositione
1352 4051 1433 4115 Solis

106 4144 119 4205 l
148 4143 275 4204 Terram
305 4141 572 4222 appropinquatio,
605 4139 805 4222 epicyclorunr
838 4141 876 4200 ad
900 4138 1002 4200 Solem
1033 4139 1171 4218 alligatio
1201 4147 1234 4200 et
1260 4141 1288 4201 in
1317 4161 1434 4203 summa

106 4232 188 4295 adem
212 4250 299 4316 pene,
324 4249 400 4311 qnae
417 4229 583 4309 Copernico
602 4231 684 4309 prins
709 4230 827 4290 inerant
849 4229 1013 4309 proposita.
1061 4230 1108 4290 Ac
1128 4248 1193 4288 curu
1209 4228 1267 4307 ipsi
1289 4231 1371 4292 viam
1395 4231 1432 4291 ad

106 4341 167 4383 ram
197 4320 376 4402 hypothesin
410 4319 639 4398 intersepsisset
667 4318 780 4379 orbium
811 4320 886 4380 salso
912 4319 1032 4397 jactata
1061 4317 1212 4390 soliditas,
1247 4320 1432 4380 commodum

106 4418 269 4473 terreuere
293 4418 439 4484 cometae,
465 4409 514 4490 qui
539 4417 713 4468 transcursu
737 4426 795 4468 suo·
814 4408 883 4469 illas
907 4408 1069 4467 solidorum
1085 4406 1197 4467 orbium
1218 4407 1342 4468 nebulas
1368 4409 1432 4468 dis-

106 4508 220 4562 rlereut
252 4506 284 4559 et
313 4498 526 4577 impedimenta
554 4497 766 4577 Tychonianae
800 4496 1001 4576 hypotheseos
1036 4497 1186 4556 tollerent.
1235 4495 1321 4556 Adde
1355 4497 1432 4575 quod

106 4607 135 4652 iu
171 4588 237 4650 sola
270 4587 299 4648 iu
329 4588 509 4668 Tychonicis
539 4586 666 4647 mutatio
700 4596 730 4645 st
763 4587 959 4663 transpositio
989 4584 1261 4663 Copernicanarum
1285 4594 1346 4656 est,
1379 4587 1432 4647 sed
1528 4594 1532 4601 '

106 4679 175 4742 ulta
197 4696 277 4738 nova
299 4676 522 4756 peculiariaque
552 4694 589 4734 ex
617 4673 802 4754 apparentiis
826 4674 900 4752 ipsis
928 4674 1072 4748 deducta,
1103 4693 1179 4753 quae
1198 4672 1223 4732 si
1248 4671 1433 4751 Copernious

106 4785 224 4849 turpare
247 4766 331 4841 velit,
356 4785 442 4827 suam
464 4765 529 4845 ipse
553 4763 732 4845 hypothesin
757 4762 890 4842 corrigat
913 4772 944 4824 et
963 4764 1100 4825 immutet
1122 4781 1246 4823 necesse
1267 4771 1329 4837 est,
1355 4764 1431 4843 quod

106 4856 290 4939 mquidem,
314 4855 365 4936 qui
389 4853 589 4936 Copernicum
612 4852 642 4914 iu
666 4851 848 4932 capitalibus
872 4871 988 4932 sequor,
1014 4852 1183 4914 faciendum
1202 4870 1319 4914 censeo.

291 5013 321 5064 s
1162 4954 1221 5006 ¹8*
