3262 5550
130 332 198 400 m
731 335 896 386 mm.

132 496 166 547 D.
181 495 281 545 Curu‘ns
294 510 351 545 eum
364 496 456 546 diserte
469 495 614 560 appelleret,
635 501 662 544 et
671 495 821 560 plagiarium
834 509 917 544 meum
928 496 1029 559 insuper
1043 493 1189 544 intimlsret
1213 490 1267 543 Sed
1277 491 1382 546 accidit.
1399 496 1427 540 nr
1438 488 1491 540 dum

132 568 249 617 udiosis
266 568 412 632 quibusdam
431 582 462 616 ex
480 570 542 616 meis
561 566 627 615 hunc
641 565 751 616 laborem
768 566 906 631 corrigendi
920 578 1008 630 opens
1021 562 1212 631 typographica
1230 566 1257 615 in
1268 564 1319 614 iste
1334 561 1491 627 epistolum

132 638 193 687 libro
206 638 420 697 concredidissem,
442 645 518 702 atque
537 638 583 687 illis
597 637 737 701 originalis,
755 644 828 700 prout
844 638 1013 700 manuscripta
1030 642 1114 695 erunt,
1132 635 1301 691 tradidissem,
1319 634 1357 684 llll
1373 632 1434 684 nihil
1449 634 1490 682 im·

133 709 280 758 mutandum
299 710 427 769 duxerint,
452 723 532 773 noque
550 723 590 757 me
608 709 689 772 magis
707 709 776 757 seriis
794 707 928 757 distentum
946 706 1102 770 interpellare
1121 706 1175 756 ansi
1192 708 1260 762 dut,
1280 704 1387 771 ideoque
1405 705 1491 759 emnia,

134 790 207 843 prout
226 780 382 843 autographa
399 779 543 835 hebebant.
569 780 673 842 imprimi
691 780 863 841 permiserint,
889 781 973 842 sieque
990 779 1087 828 incuris
1103 777 1211 842 qnsdsm
1234 777 1333 827 iseum
1355 782 1409 833 est,
1433 774 1492 838 qnod

133 852 209 914 ipsius
232 865 322 899 nomen
347 865 403 898 cum
426 849 543 913 epithetis
566 850 684 912 appositis
707 849 780 898 isthic
804 856 929 899 retentum
951 850 990 897 sit.
1027 851 1067 898 Διι
1085 863 1142 898 sero
1158 848 1224 898 hsec
1241 847 1370 897 sufficiens
1388 852 1415 896 et
1428 848 1491 908 Justs

132 923 195 970 sstis
213 922 245 969 sit
263 935 355 981 cansa,
381 927 432 970 tem
451 935 526 984 supra
545 935 643 969 omnem
660 921 760 969 modum
779 934 874 969 ruens
891 919 989 968 melitis
1005 921 1031 968 iu
1048 934 1089 969 me
1108 926 1134 970 et
1150 933 1232 976 meus,
1259 918 1375 984 adeoqrie
1391 918 1491 981 patrisrn

133 994 212 1056 ipsum
232 991 411 1048 debacchandi,
430 991 497 1042 brevi
516 993 684 1055 dispiciemus.
720 990 846 1040 Potuisset
864 991 977 1055 equidem
995 991 1027 1039 de
1045 992 1143 1053 injuris,
1162 991 1184 1039 si
1201 1003 1253 1054 gns
1269 990 1336 1039 toret
1353 989 1400 1038 sihi
1417 987 1490 1043 illm·

133 1065 249 1125 conqueri
269 1069 343 1126 etque
361 1062 428 1112 hunc
447 1064 520 1111 licitis
543 1062 631 1111 mediis
656 1062 767 1117 amoliri,
793 1077 842 1110 non
867 1069 952 1111 entem
970 1076 1001 1110 ex
1024 1061 1126 1111 emnem
1144 1061 1271 1111 vindictae
1289 1059 1429 1124 cupiditate
1445 1065 1490 1106 ten

132 1134 262 1197 impotenti
282 1135 363 1182 suimo
382 1134 471 1190 iurene,
490 1135 621 1196 omnisque
639 1132 713 1197 longo
732 1133 855 1181 deteriora
873 1132 983 1181 reddere.
1020 1131 1108 1196 Neque
1125 1138 1211 1181 umen
1229 1138 1276 1187 est.
1300 1144 1346 1181 cur
1364 1130 1489 1187 ιώιίιια,

133 1204 198 1268 quod
216 1205 242 1252 iu
261 1206 335 1252 istum
353 1212 499 1268 nugatorem
518 1206 564 1252 sim
583 1205 741 1260 semotior,
761 1217 834 1267 qnam
852 1217 925 1252 meae
943 1203 1096 1252 conditiones
1114 1202 1263 1262 admiusnt,
1282 1208 1314 1251 ut
1332 1207 1361 1251 tu
1379 1197 1489 1263 (csudido

134 1284 220 1323 temen
239 1271 335 1334 animo)
358 1275 450 1332 iniers,
478 1290 528 1324 non
552 1276 617 1324 enirn
637 1274 752 1323 Caesaris
771 1277 808 1323 irs
834 1272 882 1335 (nti
900 1274 1001 1338 quidum
1019 1275 1095 1323 etism
1113 1273 1147 1323 ad
1163 1288 1204 1323 me
1221 1268 1378 1337 perscripsit)
1397 1272 1488 1337 dignun

135 1344 246 1394 srbitror.
283 1347 318 1394 At
336 1348 451 1410 quoniam
470 1354 557 1395 contre
573 1348 613 1409 jus
633 1354 658 1394 et
680 1345 734 1404 ies,
762 1352 896 1409 contraque
921 1345 1107 1395 lendstissimss
1129 1345 1224 1409 imperii
1250 1344 1440 1393 constitutiones
1456 1356 1489 1391 ms

134 1417 225 1478 scripto
243 1415 298 1479 plus
316 1431 390 1481 qnam
415 1418 509 1467 fumoso
534 1423 634 1480 praeter
657 1430 754 1466 ornnem
773 1418 903 1465 ventetem
922 1423 949 1464 et
966 1417 1080 1464 meritum
1097 1429 1179 1465 meum
1197 1415 1365 1465 denonantur
1383 1413 1489 1478 perislcts

134 1486 214 1535 iroute
232 1494 337 1536 conatus
356 1494 406 1543 est,
429 1490 489 1550 jure
509 1501 565 1536 cum
583 1489 636 1551 ipso
655 1488 696 1551 agi
716 1488 820 1544 curabo,
846 1493 921 1550 stqns
945 1487 1082 1536 secuudum
1104 1486 1173 1552 leges
1197 1486 1297 1550 reprimi
1324 1491 1351 1535 et
1372 1482 1488 1550 csstigsrl.

135 1556 256 1606 Subduxit
274 1560 295 1605 is
314 1572 341 1607 se
360 1558 444 1623 Pregs
461 1561 486 1607 in
505 1558 619 1607 Silesiam
638 1557 786 1621 paulopost
802 1573 885 1606 meum
903 1557 985 1607 isthuc
1004 1571 1148 1613 ιοιοιιιιιιι,
1171 1557 1216 1607 sed
1233 1570 1329 1620 nuper,
1348 1556 1386 1605 nti
1403 1556 1488 1609 mon

136 1629 213 1677 tscite
226 1629 305 1678 rediit.
324 1629 397 1678 Forte
410 1630 518 1693 quodibi
532 1644 633 1678 menon
646 1630 751 1691 amplius
766 1643 820 1678 esse
832 1629 1003 1683 intellexerats
1021 1635 1134 1693 atquem
1150 1628 1240 1695 longse
1252 1625 1314 1676 mihi
1332 1628 1385 1676 siut
1401 1640 1488 1681 munus,

135 1699 233 1747 etiamsi
251 1708 349 1763 praesto
368 1715 418 1748 non
435 1702 498 1757 sim,
527 1701 594 1749 hreri
613 1702 638 1748 in
658 1707 751 1748 erresto
770 1701 885 1749 detentus
905 1706 931 1748 et
950 1708 1039 1762 postes
1056 1699 1082 1748 in
1100 1699 1220 1762 judicium
1238 1704 1383 1763 protrsctrrs
1400 1699 1489 1747 sentiet

206 1769 330 1829 Quoniam
348 1785 404 1820 vero
423 1771 534 1836 intelligo
554 1785 583 1819 cr
602 1772 666 1825 tuis,
689 1777 715 1818 te
733 1785 835 1832 spurcru
854 1776 880 1820 et
898 1769 1012 1820 scurriles
1031 1771 1093 1819 istss
1113 1769 1214 1820 ebertus
1232 1784 1283 1819 nou
1302 1768 1407 1825 niun,
1430 1769 1490 1816 mitte

132 1841 271 1905 exemplar,
296 1848 326 1890 ut
344 1848 370 1890 et
388 1842 418 1891 de
436 1847 482 1891 tue
505 1842 609 1904 epistols
632 1841 703 1890 isthic
727 1844 844 1904 promtius
868 1841 998 1905 dispicias,
1025 1855 1055 1890 ac
1080 1846 1165 1890 cetera
1189 1840 1274 1905 quelle
1299 1841 1353 1890 sint
1376 1841 1489 1889 suine

132 1910 234 1961 Videbis
253 1913 352 1976 utique,
371 1926 445 1976 quam
463 1915 567 1968 inssna,
586 1912 725 1967 melodice,
744 1914 885 1962 conviciosa
903 1918 928 1961 et
946 1911 1041 1961 foetida
1058 1912 1092 1960 sit
1110 1911 1265 1975 compilatio,
1285 1924 1414 1976 quumque
1431 1924 1490 1959 suun

137 1991 249 2032 sutorem
268 1985 377 2047 apprime
395 1984 514 2033 redolent
545 1982 740 2046 impudentiores
759 1984 896 2032 calumnias
914 1995 1040 2047 nunquam
1058 1982 1121 2032 iorte
1139 1982 1230 2049 legisti
1259 1982 1405 2032 Abhoment
1422 1981 1454 2031 sb
1470 1980 1490 2027 i's

139 2068 211 2104 aures
230 2056 337 2103 omnium
356 2054 511 2104 cordatorum
530 2061 556 2103 et
573 2054 711 2116 proborum.

210 2124 301 2175 Verum
321 2125 351 2174 de
370 2127 417 2174 iste
436 2125 511 2175 effero
529 2124 592 2173 Urso
612 2123 777 2173 Dithmersico
796 2123 851 2186 plus
870 2124 945 2183 satis,
964 2138 1044 2187 neque
1063 2123 1129 2173 enim
1147 2128 1184 2171 tet
1202 2137 1220 2172 s
1237 2129 1263 2172 te
1281 2123 1324 2173 vel
1342 2137 1384 2172 me
1401 2120 1490 2186 proluis

137 2195 215 2245 verbis
234 2196 322 2261 dignus
341 2204 392 2250 ost,
417 2203 444 2244 et
461 2198 482 2245 si
500 2198 579 2258 ipsum
597 2197 664 2243 intus
683 2201 708 2245 et
726 2197 751 2243 in
771 2201 828 2243 cute
847 2192 886 2254 (ιιι
905 2190 987 2256 ajunt)
1007 2207 1091 2243 nosses
1111 2191 1173 2255 (non
1190 2196 1243 2255 jem
1262 2194 1352 2259 loquor
1369 2194 1401 2243 de
1419 2193 1491 2242 scsbic

138 2267 249 2323 Gellics,
269 2281 318 2330 qua
336 2267 368 2315 oh
386 2268 451 2315 vitae
471 2268 636 2328 impuritatem
656 2263 763 2326 suntet),
782 2265 848 2314 idem
867 2278 965 2313 mecum
983 2266 1123 2324 testarcris,
1143 2266 1192 2314 imo
1208 2266 1263 2327 lam
1282 2265 1378 2315 dudum
1396 2270 1491 2313 testatus

137 2339 233 2387 iuisses.
271 2337 378 2386 Unicum
395 2338 483 2387 sultern
503 2336 606 2397 eddsm,
626 2336 774 2399 hypotheses
793 2343 890 2384 nostras
910 2337 1036 2385 asserendi
1054 2348 1144 2392 canes,
1169 2335 1229 2385 licet
1246 2336 1295 2387 boe
1314 2338 1445 2387 minimum
1461 2336 1491 2390 sit

138 2415 164 2457 ct
181 2407 254 2471 longe
272 2407 344 2470 plura
361 2408 528 2472 validioraque
546 2409 571 2456 in
589 2415 686 2471 promtu
697 2407 804 2456 habeam
818 2414 973 2471 arguments.
1000 2406 1157 2470 Hypotheses
1175 2406 1231 2457 illss
1249 2420 1318 2458 suno
1339 2405 1411 2457 158⁴
1430 2421 1447 2456 s
1462 2418 1492 2454 ne

137 2479 241 2542 primum
260 2480 428 2542 excogitatus,
446 2492 508 2542 quas
526 2479 573 2527 iste
591 2480 637 2527 sibi
656 2491 771 2543 arrogare
789 2492 839 2526 non
856 2484 967 2534 veretur,
992 2479 1067 2542 ipsius
1087 2491 1114 2526 re
1132 2491 1191 2526 vers
1213 2480 1345 2528 inventum
1369 2492 1426 2529 esse
1449 2477 1492 2541 quis

139 2548 277 2605 crediderit,
296 2549 338 2612 qui
357 2564 412 2598 eum
430 2549 486 2597 ullis
505 2550 714 2598 observetionibus
733 2548 889 2605 coelestibus,
908 2549 974 2597 unde
993 2563 1073 2599 novse
1084 2547 1234 2612 hypotheses
1253 2548 1421 2607 mendae,
1439 2562 1492 2596 unr-

137 2634 212 2683 qnem
231 2620 398 2669 usunsctnm
417 2634 471 2669 esse
489 2619 573 2668 novit?
601 2619 652 2668 lmo
671 2621 692 2669 si
709 2621 782 2668 nnius
801 2618 927 2682 planctae,
945 2622 1091 2682 praesertim
1109 2635 1123 2669 e
1142 2620 1218 2668 tribus
1236 2620 1406 2683 superioribus
1425 2631 1492 2682 spps·

138 2696 233 2739 rentem
251 2689 331 2739 locum
349 2705 393 2753 per
409 2689 475 2740 hanc
491 2691 643 2740 neutericum
656 2692 848 2754 suppositionem
860 2691 996 2739 secundm
1010 2705 1096 2740 omnes
1108 2690 1321 2753 perticulsnssses
1333 2690 1494 2741 ememus

137 2761 260 2825 nequierit
279 2758 327 2822 (uti
346 2763 385 2810 rix
402 2758 519 2825 poterit),
539 2763 578 2811 cui
597 2776 689 2826 quaeso
707 2762 854 2826 intelligenti
872 2776 944 2809 suum
962 2775 1018 2810 esse
1035 2763 1162 2812 inventum
1180 2761 1255 2811 iidem
1272 2760 1372 2813 issisti

209 2830 259 2882 Sed
277 2846 326 2881 non
345 2833 386 2881 ille
404 2833 507 2890 saltem,
527 2848 611 2882 verum
629 2840 655 2881 et
674 2833 729 2889 elii,
750 2833 806 2881 dum
826 2846 872 2895 ego
891 2845 949 2881 mee
967 2847 1051 2895 premo
1068 2839 1143 2896 utque
1160 2834 1187 2882 in
1203 2833 1287 2883 lucem
1303 2832 1381 2883 edere
1393 2837 1493 2889 cunctor,

138 2903 203 2952 banc
222 2904 430 2968 excogitationem
448 2905 494 2952 sibi
513 2904 648 2953 attribuero
667 2906 720 2952 ensi
738 2910 807 2952 sunt.
844 2903 911 2951 lnter
934 2917 994 2966 quos
1018 2909 1057 2952 est
1075 2902 1164 2953 Scotns
1186 2903 1304 2968 quidum,
1330 2903 1494 2954 Duncsnns

138 2975 245 3030 nomine,
264 2973 414 3023 Helmstadii
432 2973 500 3024 Mod.
520 2980 546 3023 et
564 2973 644 3022 blatii.
663 2975 801 3037 professor,
827 2975 868 3036 qni
888 2988 944 3022 cum
961 2973 1027 3023 hanc
1045 2975 1167 3024 rstionem
1185 2987 1202 3024 s
1219 2989 1260 3024 me
1277 2975 1306 3024 in
1324 2974 1415 3024 Dunis
1431 2987 1493 3023 eccs·

138 3046 222 3108 pisset,
241 3057 299 3094 eam
316 3047 420 3107 primunr
438 3044 566 3094 Rostoclrii
584 3047 697 3106 privatim
717 3047 767 3093 suis
786 3043 911 3108 discipulis
930 3044 1048 3102 dictavit,
1068 3059 1115 3094 nec
1133 3059 1215 3095 meum
1234 3059 1288 3095 esse
1308 3045 1438 3095 infieiatus
1456 3050 1494 3099 tlt

137 3115 182 3164 sod
200 3113 368 3176 'l'yuhoniosm
386 3116 449 3165 ultro
469 3116 609 3178 appellavit,
628 3116 693 3179 quod
711 3117 735 3164 in
754 3117 887 3179 propinquo
907 3131 995 3172 essem,
1015 3122 1042 3165 et
1059 3130 1107 3172 ure,
1129 3117 1241 3166 sialiter
1257 3116 1366 3178 feceret,
1387 3117 1414 3167 id
1430 3113 1496 3166 facile

137 3185 270 3234 resciscere
287 3200 359 3248 posse
377 3192 509 3235 sereretur.
547 3185 617 3235 Clam
636 3193 720 3236 temen
739 3188 783 3242 iis,
801 3188 888 3249 quibus
905 3188 1012 3236 marimo
1031 3186 1137 3246 ridebat,
1164 3188 1292 3252 discipulis
1310 3190 1338 3238 in
1357 3202 1445 3238 eurem
1461 3201 1495 3235 su·

138 3255 264 3312 surrebst,
285 3270 312 3306 se
330 3257 429 3321 quidem
446 3255 545 3305 honoris
564 3270 643 3306 ceusu
661 3271 717 3306 eam
735 3257 883 3320 hypothesin
899 3258 959 3306 mihi
978 3258 1129 3315 adscribere,
1148 3259 1249 3322 utplus
1267 3261 1369 3325 grstise
1389 3267 1417 3309 et
1434 3264 1496 3308 autc

138 3327 217 3375 ritatis
235 3326 327 3379 hebere
344 3328 422 3390 possit
440 3328 506 3391 apud
525 3328 649 3377 auditores
673 3343 745 3385 suns,
772 3342 859 3378 revere
881 3333 965 3377 temon
988 3342 1060 3378 suam
1082 3330 1158 3392 ipsius
1185 3344 1255 3387 esse,
1280 3332 1349 3395 qued
1373 3338 1401 3381 et
1418 3338 1498 3395 postes

137 3396 285 3446 Holmstedii
305 3400 419 3447 remotior
437 3412 454 3447 a
471 3413 511 3447 mc
528 3399 610 3448 iactus
630 3400 760 3449 audentius
780 3407 805 3448 et
822 3400 1009 3449 inverecundius
1027 3400 1155 3448 commisit
1186 3399 1238 3450 Sed
1255 3403 1308 3452 ists
1327 3403 1398 3453 inens
1417 3409 1444 3452 et
1459 3403 1496 3450 in·

138 3474 240 3531 portura
258 3483 314 3518 cum
333 3471 365 3518 ab
384 3470 447 3529 aliis,
466 3475 519 3520 tum
533 3473 678 3533 praesertim
690 3471 722 3519 D.
735 3471 767 3519 D.
781 3469 848 3519 Dan.
863 3469 1022 3524 Cramero,
1042 3470 1108 3534 apud
1121 3469 1278 3522 stetinenses
1291 3472 1371 3523 Verbi
1383 3474 1496 3525 ministrs.

137 3540 188 3588 siro
207 3539 364 3604 singulariter
383 3541 493 3599 erudito,
512 3543 553 3605 qui
572 3540 640 3591 Sonti
658 3543 729 3591 istius
747 3540 875 3590 Rcstochii
893 3542 950 3589 olim
969 3541 1067 3590 auditor
1084 3549 1154 3599 erat,
1174 3543 1277 3593 detecta
1295 3552 1344 3594 est.
1383 3543 1411 3594 Si
1431 3545 1498 3592 otium

138 3610 296 3674 superbierit,
320 3613 410 3662 curabo
430 3613 567 3676 exemplum
585 3614 711 3662 literarum
737 3616 790 3675 ejus
809 3611 841 3662 sd
860 3611 987 3676 Oligerum
1006 3611 1233 3663 Rossekrantsinm
1250 3628 1336 3665 meum
1355 3614 1497 3680 comsugri·

137 3696 211 3732 neum
230 3681 279 3732 huc
298 3683 329 3732 de
347 3698 374 3733 re
393 3685 554 3747 scripturum,
574 3685 644 3734 hisce
663 3685 760 3748 epponi.

210 3752 252 3803 Sic
270 3769 365 3818 quoqne
381 3754 561 3812 Roeslinns,
580 3756 641 3805 licet
658 3756 737 3819 magis
757 3758 839 3803 cstute
858 3760 884 3803 et
901 3760 984 3808 ceute,
1002 3768 1061 3803 mea
1078 3768 1121 3816 pro
1134 3755 1185 3803 suis
1198 3756 1330 3807 venditare
1342 3758 1497 3821 praesumsit,

138 3826 175 3873 its
193 3831 286 3881 temen,
304 3832 333 3874 ut
350 3825 409 3874 mihi
427 3827 493 3876 hanc
512 3828 706 3890 speculationem
724 3841 774 3874 non
792 3826 925 3888 derogarit,
945 3825 989 3874 sed
1007 3839 1034 3874 se
1053 3839 1122 3882 eum,
1142 3833 1274 3890 postquem
1292 3828 1387 3878 similis
1406 3827 1498 3878 edinve

139 3897 224 3954 nisset,
243 3895 269 3942 in
287 3895 346 3944 libro
365 3911 420 3945 meo
440 3898 470 3947 de
484 3898 589 3948 Corneto
607 3913 630 3947 u.
645 3894 678 3944 77
698 3898 817 3960 reperisse
835 3897 936 3945 fatetur.
964 3896 1086 3962 Egregius
1104 3910 1166 3946 sune
1184 3898 1264 3953 mens.
1283 3900 1307 3948 si
1326 3898 1404 3949 iidem
1422 3896 1500 3948 mereri

139 3971 231 4027 posset,
250 3978 308 4014 nem
326 3966 387 4015 liber
405 3968 445 4017 ille
463 3983 540 4021 meus.
560 3971 630 4030 cuius
649 3969 769 4023 meminit,
788 3982 832 4029 per
851 3964 865 4014 9
885 3981 964 4016 annos
983 3974 1062 4017 antes
1078 3968 1211 4030 impressus
1229 3976 1286 4019 erat
1305 3977 1334 4021 et
1350 3970 1460 4034 plurima
1475 3968 1500 4018 ds

139 4034 189 4083 hac
208 4048 225 4083 a
243 4049 282 4083 me
303 4037 444 4087 luuoducte
462 4039 603 4087 coelestium
622 4038 800 4088 revolutionum
813 4038 971 4100 dispositione
987 4040 1040 4099 jam
1058 4039 1226 4089 innotuerant.
1256 4041 1292 4090 At
1310 4043 1333 4090 si
1351 4041 1416 4091 nihil
1434 4039 1500 4094 erint

140 4105 165 4153 id
183 4104 272 4153 saltem
292 4112 318 4154 et
333 4121 408 4170 quarn
425 4110 532 4158 mommo
551 4109 661 4159 fraudem
673 4110 762 4172 prodit,
782 4110 854 4172 qnod,
874 4109 931 4159 dum
943 4108 1008 4158 lrsnc
1019 4108 1176 4173 hypothesin,
1195 4117 1225 4160 ιιι
1242 4126 1303 4161 suns
1321 4112 1397 4163 fieret
1414 4119 1499 4177 persus.

140 4175 165 4223 in
184 4175 307 4224 nonnullis
326 4178 398 4225 aliter
416 4178 519 4228 iormsre
539 4189 642 4228 cunctus
661 4183 693 4228 sit
712 4194 815 4244 eamque
835 4180 979 4237 emendare,
1002 4182 1028 4229 in
1047 4195 1159 4231 enormes
1178 4182 1350 4233 absurditates
1368 4184 1500 4250 impegerit

140 4247 219 4309 ipsum
242 4249 409 4307 symmetrium
436 4264 466 4298 ec
493 4251 672 4312 proportionem
700 4252 879 4300 revolutionum
905 4251 1092 4301 interturbandn
1118 4259 1193 4316 etque
1217 4254 1249 4303 eb
1274 4255 1337 4318 ipsis
1356 4255 1501 4320 sppmus'u

141 4316 317 4365 alienissimam
335 4319 483 4376 statuend03
511 4327 540 4368 nt
557 4321 614 4371 inde
633 4323 695 4371 setis
719 4322 826 4386 liqueat,
854 4337 909 4370 eum
932 4337 982 4371 uon
1005 4322 1095 4371 ssltern
1112 4322 1158 4372 hes
1177 4324 1331 4389 hypotheses
1349 4338 1502 4392 nequaqnam

140 4386 288 4450 intelligere,
306 4387 396 4436 nedum
414 4394 443 4437 nt
461 4403 545 4439 esrum
563 4399 636 4441 sutor
654 4394 694 4452 sit,
714 4393 758 4442 sed
777 4407 808 4443 ne
827 4393 926 4457 quidem
944 4392 1007 4442 ullus
1026 4394 1098 4449 alies,
1116 4394 1165 4443 imo
1179 4398 1352 4449 estronomiae
1368 4397 1502 4463 penetret·

141 4457 249 4507 necdum
267 4458 449 4520 introspexisse.

213 4544 371 4610 llsginum
389 4546 479 4594 Italum
498 4561 624 4613 nunqnam
638 4536 796 4600 existimarim
808 4551 860 4600 tale
873 4552 930 4616 qnid
943 4551 1084 4602 effecisset.
1114 4553 1187 4614 Quod
1205 4555 1226 4605 si
1243 4554 1314 4616 iecit,
1334 4557 1416 4609 literis
1433 4569 1502 4608 msnn

142 4617 241 4678 propris
259 4616 291 4664 ud
309 4629 349 4664 rue
362 4617 434 4673 detis,
454 4620 541 4681 quibus
559 4634 586 4669 so
605 4621 673 4670 illam
691 4622 838 4685 hypothesin
856 4637 886 4672 cx
903 4623 964 4672 libro
982 4629 1065 4673 nostro
1083 4625 1193 4676 secundo
1207 4625 1239 4676 de
1251 4627 1380 4680 aethereis
1398 4631 1501 4694 phaeno-

142 4686 220 4733 rnenis
238 4685 342 4747 primum
360 4690 520 4750 perspexisse,
541 4691 634 4755 sibique
654 4695 762 4756 apprime
781 4694 888 4757 placere,
907 4694 980 4743 modo
992 4693 1081 4744 Muris
1095 4697 1158 4746 orbis
1171 4695 1284 4747 Solsrem
1302 4702 1414 4752 mansue
1427 4703 1503 4766 pontt

144 4752 253 4818 (putsvit
271 4757 336 4804 enirn
355 4770 385 4806 cx
398 4757 501 4823 rulgsts
514 4764 647 4821 sententis,
666 4764 747 4813 reales
766 4779 821 4815 esse
839 4766 865 4814 in
884 4765 951 4814 coelo
971 4761 1062 4826 orbes),
1083 4767 1164 4818 lusus
1184 4775 1231 4826 est,
1252 4773 1383 4823 ecnusris
1401 4771 1501 4823 sdm‘uit

143 4826 166 4874 Δ
184 4822 287 4893 llsglno
305 4838 376 4885 vero,
398 4829 478 4895 siqui
496 4830 539 4880 ulii
556 4831 629 4895 butus
647 4835 822 4898 speculationis
840 4835 933 4888 conscii
950 4841 1022 4896 snut,
1045 4835 1094 4891 lise
1113 4837 1502 4903 uetustissimum
