3278 5542
151 324 218 392 420
704 323 746 376 De
763 324 942 375 Fundamenta

152 485 255 566 Vulgo
280 503 350 545 vero
375 482 452 563 quod
476 483 551 543 haec
575 490 788 561 proponuntur,
816 482 845 542 in
870 500 926 562 quo
951 482 1045 543 minor
1069 500 1139 561 spes
1163 481 1300 542 fructus:
1323 479 1355 541 id
1378 478 1406 541 si
1428 480 1502 560 quis·

151 576 233 655 piam
256 571 465 653 reprehendit,
499 590 564 631 enm
599 571 690 633 velim
713 571 912 651 perpendere,
947 570 1025 650 quod
1056 570 1116 630 alia
1139 569 1191 630 via
1221 570 1261 630 ad
1286 569 1424 630 literatos
1445 568 1504 630 hinc

153 663 223 724 inde
247 663 407 724 latitantes
431 678 488 720 non
512 660 731 738 perveniamus,
758 659 816 721 nisi
839 660 890 721 via
912 659 1042 736 publica.
1089 657 1188 734 Adde,
1215 658 1297 738 quod
1316 657 1365 718 hic
1388 658 1463 718 idem
1479 658 1503 718 in

154 752 287 814 curanda
310 748 392 828 vulgi
416 748 591 810 curiositate
615 747 769 809 observari
793 755 909 828 potest,
944 748 1022 827 quod
1046 747 1076 808 in
1100 766 1191 826 aegro
1216 767 1235 807 a
1259 745 1385 808 medicis
1408 747 1504 808 obser·

153 847 250 914 vatur,
275 846 309 899 ut
332 837 510 899 inordinatis
535 845 566 898 et
588 836 764 917 perniciosis
783 837 866 916 vulgi
889 835 1046 897 desideriis
1071 836 1243 905 abutamur,
1270 835 1308 896 ad
1333 834 1503 914 ingerendas

152 932 222 1001 (ceu
246 927 466 988 medicamenta
490 925 606 1006 aliqua)
640 926 887 1014 commonitiones
921 925 1085 1004 ejusmodi,
1119 924 1220 1003 specie
1252 924 1503 1004 prognosticorum

152 1019 288 1086 velatas,
321 1035 396 1097 quae
426 1015 465 1076 ad
489 1015 566 1076 hunc
590 1014 680 1076 animi
704 1015 839 1078 morbum
862 1014 1027 1075 tollendum
1052 1013 1181 1085 faciunt,
1215 1031 1352 1093 quaeque
1381 1013 1441 1073 alia
1461 1014 1504 1073 via

154 1107 290 1187 ingerere
315 1105 366 1166 vix
389 1123 557 1184 possemus.
605 1102 865 1174 Quemadmodum
898 1102 990 1181 igitur
1021 1122 1078 1164 non
1107 1102 1174 1163 ideo
1196 1121 1266 1174 cum
1290 1120 1383 1181 aegro
1406 1102 1505 1163 delirat

151 1194 295 1267 medicus,
321 1194 400 1274 quod
424 1192 579 1271 ingerendi
602 1192 814 1256 medicamenti
837 1211 932 1255 causa
954 1191 1096 1254 deliranti
1120 1210 1212 1272 aegro
1235 1191 1338 1252 verbis
1363 1197 1394 1251 et
1414 1191 1503 1269 specie

154 1283 297 1345 simulata
328 1282 532 1344 obsecundat:
566 1280 612 1343 ita
644 1289 676 1342 ct
705 1283 742 1343 de
775 1301 822 1343 me
839 1290 943 1361 'spero
976 1288 1058 1342 recte
1093 1279 1260 1342 sentientes
1292 1279 1369 1341 nihil
1398 1279 1502 1341 sinistri

152 1372 375 1451 suspicaturos,
407 1371 486 1450 quod
519 1371 630 1449 optimo
660 1371 758 1432 animo
789 1390 855 1431 cum
882 1370 972 1449 vulgo
1001 1389 1099 1431 rerum
1123 1369 1289 1431 futurarum
1312 1376 1347 1429 et
1370 1387 1501 1429 novarum

155 1461 262 1540 cupido
294 1459 411 1540 publice
437 1459 473 1519 de
498 1460 605 1520 futuris
629 1460 744 1539 loquor.
787 1459 894 1538 Iniqua
912 1458 1037 1536 judicia,
1063 1477 1139 1538 quae
1162 1458 1276 1519 nullum
1300 1458 1350 1519 vel
1364 1457 1500 1518 maximae

152 1548 315 1628 dignitatis
340 1549 455 1609 culmen
479 1567 537 1610 non
561 1548 731 1627 pervadunt
753 1557 786 1609 et
815 1548 1013 1622 cavillantur,
1044 1547 1153 1608 nedum
1185 1556 1218 1608 ut
1248 1547 1325 1608 haec
1357 1546 1501 1608 humiliora

151 1638 232 1700 vitae
258 1636 359 1699 munia
383 1645 414 1698 et
438 1637 572 1699 ludibriis
597 1637 687 1698 obvia
710 1637 828 1699 intacta
850 1637 1039 1716 relinquant,
1065 1636 1209 1715 occipite,
1234 1645 1267 1698 ut
1287 1635 1340 1697 ille
1354 1634 1499 1715 praecipit

151 1744 242 1788 caeco
265 1726 421 1806 excipiam.
1443 1769 1448 1779 .

240 1814 341 1876 Hasce
364 1833 436 1875 vero
460 1833 554 1882 meas,
578 1812 738 1875 Illustriss.
764 1813 900 1887 Domine,
925 1813 962 1873 de
987 1831 1065 1873 anno
1090 1805 1421 1875 futuro'meditatioues
1444 1830 1498 1873 cun

151 1903 355 1985 disputatione
378 1902 578 1983 pulcherrima
609 1902 645 1963 de
678 1902 809 1963 siderum
841 1900 1017 1975 influxibus,
1051 1903 1133 1963 lirae
1161 1902 1352 1981 potissimum
1376 1899 1499 1963 Celsitu·

151 1993 213 2054 dini
237 1993 347 2067 dicare,
374 1991 526 2053 strennlae
550 1992 626 2065 loco,
651 1990 750 2052 volui:
776 1991 854 2070 quod
877 2008 1053 2070 persuasum
1077 1990 1221 2063 habeam,
1239 1988 1276 2053 O.
1292 1991 1329 2052 T.
1355 1998 1387 2052 et
1405 1990 1498 2051 litera·

152 2083 193 2142 tis
218 2081 370 2155 omnibus,
406 2087 438 2141 et
466 2078 600 2159 inprimis
624 2080 730 2141 harum
753 2079 863 2140 artium
887 2079 1052 2140 cultoribus
1075 2079 1210 2161 impense
1234 2081 1355 2141 favere:
1380 2079 1457 2159 quod
1477 2087 1500 2139 et

150 2169 252 2232 verbis
274 2170 443 2249 luculenter
466 2188 499 2229 es
523 2175 665 2241 testatus,
690 2168 818 2247 primum
841 2175 963 2246 recepto
978 2168 1007 2229 in
1023 2167 1186 2229 amicitiam
1201 2168 1442 2233 celebratissima
1458 2167 1498 2229 illc

151 2266 183 2320 et
205 2258 343 2339 generosi
367 2258 538 2320 stemmatis
563 2258 626 2318 viro
651 2258 792 2338 Tychone
818 2257 969 2330 Brahaeo,
993 2256 1139 2337 phoenice
1159 2265 1419 2320 astronomomm:
1443 2255 1498 2317 dein

150 2365 187 2408 eo
210 2355 337 2421 mortuo,
362 2346 434 2407 mihi
458 2365 574 2426 quoque
600 2345 804 2408 declaratione
829 2345 940 2406 doloris
965 2353 997 2406 et
1019 2344 1161 2407 desiderii
1179 2345 1224 2406 tui
1248 2346 1332 2408 edita
1360 2353 1394 2407 et
1412 2345 1500 2424 reipsa

149 2435 283 2515 quotidie
308 2435 449 2507 testaris;
473 2435 542 2496 dum
567 2434 595 2495 in
620 2435 691 2497 aula
715 2442 768 2495 tua
791 2435 885 2495 habes
909 2432 1109 2495 clarissimum
1131 2433 1227 2496 virum
1245 2435 1286 2497 D.
1308 2434 1499 2497 Hermannnn

150 2524 324 2598 Buldernm,
349 2525 506 2593 medicum,
531 2523 749 2584 mathenratum
773 2522 1022 2597 amantissimum,
1048 2530 1081 2583 et
1103 2522 1132 2583 in
1148 2523 1204 2584 hoc
1221 2523 1389 2586 studiomm
1404 2539 1499 2604 genere

148 2613 386 2694 polyhistorem:
412 2631 469 2692 quo
493 2631 560 2674 cum
583 2612 630 2673 his
654 2613 691 2673 de
715 2612 804 2673 rebus
828 2611 1003 2691 quotidiana
1022 2611 1120 2691 agites
1136 2612 1296 2693 colloquia.
1317 2608 1361 2686 ¹¹)
1398 2612 1499 2690 Accipe

151 2701 255 2780 igitur,
280 2701 484 2763 illustrissime
498 2701 636 2773 Domine,
661 2701 850 2779 conjecturas
861 2701 952 2761 hasce
977 2699 1127 2780 physicas,
1152 2709 1185 2762 et
1203 2720 1269 2764 cum
1287 2701 1424 2781 politicis
1438 2719 1499 2762 con·

142 2789 279 2869 jecturis,
306 2809 380 2870 quas
405 2790 460 2851 tibi
484 2799 515 2850 et
538 2789 651 2852 ordinis
676 2790 808 2869 dignitas
833 2798 865 2852 et
887 2788 960 2868 reip.
986 2790 1202 2869 contemplatio
1226 2790 1416 2871 suppeditat,
1435 2807 1499 2869 quas

147 2878 326 2940 creberrime
350 2879 483 2958 appello,
509 2878 622 2940 conier.
669 2877 734 2939 Soli
753 2897 881 2958 namque
906 2877 954 2957 qui
979 2877 1099 2953 publica
1123 2899 1188 2940 cum
1216 2879 1336 2941 ratione
1365 2884 1498 2951 tractant

148 2968 185 3028 de
209 2986 396 3047 prognoseos
420 2968 507 3047 hujus
531 2969 652 3029 fortuna
675 2966 842 3028 rectissime
863 2966 1058 3046 judicabunt:
1083 2966 1294 3048 philosophica
1309 2976 1342 3030 et
1356 2968 1499 3048 paradoxa

145 3054 272 3137 physica
312 3056 520 3136 philosophiae
557 3058 746 3137 professores
785 3056 844 3118 sibi
885 3074 959 3116 sane
1002 3075 1134 3140 suaeque
1165 3076 1312 3120 censurae
1347 3057 1497 3119 vindicent

146 3144 235 3218 Vale,
262 3146 413 3224 longaeva
436 3152 468 3205 et
491 3145 572 3206 facili
597 3152 722 3206 senecta
744 3165 826 3220 usus,
851 3152 883 3205 et
905 3144 983 3205 hunc
1006 3144 1159 3208 ineuntem
1183 3166 1294 3210 annum
1317 3146 1497 3210 foelicissimt

146 3233 320 3312 transigas:
344 3252 450 3314 meque
474 3232 510 3296 O.
532 3235 565 3295 T.
592 3234 832 3295 commendatum
855 3232 979 3296 habeas.

574 3320 958 3403 &mmmmm

891 3411 938 3491 M,
960 3410 1033 3476 Jolt
1056 3408 1195 3494 Kepler,
1217 3409 1462 3476 Mathematicus.

734 3676 865 3737 Thesis
889 3678 911 3737 Ι.

231 3762 443 3825 Mathematici
465 3764 595 3826 officium
618 3764 706 3844 vulgo
730 3773 869 3843 putatur,
893 3783 992 3826 annua
1016 3763 1146 3826 scribere
1171 3763 1385 3846 Prognostica.
1430 3764 1491 3830 Cum

143 3869 214 3930 ergo
248 3853 287 3913 ad
319 3853 484 3914 instantem
517 3872 626 3914 annum
655 3863 769 3915 anato
790 3853 912 3915 Christo
936 3851 1097 3915 Salvatore
1126 3850 1209 3916 1602
1233 3856 1428 3932 statuerim,
1444 3873 1489 3916 non

141 3948 206 4000 tam
228 3940 366 4021 publicae
390 3941 569 4015 curiositati,
595 3961 683 4022 quam
708 3943 805 4004 officio
830 3941 1019 4021 philosophi,
1043 3943 1072 4003 iu
1098 3942 1151 4003 illa
1173 3943 1383 4022 reprimenda,
1408 3944 1487 4006 satis·

142 4028 257 4089 facere:
283 4028 321 4090 ab
345 4048 380 4090 eo
403 4029 592 4110 potissimum
617 4032 770 4105 exordiar,
804 4032 883 4111 quod
911 4030 1061 4093 tutissime
1089 4031 1148 4093 dici
1171 4039 1293 4111 potest:
1327 4032 1486 4113 prognosti-

142 4135 245 4178 corum
268 4117 324 4178 hoc
348 4137 425 4179 anno
449 4127 627 4200 proventum
651 4122 783 4182 futurum
805 4120 943 4195 uberem,
968 4139 1035 4182 cnm
1050 4130 1205 4183 crescente
1219 4122 1304 4201 vulgi
1328 4123 1485 4186 curiositate

144 4205 247 4285 plures
270 4205 382 4268 indies
406 4207 446 4269 ad
469 4227 623 4271 numerum
647 4210 794 4271 accedant
817 4219 966 4271 auctores.

724 4297 856 4360 Thesis
880 4299 920 4359 Π.

226 4383 262 4445 In
293 4381 355 4444 illis
382 4381 493 4446 libellis
525 4385 626 4465 aliqua
649 4386 800 4461 dicentur,
826 4406 902 4466 quae
925 4387 1107 4467 probaturus
1131 4391 1181 4447 est
1203 4393 1345 4465 eventus,
1369 4388 1480 4468 plurima

137 4487 228 4546 vero,
262 4491 338 4552 quae
366 4478 483 4551 tempus
512 4483 544 4535 et
571 4475 758 4553 experientia
779 4483 814 4537 ut
836 4495 915 4538 vana
939 4486 971 4538 et
992 4474 1079 4537 irrita
1101 4474 1264 4537 refutabit:
1291 4496 1413 4558 quorum
1433 4479 1478 4539 ists

137 4560 246 4633 ventis,
269 4561 324 4624 illa
347 4562 509 4625 memoriae
533 4562 719 4642 penitissime
743 4565 953 4638 inscribentur,
977 4573 1012 4628 ut
1034 4563 1117 4643 vulgi
1140 4583 1206 4642 pros
1230 4573 1290 4628 est.

714 4654 845 4716 Thesis
869 4656 924 4717 ΙΙΙ.

225 4733 347 4798 Etenim
369 4737 467 4818 qualis
490 4757 591 4815 causa,
616 4741 689 4802 talis
712 4744 848 4806 effectus.
882 4742 1039 4822 Astrologi
1059 4761 1130 4803 vero
1150 4761 1261 4805 causas
1285 4741 1473 4805 vaticiniorum

135 4840 257 4886 suorum
280 4825 446 4905 respiciunt
467 4828 580 4911 partim
604 4830 721 4913 quidem
744 4832 896 4914 physicas,
920 4833 1031 4914 partim
1054 4831 1204 4912 politicas,
1228 4838 1319 4914 parte
1342 4851 1410 4896 vero
1426 4846 1477 4912 pt,
