3278 5542
160 336 225 401 370
578 339 680 388 Literas
698 337 801 401 Ksplen'
827 339 981 403 aliorumque
998 341 1102 387 10011100

159 498 294 559 Tandem
326 497 430 576 puduit
454 496 542 567 belli,
576 497 622 557 cui
648 495 835 556 adhaerebat
856 496 1006 556 calumnia
1029 493 1240 575 spoliationis;
1272 492 1394 572 imque,
1421 490 1505 570 iniqu

158 588 313 665 pactione,
346 605 381 645 ne
408 585 477 664 quid
501 603 566 646 rneo
591 585 693 645 labore
717 585 787 645 inde
811 584 1020 645 concinnatum
1050 583 1128 644 citra
1150 598 1338 644 consensum
1360 579 1503 641 haeredum

159 676 285 745 ederem,
312 674 434 735 tandem
458 693 520 734 rem
545 693 580 733 eo
606 673 726 745 adduxi,
752 680 786 733 ut
809 671 1056 735 observationum
1079 670 1152 732 mihi
1174 669 1266 751 copia
1281 668 1424 733 secundis
1435 667 1503 749 ipso·

158 782 222 823 rum
253 761 458 824 voluntatibus
487 763 715 842 relinqueretur.
762 759 810 822 Ex
843 781 878 822 eo
911 759 1014 841 itaque
1046 757 1248 839 patrocinium
1279 756 1502 822 lucubrationum

157 851 308 932 Tychonis
332 851 404 913 mihi
428 870 486 911 non
511 869 638 929 arrogo,
663 851 717 911 sed
743 850 774 910 id
798 850 903 910 lubens
927 849 1059 911 humeris
1083 846 1193 910 nobilis
1217 847 1299 923 viri,
1325 845 1501 909 Francisci

157 938 350 1013 (lansueb,
385 939 458 1000 dicti
482 939 694 1018 Tengnagl,
729 938 919 1016 Westphali,
954 936 1105 1019 Tychonis
1127 936 1231 999 Brahe
1258 935 1367 1017 generi
1390 935 1499 1005 remitte

159 1028 298 1105 quicum
322 1029 404 1088 sita
428 1028 561 1089 consiliis
590 1027 827 1106 appellationum
850 1025 1095 1100 Bohemicarnm,
1127 1034 1248 1104 partem
1280 1023 1384 1104 operis
1411 1023 1500 1085 bonan

155 1133 211 1176 non
236 1116 347 1176 invitus
372 1116 445 1176 mihi
468 1116 598 1195 reliquit.
646 1115 732 1185 Quae
757 1116 881 1196 quisque
905 1114 1048 1189 effecerit,
1072 1122 1192 1193 tempos
1216 1113 1375 1176 ostendet.

224 1202 289 1253 Hinc
308 1205 399 1252 transit
416 1203 539 1267 Keplerue
559 1205 591 1254 ad
610 1217 650 1260 ea,
669 1216 733 1269 quae
751 1202 800 1254 hac
812 1216 890 1268 usque
908 1204 934 1252 ln
952 1202 1070 1253 Martis
1087 1201 1185 1253 theoria
1196 1202 1341 1267 profecerit,
1359 1199 1499 1267 promeris

153 1276 178 1323 in
196 1274 257 1323 libro
279 1275 326 1332 „de
344 1275 450 1323 motibus
469 1275 558 1324 stellae
576 1274 692 1331 Martis“‚
712 1275 801 1326 deinde
820 1277 917 1340 pergit:

243 1344 306 1407 Sed
330 1347 367 1406 ad
393 1346 494 1426 capita
519 1346 672 1408 literarum
694 1354 813 1409 tuarum
837 1356 980 1408 revertar.

242 1435 284 1496 Ut
308 1434 502 1496 fundamenta
527 1436 687 1498 restitutae
722 1434 892 1497 theoriae
924 1435 1084 1496 Lunaris
1109 1434 1217 1505 edam,
1249 1450 1352 1495 meum
1376 1449 1431 1492 non
1452 1437 1495 1503 est,

152 1524 208 1585 sed
231 1523 412 1597 haeredum,
447 1543 538 1603 quos,
569 1533 604 1585 ut
628 1524 761 1597 faciant,
788 1543 907 1585 monere
932 1542 989 1584 non
1015 1521 1146 1596 desisto;
1174 1540 1270 1606 'spem
1294 1522 1324 1582 in
1349 1519 1495 1599 propinquo

152 1612 264 1673 nullam
287 1611 384 1673 video.
427 1611 507 1681 Quid
532 1614 557 1674 si
581 1632 652 1674 vero
676 1619 709 1674 tn
733 1613 797 1692 ipse
822 1613 878 1673 hoc
893 1612 1046 1691 negotium
1061 1630 1238 1691 promovere
1251 1609 1377 1690 possis?
1410 1608 1494 1687 Teag-

154 1701 271 1780 naglius
296 1700 374 1761 enim
400 1721 492 1781 nuper
516 1701 739 1782 peregrinatum
763 1701 846 1776 abiit,
871 1707 1032 1783 praetextu
1052 1699 1195 1762 visendae
1209 1699 1348 1779 patriae3
1371 1697 1493 1778 privatim

151 1810 221 1850 vero
253 1789 371 1868 ajebat,
400 1809 432 1850 ss
458 1790 540 1852 adire
564 1790 720 1870 Angliam.
764 1789 824 1851 Est
852 1799 954 1853 autern
978 1786 1227 1873 1110001010111.
1252 1786 1493 1850 8010101101-

149 1886 409 1958 gomontanus,
448 1900 504 1958 quo
535 1880 636 1961 Tycho
666 1880 704 1941 ad
729 1879 861 1941 Lunaria
893 1899 964 1940 usus
995 1886 1044 1939 est
1071 1877 1244 1957 plurimum:
1284 1875 1352 1957 qui,
1385 1876 1410 1937 si
1440 1873 1493 1954 quid

150 1975 290 2047 superest
313 1968 518 2043 correctionis,
543 1977 649 2048 suopte
675 1968 703 2029 id
728 1969 828 2029 Marte
851 1968 935 2048 prius
950 1966 1137 2041 emendabit3
1160 1966 1294 2029 monitus
1317 1964 1400 2026 enirn
1422 1985 1438 2025 a
1457 1981 1493 2024 me

151 2057 182 2118 id
204 2076 259 2136 per
281 2057 387 2117 literas
412 2076 444 2118 se
470 2058 617 2119 facturum
643 2065 690 2119 est
713 2057 880 2137 pollicitus;
915 2076 972 2137 quo
998 2057 1079 2118 facto
1108 2075 1165 2117 uuo
1195 2054 1294 2137 gradu
1323 2053 1444 2135 propius
1463 2051 1492 2111 ad

150 2146 312 2207 editionem
337 2147 563 2207 accesserimus.
611 2147 643 2207 ln
669 2147 860 2208 conclusione
885 2144 1062 2224 Opticorum
1087 2164 1194 2207 novam
1220 2142 1398 2205 methodum
1418 2140 1492 2223 polli-

146 2235 226 2296 citus
251 2253 316 2295 sum
342 2235 383 2295 rei
408 2236 618 2313 perficiendae.
666 2237 754 2296 lllam
778 2255 860 2308 vero,
884 2233 950 2296 Deo
975 2234 1110 2309 volente,
1135 2234 1200 2296 sine
1224 2231 1381 2314 Tychonis
1403 2232 1492 2293 obser·

147 2322 319 2385 vationibus
345 2323 478 2385 editurus
503 2332 535 2386 et
557 2325 586 2384 in
611 2325 685 2385 meis
710 2324 865 2403 eclipsium
890 2322 1151 2385 observationibus
1175 2322 1392 2401 exploraturus
1411 2337 1475 2381 snm.

235 2409 324 2480 Quod
349 2410 448 2473 lixas
473 2413 593 2485 attinet,
620 2421 706 2474 extat
730 2415 807 2493 apud
833 2412 979 2474 haeredes
994 2413 1145 2492 privatum
1168 2428 1243 2490 opus
1271 2406 1360 2472 1000
1375 2409 1492 2477 lixarum

145 2499 175 2561 in
200 2518 258 2578 quo
282 2499 395 2561 multae
427 2501 457 2561 in
486 2501 691 2581 septentrione
724 2511 846 2582 praeter
878 2519 1033 2565 numerum
1055 2499 1275 2562 Ptolemaioum
1304 2504 1491 2567 accesserunt,

146 2588 276 2667 aliquae,
295 2588 476 2667 praesertim
500 2590 529 2651 in
554 2591 742 2654 meridionali
766 2589 997 2670 hemisphaerio,
1024 2589 1194 2650 necessario
1212 2589 1296 2650 fuere
1311 2586 1490 2667 praeteritae.

144 2676 221 2739 Utut
244 2676 367 2748 habeat,
391 2676 554 2740 haeredum
578 2679 733 2743 arbitrium
758 2689 815 2755 est,
839 2679 914 2742 illud
938 2679 1037 2740 edere.

216 2761 331 2825 (Addidit
358 2765 480 2829 Keplerus
503 2767 569 2818 hunc
596 2769 738 2835 catalogum
762 2769 889 2818 stellarum
914 2767 1017 2816 fixarum
1043 2765 1134 2815 tabulis
1157 2763 1333 2828 Rudolphinis.
1377 2762 1490 2813 Theoriam

119 2837 269 2899 ,mesm
288 2835 443 2894 absolutam,
468 2838 597 2888 Hernsrto
617 2840 773 2897 dedicatam,
801 2841 831 2889 ob
850 2839 972 2888 delectam
992 2835 1139 2902 typographi
1157 2850 1207 2885 non
1225 2835 1416 2900 imprimendam
1432 2845 1488 2884 aare

142 2911 191 2965 vit3
209 2909 276 2956 ineat
292 2907 356 2956 haec
375 2907 431 2956 Vol.
451 2909 484 2958 11.
506 2910 566 2959 Mes.
587 2908 847 2975 Petropolltanorum.)

231 2979 277 3040 De
301 2980 470 3059 astrologia
498 2982 573 3042 talia
602 2983 728 3056 scribis,
763 2984 839 3044 talia
868 2981 1006 3060 quaeris,
1039 2989 1072 3040 ut
1096 2997 1230 3058 sperem,
1266 2977 1324 3040 tibi
1346 2977 1488 3058 plurimun

141 3068 334 3131 satisfactum
373 3068 409 3128 iri
442 3070 498 3130 hac
528 3071 649 3149 adjecta
687 3070 969 3143 dissertatiuncula,
1003 3088 1062 3149 qua
1087 3069 1181 3142 lecta,
1215 3067 1242 3128 si
1266 3067 1344 3129 bene
1368 3063 1486 3146 conjicio,

141 3157 309 3236 aequiorem
321 3158 528 3234 pronunciabit
539 3161 720 3221 sententiam
734 3179 786 3221 rex
802 3159 1054 3240 sapientissimus.
1080 3155 1142 3218 Sed
1158 3157 1291 3219 fortasse
1306 3155 1486 3235 poteritbsec

141 3246 213 3306 olim
228 3245 355 3305 materia
378 3245 552 3324 diligentius
576 3256 606 3309 et
630 3249 674 3310 ita
697 3249 846 3323 adornari,
872 3257 906 3309 nt
929 3246 1128 3310 serenissimis
1152 3246 1218 3325 ejus
1233 3246 1329 3307 oculis
1349 3243 1486 3307 honestius

141 3335 296 3396 offeratur.
343 3334 426 3395 Deus
450 3355 497 3396 me
522 3356 559 3397 ex
584 3339 770 3401 astronomia
793 3337 954 3417 expediat,
989 3344 1023 3398 ut
1050 3336 1089 3397 ad
1117 3354 1219 3396 curam
1247 3334 1350 3413 operis
1379 3332 1434 3395 mei
1456 3331 1486 3391 de

141 3422 348 3484 Earmonia
371 3425 491 3486 mundi
516 3436 685 3489 convertar.
731 3427 880 3506 Equidem
903 3426 976 3487 illud
1000 3444 1074 3505 opus
1096 3424 1301 3506 jampridem
1325 3422 1421 3486 tacite
1432 3418 1485 3498 regi

141 3519 244 3574 vestro
269 3511 439 3583 destinavi,
473 3533 530 3575 non
555 3523 618 3577 tam
642 3516 742 3578 studio
767 3516 795 3576 ei
819 3515 1044 3590 innotescendi,
1071 3532 1159 3593 quam
1182 3519 1254 3575 voto
1279 3509 1485 3578 ardentissimo,
1514 3523 1517 3527 “

140 3610 173 3665 ut
204 3600 324 3679 inipso
358 3603 513 3665 coalescat
544 3604 702 3667 harmonia
735 3604 935 3667 ecclesiae.
984 3605 1015 3666 Is
1039 3603 1116 3665 enim
1147 3602 1222 3665 talia
1244 3601 1388 3681 scripsit,
1425 3597 1486 3661 talis

140 3692 233 3763 facit,
258 3698 291 3752 ut
315 3711 372 3753 non
395 3691 609 3755 inconveniens
634 3693 881 3774 0011100ομοςος
904 3694 1043 3755 videatur
1066 3692 1239 3772 hujusmodi
1264 3690 1315 3753 vel
1339 3686 1485 3759 dedicatio,

140 3781 186 3841 vel
211 3779 406 3842 existimatio.
454 3781 513 3852 Qui
538 3802 595 3864 quo
619 3784 736 3845 tardius
767 3783 944 3863 aggreditur
971 3800 1034 3843 rem
1062 3782 1200 3843 omnibus
1223 3779 1381 3860 oppressis
1404 3793 1484 3856 exop-

139 3867 331 3941 tatissimam,
356 3870 412 3930 hoc
437 3871 610 3951 diligentius
635 3891 737 3934 omnes
761 3873 937 3935 occasiones
961 3871 1232 3951 circumspectores
1255 3888 1325 3931 esse
1350 3875 1484 3933 censetur.

138 3956 222 4017 Deus
244 3955 280 4018 0.
297 3958 340 4018 Μ.
360 3958 469 4021 bonum
493 3978 578 4039 opus,
603 3963 681 4041 quod
704 3961 824 4041 inipso
848 3968 989 4040 operatus
1015 3968 1077 4035 est,
1102 3960 1197 4039 primo
1222 3977 1340 4040 qnoque
1364 3966 1483 4036 tempore

139 4045 285 4123 perficiat.
332 4044 394 4106 Sed
418 4047 495 4108 hauc
519 4050 701 4111 mentionem
735 4051 801 4111 ideo
836 4051 959 4130 injicere
983 4049 1086 4127 coepi,
1120 4056 1155 4110 nt
1186 4046 1347 4110 consilium
1379 4046 1432 4109 abs
1451 4052 1483 4115 te,

139 4133 195 4194 Vir
218 4133 484 4196 Praestantissima
517 4146 653 4218 peterem
686 4139 713 4200 in
739 4160 771 4202 re
797 4140 862 4218 jam
898 4139 1033 4201 arnolto
1058 4145 1192 4217 tempore
1217 4136 1386 4199 destinata
1429 4132 1484 4204 010

139 4221 256 4284 nomine
279 4222 437 4300 plurimum
460 4226 569 4300 laetor,
605 4235 635 4287 te
660 4228 732 4288 mihi
756 4229 888 4290 oblatum
913 4248 951 4288 ex
975 4228 1028 4288 illa
1050 4235 1155 4305 gente,
1186 4244 1286 4308 aquo
1308 4224 1483 4305 potissimum

138 4310 182 4372 sic
206 4310 347 4372 erudirer.
394 4313 472 4374 Nam
496 4315 545 4392 qui
570 4324 617 4375 est
645 4317 674 4377 in
699 4325 729 4378 te
755 4337 838 4378 amor
861 4318 964 4378 harum
989 4316 1113 4391 artium,
1145 4335 1203 4379 non
1227 4315 1364 4394 patietur
1387 4309 1483 4379 feriari

139 4399 208 4481 quin
231 4400 280 4461 vel
303 4399 360 4460 hac
383 4402 432 4462 vel
456 4403 517 4463 alia
540 4404 590 4465 via
614 4405 747 4476 (incerta
771 4407 848 4468 euim
863 4407 994 4468 humana
1017 4406 1125 4481 omnia,
1151 4405 1321 4477 0111011001,
1343 4405 1483 4467 Musarum

137 4488 304 4569 pernicies,
339 4490 441 4551 nescio
470 4499 614 4571 quantum
647 4515 666 4554 a
693 4495 780 4556 nobis
809 4495 891 4556 absit
918 4496 946 4556 in
970 4494 1136 4570 Bohemia,
1170 4494 1241 4556 dum
1266 4493 1336 4573 jam
1358 4489 1484 4567 biccaria

138 4579 326 4657 periclitatur
349 4587 439 4658 atque
463 4581 604 4655 Austria)
639 4585 782 4645 cultorem
812 4585 984 4646 matheseos
1015 4584 1140 4646 consilio
1169 4582 1218 4645 vel
1241 4601 1337 4664 opera
1369 4587 1442 4666 (qua
1458 4587 1482 4640 te

136 4666 250 4744 pollere
275 4667 430 4742 existimo,
465 4669 525 4729 tuis
556 4670 652 4731 literis
680 4672 835 4747 inductus)
869 4693 957 4754 quam
986 4674 1098 4753 optime
1127 4691 1317 4752 promoveas.
1366 4672 1428 4737 Sed
1452 4666 1482 4730 ad

138 4756 345 4836 quaestionem
368 4757 536 4820 redeamus.
583 4758 731 4840 Equidem
751 4762 799 4843 ita
822 4763 1027 4825 conformatae
1051 4771 1122 4825 sunt
1143 4763 1248 4824 theses
1272 4781 1372 4840 meae,
1395 4770 1483 4825 utnec

136 4843 262 4925 planeta
284 4863 340 4908 nec
362 4854 506 4928 aspectus
529 4847 608 4911 ullus
631 4851 729 4913 malus
753 4851 804 4912 sit.
852 4850 1081 4916 Contrariorum
1104 4870 1175 4915 vero
1194 4851 1348 4934 oppositio
1372 4854 1485 4917 0101011
