3278 5542
335 983 878 1063 ILLUSTRISSIMO
917 988 1183 1063 DOMINO

390 1166 441 1268 o.
474 1159 672 1270 eursu
704 1168 849 1270 vor
879 1100 1123 1271 roomo.

201 1355 314 1430 Domus
338 1354 591 1437 Rosembergicae
616 1358 817 1422 Gubernatori
838 1369 895 1422 etc.
921 1361 1048 1422 Domino
1073 1380 1139 1421 meo
1163 1361 1309 1425 clement:

167 1514 328 1575 Praeclare
352 1512 459 1577 Cicero
484 1516 559 1579 libro
582 1518 677 1597 primu
701 1517 875 1581 Officiorum
899 1528 1020 1581 monet:
1049 1538 1117 1581 esse
1140 1520 1242 1602 magni
1271 1521 1376 1596 animi,
1406 1530 1438 1583 et

104 1601 172 1664 isse
197 1603 308 1664 multos
332 1604 424 1666 etiam
447 1605 477 1666 in
506 1607 571 1668 vita
598 1606 714 1683 otiosa,
747 1608 796 1687 qui
824 1617 876 1669 aut
908 1608 1141 1687 investigarent,
1175 1617 1230 1671 aut
1260 1617 1438 1672 conarentur

104 1709 190 1770 agua
213 1692 369 1771 quaedam,
395 1713 521 1774 seseque
545 1716 666 1757 suamm
689 1716 788 1758 rerum
811 1697 917 1758 finibus
940 1696 1137 1758 continerent.
1185 1697 1284 1769 Quam
1312 1706 1437 1761 senteu-

104 1798 153 1841 sm
186 1779 373 1842 Reinholdus
406 1790 509 1845 noster
532 1784 725 1864 peculiariter
752 1785 791 1846 ad
814 1786 1017 1847 astronomiae
1042 1785 1173 1847 studium
1197 1788 1435 1863 accommodans,

104 1877 225 1943 artatur,
250 1889 287 1930 ne
311 1870 456 1933 deterreri
479 1891 512 1934 se
536 1873 575 1934 ab
598 1873 645 1935 bis
667 1872 777 1935 studiis
799 1881 886 1936 recta
906 1872 1027 1952 ingenia
1049 1873 1152 1936 sinant
1171 1871 1364 1936 'indoctorum
1382 1875 1437 1955 ju·

104 1956 176 2030 ciis,
202 1958 391 2036 quitantum
415 1969 615 2040 quaestuosas
639 1969 721 2024 artes
740 1962 893 2025 mirentur.
938 1963 1019 2024 Nam
1042 1981 1110 2024 cum
1133 1964 1208 2025 baec
1232 1963 1295 2025 sint
1313 1963 1436 2026 virtutis

104 2044 198 2121 udia,
233 2046 439 2110 fortitudinem
472 2050 564 2112 ctiam
593 2052 621 2112 in
655 2051 699 2112 eis
731 2050 864 2113 colendis
894 2045 1017 2130 requiri,
1052 2071 1127 2132 qnae
1151 2052 1267 2113 animos
1292 2053 1435 2114 adversus

104 2134 191 2196 ultas
215 2136 296 2214 vulgi
325 2137 480 2217 opiniones
509 2139 648 2201 obfirmet
684 2147 716 2201 ct
745 2158 889 2220 perversa
916 2139 1032 2219 judicia
1065 2147 1252 2215 contemnat,
1287 2141 1366 2220 quod
1398 2141 1435 2202 de

104 2242 205 2303 raque
229 2225 413 2304 astrologiae
436 2234 524 2305 parte
548 2228 625 2290 dixit
648 2228 778 2307 optimus
802 2229 861 2301 vir,
894 2228 925 2289 id
955 2228 1011 2289 hoc
1034 2236 1168 2308 tempore
1191 2229 1381 2308 potissimum
1404 2230 1435 2290 in

104 2319 179 2374 tera
197 2313 385 2391 judicatrice,
412 2334 488 2395 quae
512 2317 651 2398 physices
675 2336 746 2397 pars
770 2325 827 2392 est,
851 2316 923 2378 mihi
947 2318 1060 2378 dictum
1079 2336 1147 2380 esse
1161 2317 1275 2397 putavi.
1312 2317 1433 2379 Etenim

104 2400 125 2463 ri
149 2402 345 2480 prognostica
368 2404 457 2464 officii
480 2407 597 2468 ratione
621 2407 735 2481 scribit,
764 2406 839 2468 duas
862 2405 1051 2485 potissimum
1074 2405 1333 2486 vulgiopiniones
1355 2407 1434 2468 inter

104 2522 106 2531 =
132 2491 303 2551 contrarias
327 2492 390 2553 alto
414 2493 512 2555 animo
536 2503 740 2571 contemnere,
769 2513 861 2576 seque
891 2503 999 2556 contra
1025 2495 1099 2556 duos
1123 2495 1244 2557 humilis
1267 2502 1299 2556 et
1322 2495 1434 2574 abjecti

104 2579 169 2642 rimi
202 2581 328 2641 allectus
359 2581 473 2644 munire
507 2582 613 2654 debet,
645 2584 843 2664 cupiditatem
874 2584 989 2662 gloriae
1021 2592 1053 2645 et
1084 2591 1203 2646 metum.
1223 2601 1237 2614 ·
1251 2581 1327 2645 Cum
1354 2583 1433 2644 enim

104 2687 192 2748 agna
215 2667 256 2729 sit
279 2669 362 2747 vulgi
385 2670 563 2746 curiositas,
591 2673 692 2735 animo
724 2672 929 2734 contaminato
953 2679 1020 2745 est,
1053 2672 1104 2753 qui
1132 2671 1162 2733 in
1194 2672 1275 2752 vulgi
1303 2671 1433 2750 gratiam

128 2765 256 2837 propter
278 2758 474 2822 vanissimam
497 2761 622 2839 gloriam
645 2761 695 2823 vel
718 2782 755 2823 ea
777 2761 943 2841 profitetur,
969 2779 1044 2839 quae
1069 2767 1178 2821 natura
1196 2779 1254 2821 non
1274 2769 1433 2834 monstrat,

104 2847 126 2909 sl
151 2847 243 2908 etiam
267 2855 394 2908 naturae
419 2849 548 2927 genuina
570 2850 714 2912 miracula
736 2850 886 2930 propalat,
910 2848 938 2912 si
961 2866 1068 2910 causas
1088 2849 1242 2927 graviores
1260 2867 1320 2909 non
1334 2849 1433 2930 respi-

104 2944 127 2998 t.
176 2933 292 2997 Contra
323 2944 394 2997 sunt
426 2938 475 3018 qui
506 2948 619 3018 negant
648 2957 771 3019 gravem
793 2937 889 2998 virum
912 2946 945 2998 et
966 2936 1175 3018 philosophum
1198 2937 1323 3012 decere,
1347 2946 1382 2999 ut
1404 2938 1432 2999 in

104 3024 208 3086 ateria
232 3031 277 3085 tot
301 3024 512 3104 nugacissimis
536 3035 569 3089 et
591 3027 764 3091 vanissimis
788 3025 1015 3088 ariolationibus
1040 3025 1201 3106 quotannis
1232 3034 1434 3105 conspurcata
1464 3095 1466 3104 Ι

104 3133 190 3176 mam
223 3112 334 3193 ingenii
365 3122 397 3175 et
429 3115 571 3177 honorem
595 3116 770 3179 eruditionis
793 3115 977 3196 prostituat,
1000 3114 1267 3196 curiositatemque
1291 3115 1383 3196 vulgi.
1401 3125 1433 3177 et

104 3202 310 3282 rperstitiones
333 3202 524 3267 imbecillium
557 3205 742 3286 ingeniorum
776 3204 1005 3268 subministrato
1034 3204 1090 3266 hoc
1119 3204 1204 3284 quasi
1229 3204 1333 3265 fomite
1358 3204 1432 3266 alat.

104 3299 192 3354 ateor
225 3291 300 3352 haec
333 3310 445 3371 magna
475 3294 735 3357 verisimilitudine
759 3293 864 3373 objici,
888 3302 921 3354 et
942 3294 1052 3355 idonea
1075 3312 1154 3367 esse,
1175 3312 1251 3374 quae
1275 3293 1434 3355 honestum

104 3399 184 3454 rum,
210 3379 237 3442 si
260 3380 414 3459 graviores
438 3399 546 3444 causas
571 3403 627 3445 non
643 3383 765 3458 habeat,
791 3382 829 3444 ab
853 3384 909 3443 hoc
933 3400 1042 3462 genere
1066 3380 1237 3461 scriptionis
1253 3381 1433 3444 deterreant.

104 3478 122 3532 ,t
147 3470 174 3531 si
197 3468 243 3530 cui
266 3469 400 3530 rationes
424 3469 554 3533 instituti
578 3473 623 3534 sui
647 3473 726 3534 tales
750 3478 922 3551 suppetant,
948 3489 1024 3550 quae
1048 3488 1101 3549 per
1123 3489 1191 3531 sese
1210 3469 1343 3530 cordatis
1363 3469 1435 3531 viris

104 3557 302 3639 pprobentur:
336 3559 471 3637 profecto
499 3579 558 3622 non
588 3568 691 3641 potest
715 3560 772 3622 nisi
796 3558 917 3621 timidus
941 3558 1062 3632 haberi,
1093 3557 1142 3618 ubi
1166 3576 1198 3618 se
1222 3557 1329 3618 alienis
1353 3557 1435 3619 hisce

104 3667 111 3710 ι
135 3647 324 3709 extrinsecus
358 3647 585 3712 advenientibus
618 3649 783 3712 obstaculis
807 3669 826 3709 a
849 3647 1002 3728 proposito
1026 3646 1171 3708 deterreri
1197 3664 1306 3725 passus
1336 3646 1434 3719 luerit,

104 3754 214 3799 umores
238 3754 345 3797 curans
370 3744 401 3797 et
426 3738 532 3799 lalsam
557 3747 693 3800 metuens
718 3737 882 3799 infamiam.
928 3736 1008 3798 Nam
1035 3734 1094 3796 etsi
1118 3753 1229 3813 magna
1250 3752 1322 3813 pars
1344 3752 1435 3813 prae-

104 3834 236 3907 tptomm
267 3824 296 3885 iu
330 3825 388 3886 hac
416 3835 481 3891 arte
505 3828 641 3889 Arabum
672 3827 759 3906 nugis
784 3824 981 3888 consumitur:
1011 3832 1045 3885 at
1071 3842 1130 3893 non
1153 3822 1222 3885 ideo
1245 3840 1322 3902 quae
1346 3822 1376 3883 in
1399 3841 1437 3884 ea

104 3922 153 3977 mt
186 3933 298 3975 arcana
330 3923 477 3989 naturae,
509 3917 557 3978 vel
589 3935 687 3996 nugae
717 3922 804 3990 sunt,
839 3915 886 3975 vel
914 3932 981 3995 cum
1008 3913 1095 3993 nugis
1118 3911 1209 3992 abjici
1233 3911 1358 3986 debeut;
1382 3910 1435 3973 sed

104 4023 218 4066 ammae
242 4022 258 4064 e
283 4003 345 4064 luto
369 4004 576 4083 colligendae,
612 4006 705 4067 honor
732 4004 808 4079 Dei,
839 4002 995 4084 proposita
1017 4010 1143 4065 naturae
1173 3999 1434 4080 contemplatione,

104 4093 295 4165 lustrandus,
319 4092 627 4174 invitandiexemplo
652 4094 721 4168 alii,
746 4103 778 4154 st
801 4112 894 4173 opera
917 4092 1017 4152 danda
1040 4100 1107 4166 est,
1139 4098 1174 4152 ut
1200 4107 1276 4168 quae
1304 4089 1375 4151 olim
1397 4089 1436 4150 ad

104 4183 230 4262 isignem
254 4182 385 4262 aliquam
410 4182 529 4245 humani
553 4183 672 4263 generis
695 4182 860 4245 utilitatem
890 4181 1003 4243 servire
1026 4185 1160 4261 possent,
1186 4178 1264 4240 omni
1288 4187 1397 4240 conatu
1421 4197 1437 4238 e

104 4271 216 4334 enebris
240 4271 427 4350 ignorantiae
450 4267 636 4351 inrepertum
659 4271 859 4351 proferantur.
905 4269 952 4331 Ac
976 4271 1035 4331 etsi
1057 4287 1130 4331 sane
1153 4287 1213 4329 non
1237 4267 1342 4330 statim
1368 4285 1436 4329 res·

104 4361 199 4424 undet
221 4368 361 4434 eventus,
391 4379 559 4441 magnaque
587 4360 825 4441 praedictionum
853 4357 1034 4420 incertitudo
1068 4364 1117 4418 est
1147 4357 1178 4418 in
1208 4362 1256 4418 tot
1278 4373 1438 4418 causarum

104 4449 273 4512 refusione:
299 4449 493 4512 annitendum
516 4457 618 4511 tamen
642 4457 729 4512 tanto
753 4448 860 4527 magis,
885 4466 951 4509 cum
973 4446 1005 4509 in
1029 4448 1092 4508 solo
1117 4444 1220 4507 labore
1236 4443 1330 4506 virtus
1346 4460 1436 4522 spec-

104 4547 174 4602 rtur.
223 4537 312 4609 Quod
335 4557 407 4600 vero
430 4538 517 4602 multi
540 4538 623 4601 bisce
647 4539 686 4601 ad
709 4536 917 4600 curiositatem
941 4554 1026 4598 snam
1049 4535 1221 4607 abutuntur,
1241 4530 1436 4612 superstitio-

104 4647 195 4710 esque
218 4648 290 4690 suas
312 4627 504 4691 confirmant:
535 4627 567 4690 id
590 4626 802 4706 nihilomagis
825 4644 873 4687 me
897 4625 1066 4699 absterret,
1091 4641 1180 4705 quam
1207 4621 1318 4683 bonum
1340 4621 1437 4700 impe·

104 4724 216 4781 storeru
240 4718 289 4788 (ut
311 4716 541 4780 innumerabilia
564 4718 703 4796 exempla
725 4715 879 4790 omittam)
903 4715 942 4776 ab
965 4713 1188 4794 oppugnatione
1208 4709 1290 4773 urbis
1304 4710 1439 4772 deterret

104 4825 244 4873 sutorum
266 4805 394 4873 militum
413 4807 556 4889 jactura,
580 4825 663 4888 quos,
688 4806 715 4871 si
737 4813 851 4887 posset,
876 4803 1015 4885 equidem
1037 4811 1069 4864 et
1091 4802 1174 4883 ipsos
1198 4807 1336 4862 servatos
1353 4798 1438 4860 velit

1165 4903 1198 4955 27
1209 4907 1225 4938 ⁴*
