3278 5542
146 305 211 371 art
468 308 474 317 ·
696 306 817 371 seros·
835 304 959 368 neor·

147 467 283 549 superior
305 465 432 528 circulus
448 465 578 525 Veneris
601 464 751 537 includat,
788 474 878 543 atque
902 464 946 524 ita
973 465 1022 538 tit,
1048 475 1080 526 ut
1103 464 1161 528 hae
1185 467 1267 528 duae
1291 466 1412 539 stellae,
1432 482 1480 527 cun

146 574 202 638 per
224 557 394 637 superiores
418 554 594 615 circulorum
619 573 739 614 suornm
763 554 893 614 vertices
908 563 1040 626 currunt,
1064 554 1276 635 intelligantur
1295 573 1385 635 supra
1401 552 1482 616 Solen

146 649 283 719 locatae;
314 663 381 706 cum
409 661 481 704 vero
513 661 567 722 per
599 642 743 705 inferiora
774 650 945 703 commeant
978 642 1171 718 circulorum,
1205 642 1263 706 Sol
1294 643 1341 705 eis
1358 643 1483 723 -superhr

146 733 355 797 aestimetnr“.
403 731 615 810 subintellige,
640 750 706 793 cum
725 739 827 792 tamen
843 731 921 792 idem
936 732 1052 792 coelum
1067 731 1267 807 circumeant,
1292 732 1340 795 uti
1352 731 1482 811 supradi-

145 825 244 886 cebat.
291 821 436 903 Explicat
459 829 562 883 autem
589 821 643 882 illa
664 821 758 882 rerba
782 820 933 881 Platonis:
964 821 1221 900 comprehendunt
1250 840 1321 885 sese
1348 828 1445 883 mutuo
1462 832 1482 881 et

145 912 445 992 comprehenduntur,
470 911 557 991 inque
582 910 689 989 plagas
709 910 846 983 easdem,
872 928 914 970 sc.
939 918 1021 981 aute,
1044 927 1131 989 pone,
1155 928 1258 990 snpra,
1281 911 1373 973 iufra.
1415 909 1482 985 „Ill's

145 1020 232 1080 ergo,
257 1000 306 1081 qui
330 1001 477 1081 sphaeras
501 1018 604 1060 earum
628 999 683 1060 sub
707 997 779 1061 Sole
804 998 956 1071 dixerunt,
988 999 1043 1058 hoc
1067 998 1164 1060 visum
1187 1008 1238 1062 est
1256 1020 1296 1063 ex
1319 999 1372 1063 illo
1394 998 1480 1061 atella·

148 1109 211 1152 rum
235 1108 335 1164 cursu,
361 1089 410 1168 qui
434 1107 646 1167 nonnunquam
669 1095 703 1148 ut
726 1086 854 1149 diximus
877 1087 997 1148 videtur
1022 1088 1158 1149 interior:
1191 1088 1240 1170 qni
1263 1098 1297 1151 et
1320 1106 1391 1151 rere
1411 1095 1480 1149 note

145 1179 234 1240 bilior
262 1187 323 1251 est,
358 1179 429 1257 qnia
452 1187 522 1240 tunc
547 1176 669 1238 liberius
694 1185 832 1256 apparet.
862 1176 957 1241 mam
985 1196 1053 1239 cnm
1081 1179 1236 1257 superiora
1262 1184 1384 1252 teuent,
1409 1176 1479 1239 radis

147 1268 245 1347 magis
269 1266 453 1328 occuluntur.
499 1265 542 1328 Et
565 1267 632 1327 ideo
655 1266 813 1344 persuasio
837 1265 899 1327 ista
921 1266 1074 1328 convaluit
1097 1275 1129 1327 et
1151 1266 1190 1329 ab
1205 1267 1344 1329 omnibus
1366 1265 1478 1346 penehic

147 1357 220 1417 ordo
248 1355 280 1416 in
304 1375 390 1416 usum
414 1364 553 1434 receptus
577 1364 634 1416 est.
681 1353 891 1433 Perspicacior
920 1364 1019 1416 tamen
1044 1354 1218 1418 observatio
1247 1357 1395 1419 veriorem
1416 1353 1475 1416 ordi·

143 1463 212 1506 nem
237 1444 456 1523 deprehendit“
480 1445 533 1506 dcc.

234 1534 318 1594 Haec
343 1553 381 1593 ex
403 1533 561 1594 Macrobio
590 1532 664 1593 lucis
688 1531 788 1608 gratia
818 1530 1018 1592 transcribere
1042 1532 1137 1605 volui,
1171 1542 1205 1594 ut
1227 1531 1369 1595 Platonis
1390 1531 1473 1593 verto

145 1641 208 1684 rum
233 1641 341 1683 sensus
364 1622 599 1702 intelligeretur,
630 1640 717 1700 quem
741 1621 972 1681 commentarius
1000 1622 1039 1681 ad
1061 1620 1176 1683 Bedem
1200 1629 1305 1695 retus,
1336 1622 1384 1702 qui
1404 1622 1471 1683 nan

87 1724 95 1731 ·
145 1710 292 1791 Capellae
316 1720 448 1773 aetatem
472 1711 606 1791 proxime
621 1718 752 1771 secutus
777 1718 834 1779 est,
858 1727 926 1788 cap.
946 1705 994 1771 tt.
1020 1728 1078 1771 non
1097 1711 1223 1772 obscure
1242 1712 1407 1783 coutirmet,
1427 1709 1472 1771 dun

143 1802 208 1880 ipse
224 1801 342 1880 quidem
367 1800 532 1880 epicyclum
548 1799 679 1861 Veneris
703 1798 781 1858 inter
797 1796 899 1859 Solem
921 1808 953 1858 et
977 1799 1101 1860 Terram
1124 1800 1215 1874 locat,
1240 1800 1376 1879 ejusdem
1397 1808 1471 1861 tmen

142 1890 268 1971 epicycli
294 1890 450 1950 decursum
466 1888 587 1950 Platoni
612 1906 734 1948 causam
760 1887 804 1948 ait
827 1887 1012 1965 praebuisse,
1037 1906 1089 1948 cnr
1111 1889 1291 1968 „aliquanto
1316 1885 1469 1970 quamSnl'n

143 1987 192 2039 est
215 1979 371 2040 elatiorem
395 1978 511 2039 luciferi
535 1975 657 2057 globum
681 1976 877 2037 astr·uxcrit.“
922 1975 964 2036 Et
994 1976 1113 2055 quidem
1144 1978 1170 2039 si
1194 1977 1271 2039 haec
1299 1977 1380 2040 illius
1400 1976 1468 2038 iuter·

142 2066 240 2148 pretis
264 2068 359 2128 rerba
382 2067 569 2129 considerem
588 2065 776 2146 „proximum
801 2063 866 2126 Soli
889 2065 984 2125 videri
1007 2066 1213 2141 excelsiorem,
1237 2064 1466 2145 proximum'let·

142 2176 194 2218 rae
217 2156 440 2230 humiliorem,“
462 2157 590 2235 conjicio
613 2155 644 2215 id
668 2154 746 2235 quod
771 2152 831 2214 diri
856 2155 1020 2234 epicyclnm
1035 2154 1166 2216 Venen's
1185 2164 1283 2217 totum
1301 2153 1466 2219 infraSeleu

143 2245 181 2307 ab
206 2245 257 2306 illo
282 2245 435 2307 collocari.
482 2247 528 2306 At
557 2245 582 2305 si
612 2244 735 2305 schema
761 2242 888 2304 alterum
913 2245 977 2314 (est
1000 2251 1102 2305 autem
1125 2245 1225 2306 editus
1254 2244 1331 2307 liber
1354 2241 1467 2308 Coloniae

145 2354 223 2395 anno
252 2333 351 2408 1537)
380 2333 525 2413 aspicias,
560 2352 633 2394 sane
656 2332 842 2412 ipsissimam
872 2330 1016 2410 Capellae
1049 2334 1231 2395 sententiam
1263 2334 1368 2397 refert
1412 2331 1467 2394 Μ
1505 2322 1509 2405 l

140 2432 273 2503 punctus
306 2421 388 2484 Solis
419 2441 473 2484 seu
496 2423 627 2484 literali
655 2421 775 2502 ponitur
797 2421 880 2481 intra
902 2422 1087 2500 complexum
1111 2422 1238 2504 epinycli
1263 2421 1407 2496 Veneris,
1430 2435 1466 2480 nec
1498 2412 1509 2495 ’Ξ

140 2512 235 2573 uerba
258 2512 348 2572 modo
372 2512 508 2588 allegata
531 2519 716 2593 repugnant,
741 2509 766 2569 si
791 2510 909 2570 modica
934 2509 1182 2588 interpretatione
1201 2511 1348 2590 juventur
1369 2519 1399 2573 et
1417 2505 1465 2571 illud

142 2601 329 2680 „proximum
345 2599 434 2662 Soli“
457 2601 606 2663 referatur
629 2600 666 2661 ad
691 2601 798 2668 visum,
828 2599 1014 2677 „proximum
1034 2600 1168 2661 Terrae“
1191 2601 1233 2662 ad
1254 2611 1417 2663 neutrorum
1433 2594 1465 2656 di·

141 2690 297 2751 stantiam.
343 2689 437 2750 Porro
465 2691 587 2753 schema
619 2690 700 2770 prius
725 2698 775 2748 aut
801 2688 940 2748 vitiosum
971 2697 1033 2762 est,
1067 2700 1121 2751 aut
1147 2690 1185 2752 ad
1210 2686 1466 2770 repraesentandam

140 2797 241 2840 earum
266 2778 448 2840 sententiam
473 2788 624 2859 aptatum,
655 2777 703 2857 qni
734 2777 899 2858 epicyclum
922 2777 1053 2839 Veneris
1082 2797 1174 2857 supra
1196 2778 1302 2841 Solem
1329 2776 1466 2840 coustitue-

353 2892 398 2940 τίς.
416 2888 434 2929 r.
649 2874 733 2927 runt:
754 2865 905 2946 posterius
926 2866 1048 2928 inscitia
1063 2867 1283 2948 descriptorum
1302 2866 1470 2948 depranam
1505 2816 1509 2919 l

649 2955 692 3015 sic
708 2955 833 3015 restituo
850 2955 914 3033 (fig.
932 2954 982 3028 7):
1009 2956 1111 3036 itaque
1134 2954 1189 3020 hoc
1209 2958 1314 3020 confer
1336 2975 1399 3020 cum
1409 2952 1466 3015 ltu

648 3043 857 3104 commentarii
881 3044 1010 3106 lectione
1039 3046 1067 3107 si
1090 3045 1183 3108 lubet.
1231 3045 1341 3110 Obiter
1363 3044 1466 3108 euius

648 3133 750 3209 juvare
775 3133 865 3195 volui.

738 3220 800 3282 Sed
828 3222 866 3282 ad
895 3240 957 3282 rem
988 3222 1146 3284 redeamus
1169 3229 1201 3285 et
1228 3223 1304 3286 illud
1333 3225 1369 3287 de
1390 3228 1466 3285 nstra

648 3309 832 3371 liberalitate
846 3310 917 3391 Ursi
941 3310 1036 3390 copiis
1057 3331 1112 3392 per
1126 3331 1194 3374 sese
1208 3311 1403 3377 imbecillibus
1412 3307 1464 3371 sula

648 3399 725 3459 sidio
749 3399 918 3460 mittemus:
950 3400 1131 3462 senteutiam
1151 3401 1242 3476 hauc,
1276 3402 1355 3482 quod
1376 3399 1422 3465 Sel
1438 3393 1465 3456 til

649 3497 782 3549 centrum
805 3489 918 3550 orbium
944 3489 1074 3551 Veneris
1097 3498 1128 3552 et
1151 3491 1311 3568 Mercurii,
1343 3510 1398 3555 uon
1415 3495 1465 3549 ten·

539 3420 614 3851 λ
648 3587 712 3638 tum
727 3575 882 3656 Capellae,
907 3578 961 3639 sed
985 3578 1077 3641 etiam
1100 3580 1348 3644 commentatoris
1370 3579 1406 3642 ad
1422 3576 1465 3639 ne

649 3667 726 3738 darn,
752 3666 912 3741 Macrobii,
937 3668 1043 3744 Plinii,
1070 3669 1213 3745 Vitruvii,
1237 3670 1380 3733 Platonis
1397 3665 1465 3729 adet

648 3775 704 3836 qtre
728 3755 859 3836 ipsorum
873 3756 1092 3838 Aegyptiorum
1107 3758 1210 3821 fuisse.
1256 3757 1339 3831 Quid
1357 3760 1417 3821 binc
1430 3769 1465 3813 tt·

535 3852 538 3859 ’
648 3845 769 3922 quitur?
797 3846 876 3906 Num
901 3846 956 3906 hoc
980 3848 1058 3925 quod
1081 3848 1178 3910 Ursus
1201 3849 1352 3912 exstruit?
1387 3848 1464 3928 nior

648 3935 751 3994 theses
785 3935 973 4014 Tychonicas
1010 3955 1078 3998 esse
1116 3937 1155 3999 ab
1191 3936 1259 4012 his,
1296 3958 1371 4020 qnos
1402 3931 1465 3997 moll

140 4018 298 4092 nominavi,
336 4023 422 4100 longe
447 4031 517 4082 ente
542 4025 713 4103 Tychonem
738 4025 922 4101 usurpatas?
954 4024 1094 4100 Minime;
1127 4044 1197 4088 uam
1227 4027 1325 4106 primo
1348 4036 1465 4102 utsupfl

139 4122 255 4184 quoqne
280 4109 308 4169 in
333 4110 486 4189 Apollonii
512 4105 708 4188 problematis
737 4112 976 4174 consideratione
996 4133 1061 4175 sum
1081 4123 1322 4194 argumentatus,
1346 4117 1464 4179 boetem

137 4201 253 4255 tanturn
285 4216 355 4275 pars
385 4206 432 4258 est
462 4200 576 4259 formae
605 4200 706 4262 rnuudi
731 4201 956 4281 Tychoniauae,
991 4221 1083 4282 quare
1106 4222 1159 4282 pro
1185 4204 1275 4284 justa
1301 4214 1334 4269 et
1355 4201 1462 4286 tegitur

142 4282 303 4364 hypothesi
328 4289 541 4357 astronomica,
567 4288 642 4368 quae
667 4290 811 4350 distincta
834 4290 875 4351 sit
898 4312 917 4351 a
940 4293 1189 4366 ceteris,·haberi
1212 4312 1274 4359 nnn
1295 4302 1401 4376 potest
1428 4288 1460 4350 At

140 4390 176 4432 ue
201 4373 267 4452 quis
291 4376 468 4454 suspicetur,
496 4376 663 4456 Capellam,
690 4379 871 4453 Vitruvium,
895 4380 1037 4450 Plinium,
1061 4382 1250 4445 Macrobium
1274 4386 1324 4447 nel
1346 4391 1460 4467 quantit

47 4528 50 4533 ,
138 4461 229 4523 alium
257 4471 376 4525 ceteras
400 4465 492 4526 etiam
512 4458 717 4546 hypotheseos
743 4469 953 4548 Tychoniauae
980 4479 1085 4549 partes
1118 4471 1294 4550 adjunxisse
1322 4472 1389 4537 huic
1409 4484 1459 4533 cot·

138 4551 284 4629 captioni,
318 4572 449 4632 provoco
479 4555 516 4615 ad
545 4557 676 4633 ipsorum
705 4576 798 4637 opera
821 4577 896 4636 quae
917 4567 1057 4635 exstant,
1091 4559 1140 4622 ubi
1167 4562 1200 4624 in
1222 4563 1335 4627 ceteris
1357 4557 1460 4625 orrtnlht⁸

137 4639 275 4715 partibus
294 4642 476 4704 contrarium
501 4665 519 4704 a
543 4645 683 4725 Tychone
712 4655 743 4706 et
767 4645 845 4707 idem
864 4667 930 4709 cum
954 4649 1145 4730 physicorum
1168 4649 1332 4734 hypothesi
1355 4654 1400 4725 (ut
1414 4658 1459 4711 run

137 4725 216 4788 Urso
241 4726 413 4810 loquamur)
437 4733 538 4793 verbis
563 4735 761 4807 evidentibus,
787 4736 879 4797 claris
903 4747 936 4798 et
951 4738 1128 4801 indubitatis
1152 4741 1268 4804 sentire
1291 4762 1326 4805 se
1348 4740 1459 4826 prnbltl·

136 4824 202 4877 tur:
228 4836 303 4898 qnae
324 4822 443 4901 quidem
467 4822 560 4884 verba
584 4824 674 4887 nimis
698 4825 817 4906 longum
842 4826 921 4888 sonet
935 4827 1079 4909 allegare,
1104 4829 1217 4893 suffieit
1239 4830 1370 4914 digitum
1389 4831 1461 4895 intel·
