3278 5542
532 331 563 381 de
582 331 729 382 calendario
753 334 779 383 in
799 348 892 383 annm
910 332 1049 385 unxolx.
1411 331 1478 400 413

118 485 190 558 AG,
217 495 249 548 et
273 506 341 548 esse
364 488 394 550 in
418 489 457 563 K,
481 489 511 550 N
534 491 653 568 punctis
677 492 723 552 sni
746 490 885 565 orbis.*)
930 492 977 553 At
990 491 1052 552 dixi
1077 497 1169 552 antea
1191 492 1330 553 vernales
1350 492 1478 571 eclipses

118 577 203 638 eirca
228 574 257 637 G
280 577 409 651 tardius,
434 579 624 639 autumnales
648 579 767 641 circaF
791 579 878 642 citius
903 599 1049 660 apparere
1072 598 1162 659 quam
1185 580 1214 640 in
1232 580 1358 642 calculo.
1402 580 1477 642 Cal-

118 664 205 727 culus
229 663 321 744 igitur
344 664 446 727 Solem
471 666 550 729 infra
573 668 620 727 vel
644 665 714 747 post
736 668 766 728 K
790 669 818 730 in
839 668 865 730 L
891 669 1019 748 reponit,
1042 677 1074 730 et
1096 677 1166 729 ante
1190 668 1217 730 N
1243 668 1273 729 in
1298 666 1335 743 O,
1364 676 1397 730 ut
1420 689 1477 749 ap-

118 762 229 834 pareat
259 753 291 815 in
313 753 355 830 E,
388 755 427 818 Η.
475 752 543 826 Quo
576 766 666 834 pacto
689 757 754 831 liet,
788 767 822 819 ut
840 755 923 819 LBO
958 758 999 818 sit
1031 757 1178 819 diameter
1208 757 1369 819 eccentrici
1392 756 1474 820 Solis

118 852 152 905 et
175 842 203 903 B
228 850 364 904 centrum
387 843 451 922 ejus
473 845 598 923 propius
614 846 726 907 Terrae
750 845 780 905 in
805 847 930 918 calculo,
957 865 1045 925 quam
1063 846 1094 906 in
1114 844 1335 907 observatione.
1373 843 1476 917 Quare

118 930 142 994 si
173 950 268 993 causa
300 932 409 994 erroris
442 932 597 1014 eclipsium
621 937 808 997 conferretur
840 935 869 995 in
894 954 1012 996 cursum
1042 934 1137 1008 Solis,
1172 935 1365 996 statuendum
1393 944 1477 998 esset

118 1021 266 1100 majorem
300 1040 369 1082 esse
393 1020 474 1083 Solis
505 1023 759 1085 eccentricitatem
784 1025 874 1102 duplo
899 1024 975 1098 lere,
1011 1042 1098 1104 quarn
1123 1042 1141 1083 a
1163 1023 1278 1085 calculo
1303 1023 1474 1086 assumitur.

118 1109 164 1170 At
186 1109 257 1171 vide
277 1127 353 1187 quae
378 1110 510 1171 absurda
533 1123 737 1191 sequerentur.
783 1114 863 1174 Nam
887 1113 914 1173 si
937 1112 1034 1191 major
1055 1111 1136 1173 Solis
1160 1110 1379 1186 eccentricitas,
1405 1133 1476 1193 ergo

118 1208 150 1258 et
173 1199 291 1276 longior
315 1201 450 1261 aestivus
474 1200 689 1275 semicirculus,
715 1210 747 1263 et
769 1201 889 1262 brevior
911 1201 1066 1275 hibernus,
1099 1220 1187 1281 quarn
1211 1208 1338 1280 quantos
1363 1201 1476 1264 iaciunt

118 1287 294 1347 astronomi.
340 1289 384 1348 At
407 1290 572 1350 astronomi
599 1309 657 1351 non
681 1297 808 1370 possunt
831 1309 930 1352 errare
954 1290 1018 1364 hic,
1044 1291 1114 1369 quia
1141 1290 1230 1352 facile
1254 1298 1302 1351 est
1330 1291 1474 1352 terminos

118 1375 172 1436 lros
207 1395 245 1436 ex
274 1377 485 1437 observatione
518 1380 775 1458 aequinoctiorum
802 1381 880 1441 satis
912 1388 1032 1459 promta
1065 1379 1258 1441 constituere.
1305 1378 1388 1458 Ergo
1422 1389 1477 1442 ant

118 1463 172 1526 Sol
197 1483 257 1524 non
282 1476 330 1525 est
353 1486 446 1527 causa
468 1467 554 1546 hujus
579 1468 689 1531 erroris
713 1468 793 1530 circa
816 1469 960 1547 eclipses,
990 1477 1044 1529 aut
1067 1468 1288 1529 concedendum
1312 1469 1371 1530 erit
1392 1470 1474 1530 alte-

119 1573 186 1614 rum
212 1554 390 1615 absurdum:
414 1573 520 1635 nempe
536 1556 638 1619 Solem
661 1557 691 1619 in
715 1576 770 1620 suo
793 1557 864 1620 orbe
889 1556 1057 1620 eccentrico
1081 1555 1202 1618 circaC
1226 1575 1284 1618 non
1308 1557 1476 1640 aequaliter

117 1642 268 1715 incedere,
293 1644 347 1704 sed
372 1645 482 1706 babere
507 1654 642 1708 centrum
665 1646 901 1729 aequalitatisB
924 1646 1048 1727 propius
1063 1646 1188 1706 Terram
1204 1647 1277 1728 (quo
1292 1645 1380 1708 modo
1404 1665 1472 1708 ma-

118 1742 227 1792 nerent
250 1732 294 1793 illi
322 1735 435 1794 numeri
459 1734 643 1797 aestivorum
671 1743 704 1797 et
726 1736 904 1798 bmmalium
928 1736 1058 1806 dierum)
1082 1743 1301 1814 contraquam
1329 1735 1359 1797 in
1383 1754 1476 1815 supe-

118 1819 258 1893 rioribus,
284 1821 333 1882 ubi
357 1832 498 1884 centrum
516 1812 713 1905 aequalitatis
738 1847 759 1886 a
779 1826 874 1886 Terra
898 1824 1015 1904 longius
1039 1824 1137 1884 abest.
1185 1821 1321 1893 Quod
1296 1843 1323 1885 sr
1338 1843 1404 1904 quis
1418 1825 1474 1886 hoo

118 1909 196 1970 nolit
219 1928 273 1989 pro
297 1911 427 1972 absurdo
452 1913 576 1987 habere,
608 1916 702 1975 lietus
726 1915 863 1995 exemplo
886 1912 1038 1982 Mercurii,
1064 1912 1131 1973 huic
1156 1913 1246 1973 aliam
1270 1931 1393 1974 causam
1417 1932 1472 1992 ap-

118 1997 214 2078 pono,
248 2019 307 2078 qua
330 2000 517 2075 demonstro,
552 2002 654 2064 Solem
685 2022 744 2064 non
776 2021 843 2065 esse
871 2001 900 2063 in
931 2022 1024 2063 causa
1052 2001 1139 2079 hujus
1168 2001 1277 2062 erroris
1308 2001 1473 2080 eclipsinm.

118 2086 203 2149 Nam
228 2088 276 2148 die
300 2089 459 2151 Paschatis
483 2102 553 2169 post
577 2091 701 2171 eclipsin
725 2100 816 2153 noctu
838 2090 913 2153 hora
937 2090 1114 2152 duodecima
1136 2090 1223 2151 Luna
1247 2090 1337 2175 plena
1359 2092 1475 2152 coelum

118 2176 266 2237 mediavit
289 2196 356 2238 curn
379 2177 523 2241 Saturno.
569 2180 617 2247 Ex
641 2201 700 2262 qua
723 2181 934 2242 observatione
962 2178 1113 2241 mediante
1137 2177 1335 2239 calculatione
1359 2180 1474 2240 evinci-

118 2274 184 2338 tur,
208 2266 313 2326 Lunae
337 2268 434 2328 locum
458 2269 550 2330 etiam
574 2279 635 2330 tum
661 2269 753 2332 l'uisse
777 2271 884 2342 aliurn,
914 2288 1001 2349 quam
1025 2269 1054 2328 in
1078 2268 1208 2340 calculo;
1243 2265 1374 2328 debebat
1397 2269 1474 2329 enim

118 2354 159 2415 nd
184 2372 317 2416 normam
341 2356 449 2417 calculi
473 2356 635 2420 Saturnum
654 2359 718 2437 jam
743 2378 912 2438 superasse.
959 2358 1019 2419 Ubi
1046 2355 1094 2417 hie
1118 2355 1194 2418 Sol?
1223 2357 1272 2435 qui
1296 2366 1377 2418 certe
1401 2358 1474 2418 nibil

118 2443 196 2512 fecit
219 2445 258 2503 ad
282 2445 485 2524 indagandum
508 2449 604 2509 locum
628 2448 755 2514 Lunae.
790 2448 871 2526 Ergo
891 2447 980 2526 plane
996 2446 1050 2508 Sol
1065 2445 1232 2506 absolvitur
1251 2447 1289 2506 ab
1304 2445 1360 2506 hac
1375 2445 1473 2524 culpa.

118 2532 164 2594 Ut
186 2552 245 2592 non
272 2534 369 2595 dicam
394 2535 422 2595 iu
446 2555 555 2616 magno
579 2537 711 2615 periculo
743 2537 857 2597 versari
882 2536 1047 2596 doctrinam
1073 2533 1340 2612 aequinoctiorum,
1368 2535 1395 2595 si
1417 2535 1473 2595 lroc

117 2621 150 2682 in
174 2621 256 2683 Solis
280 2625 382 2684 orbern
411 2626 584 2685 audeamus.
631 2626 733 2704 Atque
757 2625 813 2685 hoc
838 2634 885 2685 est
914 2624 1023 2703 quod
1015 2643 1045 2684 ru
1069 2622 1261 2703 prognostico
1286 2641 1351 2685 meo
1380 2625 1472 2703 legis:

118 2710 176 2786 „In
201 2721 283 2773 motu
307 2712 388 2774 Solis
412 2715 476 2774 sine
501 2732 612 2792 magna
634 2713 861 2793 perturbatione
885 2713 995 2775 mutari
1019 2711 1092 2772 nihil
1115 2730 1221 2790 posse,
1254 2713 1330 2793 quod
1356 2713 1473 2792 quidem

118 2799 161 2861 ad
185 2800 263 2861 hano
285 2801 464 2863 anomaliam
488 2804 665 2864 salvandam
689 2803 812 2865 faciat.‘⁴

210 2887 353 2968 Sequitur
380 2891 519 2952 Luna
511 2910 606 2971 rpsa,
635 2911 724 2971 quarn
755 2892 842 2971 hujus
871 2890 976 2969 culpae
1005 2907 1088 2950 ream
1115 2889 1275 2951 manifeste
1298 2899 1384 2951 tenet
1415 2890 1473 2952 ob-

118 2977 253 3041 servatio
276 2978 444 3042 Paschalis.
490 2981 624 3043 Assumo
648 2982 749 3061 itaque
763 2999 898 3041 mensem
917 2978 1080 3053 hibernum,
1107 2977 1178 3041 Sole
1198 2979 1279 3040 circa
1296 2978 1473 3059 principium

118 3065 299 3147 Capricorni
321 3078 472 3140 versante,
497 3070 622 3143 (ceteris
645 3070 783 3149 paribus)
808 3069 928 3131 circiter
950 3075 1077 3148 quatuor
1104 3068 1194 3129 horas
1217 3067 1382 3147 longiorem
1405 3086 1473 3130 esse

120 3175 215 3237 quam
238 3157 396 3234 aestivum,
421 3158 492 3221 Sole
517 3160 597 3220 circa
621 3159 785 3221 solstitium
808 3166 959 3231 versante,
985 3164 1151 3219 ceterorum
1174 3156 1328 3232 mensium,
1352 3163 1387 3218 ut
1405 3157 1473 3237 qui-

118 3245 196 3308 libet
228 3246 417 3324 aeqninoetio
446 3249 489 3311 sic
517 3249 659 3311 mediocri
683 3250 841 3330 (qnantum
871 3247 1005 3309 calculus
1032 3244 1148 3325 prodit)
1180 3246 1358 3325 propiorem.
1406 3247 1473 3308 Hoc

118 3343 210 3416 pacto
238 3345 352 3396 certum
380 3346 428 3398 est
459 3339 578 3417 negotio
608 3338 799 3400 satisfactum
828 3337 874 3400 iri.
921 3337 1002 3396 Nam
1029 3354 1095 3395 cum
1123 3355 1143 3395 a
1165 3354 1272 3397 cancro
1301 3335 1341 3396 ad
1365 3334 1476 3400 libram

118 3435 181 3487 tres
207 3424 313 3485 breves
336 3444 453 3487 menses
478 3435 649 3506 sequautur,
675 3437 745 3489 sunt
767 3426 920 3490 breviores
943 3425 1059 3486 duabus
1083 3423 1174 3497 horis,
1200 3443 1288 3503 quam
1308 3432 1370 3484 tres
1385 3443 1472 3485 men-

118 3533 167 3576 ses
203 3514 379 3576 medioeres.
427 3515 525 3578 Citius
558 3515 650 3595 igitur
673 3516 761 3578 Luna
790 3513 928 3595 pervenit
955 3514 994 3574 ad
1018 3511 1137 3586 Solem,
1172 3532 1260 3591 qnam
1289 3512 1316 3572 si
1340 3515 1473 3585 (remota

118 3602 364 3665 consideratione
387 3605 450 3684 ejus
475 3606 659 3679 anomaliae)
684 3606 851 3686 aequaliter
874 3621 992 3682 semper
1011 3607 1191 3662 moveretur.
1239 3598 1355 3661 Contra
1373 3621 1393 3661 a
1408 3598 1472 3663 Oa-

118 3693 255 3772 pricorno
289 3691 328 3753 ad
351 3694 489 3757 Arietem
517 3705 581 3757 tres
604 3695 683 3757 tardi
714 3700 878 3775 sequuntur
902 3709 1034 3764 menses,
1068 3688 1185 3751 tardius
1212 3688 1305 3768 igitur
1333 3689 1471 3768 opinione

118 3783 204 3843 Luna
227 3782 276 3842 vel
300 3784 355 3843 sub
379 3783 481 3846 Solem
504 3785 609 3846 autin
634 3785 661 3846 ei
686 3784 854 3864 oppositam
878 3783 1011 3843 umbram
1035 3777 1168 3840 incurrit
1215 3777 1265 3841 Ab
1280 3779 1386 3840 Ariete
1401 3795 1471 3838 vero

118 4059 121 4064 ·
196 4026 228 4100 *)
256 4032 344 4086 IGFD
372 4040 416 4087 est
443 4035 640 4105 consequentia
666 4035 815 4106 signorum.
856 4034 907 4088 ΕΙ)
931 4030 1193 4104 prostbaphaeresis
1221 4031 1402 4096 diminuenda,
1431 4032 1471 4087 IH

118 4113 378 4184 prnstbapbaeresis
393 4117 531 4186 augenda.
573 4117 639 4170 Cum
654 4133 721 4186 ergo
732 4114 792 4184 jam
806 4131 940 4184 ponamus
955 4115 982 4167 in
996 4115 1009 4168 l
1022 4113 1119 4168 Ariete
1134 4112 1226 4166 Solem
1239 4112 1349 4183 longius
1364 4113 1392 4166 in
1406 4131 1470 4168 con·

118 4194 263 4263 sequentia
287 4192 405 4258 distare,
434 4212 515 4266 quam
539 4187 566 4241 in
590 4197 696 4250 calculo
720 4195 870 4260 invenitur,
905 4195 989 4248 distet
1011 4211 1080 4265 ergo
1102 4193 1179 4246 ultra
1201 4192 1223 4245 Ο
1247 4192 1276 4245 in
1298 4193 1332 4247 N.
1373 4194 1412 4248 Et
1435 4195 1472 4249 sit

118 4273 377 4343 prosthaphaeresis
392 4276 430 4329 IG
444 4275 533 4345 mqjor
547 4291 628 4344 quarn
643 4277 691 4330 IH.
733 4277 852 4330 Rursum
866 4275 938 4329 enim
951 4289 1083 4344 ponemus
1098 4273 1125 4325 in
1137 4272 1163 4326 D
1177 4271 1264 4326 Libra
1277 4271 1369 4328 Solem
1383 4273 1471 4328 minus
1538 4340 1541 4346 Ι

118 4352 359 4422 inconsequentia
380 4355 493 4420 distare,
518 4373 600 4426 quarn
623 4358 651 4411 in
666 4346 772 4410 odlculo
787 4356 934 4418 invenitur,
959 4361 1016 4408 stet
1034 4370 1102 4424 ergo
1122 4360 1188 4407 ante
1201 4353 1226 4407 L
1241 4347 1344 4421 (locum
1359 4352 1469 4419 calculi)
1536 4408 1537 4411 ,

118 4434 140 4486 'm
153 4432 184 4488 K
198 4441 229 4486 et
243 4432 280 4485 sit
293 4435 553 4505 prosthapbaeresis
568 4437 616 4492 fn
631 4437 720 4506 major
737 4453 845 4490 rursum
860 4452 941 4506 quam
954 4434 1014 4488 ΕΙ).
1057 4434 1124 4487 Cum
1139 4451 1207 4505 ergo
1220 4434 1301 4488 Luna
1323 4435 1469 4488 secumdum

118 4512 254 4567 calculum
268 4514 370 4566 debeat
383 4531 470 4586 usque
484 4517 511 4570 in
525 4517 549 4570 L
563 4517 675 4580 moueri,
691 4525 722 4571 ut
735 4517 826 4570 Solem
841 4516 869 4569 in
881 4517 906 4569 E
921 4521 1096 4585 assequatur,
1120 4514 1303 4584 deprehendit
1316 4514 1434 4568 illumin
1447 4521 1470 4574 F

118 4601 142 4646 et
162 4610 219 4646 non
243 4610 312 4662 opus
327 4592 447 4648 haberet
468 4596 585 4650 ulterius
609 4597 661 4651 nisi
676 4597 704 4650 in
718 4598 742 4658 Q
755 4596 895 4667 progredi.
937 4595 982 4650 Sic
996 4612 1057 4649 uum
1079 4595 1221 4650 existimet
1242 4596 1363 4649 calculus
1377 4593 1470 4658 Solem

118 4671 184 4729 irrfl
198 4680 340 4742 repertum
354 4674 386 4728 iri
400 4675 516 4746 ideoque
529 4677 637 4731 Lunam
651 4677 679 4731 in
692 4678 715 4731 'l'
729 4678 896 4732 solummodo
916 4677 1075 4739 constituat,
1100 4682 1197 4729 contra
1210 4675 1259 4730 Sol
1272 4676 1388 4730 ultraH
1401 4674 1469 4737 inG
1533 4678 1542 4694 ⁸

118 4758 156 4808 at
168 4762 200 4809 et
212 4754 311 4809 Lunae
323 4753 425 4811 diuum
439 4759 557 4814 eundum
570 4760 656 4813 donec
669 4757 774 4814 ultraT
788 4758 851 4812 inR
863 4756 966 4813 veniat.
985 4758 1065 4812 Haec
1078 4763 1146 4827 puto
1164 4756 1249 4827 paulo
1263 4756 1391 4814 clariora
1432 4760 1468 4814 K.
