3278 5542
136 258 200 327 376
556 259 657 310 Literae
675 258 778 323 Kepleri
795 258 949 324 aliorumque
964 262 1069 308 numae

136 421 346 485 accommodat
367 419 551 483 harmonica.
598 415 660 480 Sed
689 417 726 480 de
754 417 801 480 hie
831 437 888 479 non
915 425 990 497 puto
1018 416 1099 498 loqui
1121 415 1343 480 Reinbardnm.
1386 413 1488 479 Dicam

136 511 230 592 igitur
253 511 289 571 de
309 510 444 572 duobus:
473 508 506 581 1)
531 509 567 568 de
591 507 813 569 harmoniarum
837 507 950 586 origine
965 506 1134 578 Platonica,
1158 506 1195 581 2)
1219 507 1257 569 de
1272 503 1487 588 symbolam·

137 600 179 664 rie
203 607 235 660 et
258 597 385 660 feminae
409 598 439 658 in
462 597 602 659 numeris.

231 703 264 778 1)
290 702 364 766 Cum
393 704 464 765 olim
488 703 660 765 incidissem
688 702 717 763 in
741 700 880 763 Platonis
904 701 1077 776 Timaeum,
1112 700 1157 762 sic
1186 699 1351 763 videbatur
1374 699 1412 760 de
1439 697 1490 760 boc

42 871 44 874 y
138 797 213 858 loco.
259 792 376 855 Statuit
394 811 492 854 rerum
516 791 735 872 principiatria
758 809 834 870 pene
858 797 892 852 ut
910 789 1111 852 Aristoteles:
1140 788 1172 862 l)
1195 788 1308 859 ideam,
1332 785 1371 861 2)
1396 794 1489 849 mate-

138 884 223 957 riam,
249 901 324 962 quae
349 881 406 943 duo
431 880 489 941 alio
504 882 622 942 nomine
642 889 712 943 sunt
735 878 840 955 odora,
866 898 954 960 quam
970 878 1124 958 componit
1146 897 1184 940 ex
1206 898 1309 954 ταηῳ
1332 898 1381 940 aar
1398 871 1490 954 ἒτιρφ,

139 980 172 1042 ut
195 972 240 1033 ita
264 967 298 1044 3)
323 990 359 1031 ro
381 965 481 1048 ἕτερον
504 970 546 1031 sit
568 971 634 1031 loco
656 968 835 1049 privationis
858 967 1086 1030 Aristotelicae.
1133 967 1212 1029 Hinc
1230 967 1276 1029 illi
1300 984 1375 1029 suus
1392 972 1490 1026 terna·

139 1061 212 1134 rius,
238 1067 269 1120 et
291 1077 345 1139 per
369 1078 402 1119 se
421 1058 486 1119 sine
510 1058 567 1120 hac
592 1058 800 1138 speculatione
824 1057 974 1119 temerius
998 1056 1125 1118 habetur
1143 1074 1196 1136 pro
1210 1056 1359 1135 perfecto,
1384 1052 1491 1116 babens

139 1148 328 1228 principium,
353 1147 483 1208 medium
508 1155 542 1208 et·
561 1148 663 1222 finem,
698 1154 729 1209 et
752 1147 880 1209 solidum
903 1164 1011 1225 corpus
1035 1153 1164 1227 constat*
1178 1145 1276 1207 tribus
1300 1141 1489 1205 dimensioni-

143 1238 210 1299 bus.
257 1236 354 1314 Igitur
379 1235 392 1296 1
421 1243 469 1296 est
491 1245 565 1297 nota
593 1236 716 1311 ideae,
745 1233 864 1298 2n0ta
894 1234 1089 1309 materiae;
1125 1233 1162 1308 1,
1193 1230 1492 1307 anomaeoque

143 1347 198 1388 του
220 1344 349 1398 recreo,
382 1324 435 1385 sed
469 1344 585 1386 summa
612 1325 649 1385 de
677 1323 690 1386 1
719 1333 750 1386 et
772 1321 808 1399 2,
842 1345 884 1386 sc.
910 1320 930 1386 3
955 1330 1027 1384 uota
1049 1344 1103 1385 roo
1125 1318 1238 1402 ἅτερον.
1286 1321 1381 1383 Plato
1410 1319 1491 1400 igitur

98 1448 101 1453 ·
143 1414 263 1495 putavit
286 1432 423 1474 numeros
451 1412 477 1487 1,
503 1412 532 1486 2,
559 1411 588 1488 3,
615 1432 775 1495 eommqne
794 1414 976 1493 quadratos:
1005 1412 1031 1487 1,
1058 1408 1088 1487 4,
1114 1409 1144 1485 9,
1169 1420 1201 1475 et
1210 1410 1321 1473 cubos:
1349 1408 1379 1484 1,
1403 1405 1435 1483 8,
1456 1405 1490 1471 27

143 1503 289 1584 praebere
314 1502 458 1580 originem
481 1502 654 1564 harmoniis.
701 1501 825 1565 Series:
854 1503 881 1578 1,
906 1499 937 1576 2,
962 1498 992 1572 3,
1017 1497 1047 1576 4,
1072 1500 1102 1575 8,
1128 1496 1158 1574 9,
1183 1498 1237 1563 27.
1284 1500 1375 1561 Hanc
1390 1497 1489 1577 explet

146 1600 179 1653 ut
201 1591 331 1670 undique
355 1590 396 1652 sit
419 1591 587 1671 aequaliter
610 1591 716 1653 divisa.
764 1589 844 1662 Quia
868 1592 946 1653 enin
971 1590 1001 1652 in
1024 1589 1192 1669 geometria
1215 1587 1306 1651 solidi
1329 1585 1409 1648 duae
1432 1592 1492 1647 sunt

145 1680 261 1742 mediae
291 1679 546 1760 proportionales,
579 1698 638 1741 non
668 1682 784 1760 plures,
818 1680 887 1742 ideo
914 1680 1033 1758 majora
1062 1678 1224 1741 intervalla
1256 1675 1364 1757 explet
1387 1675 1491 1736 duabus

145 1768 374 1836 medietatibus,
407 1776 441 1829 ut
471 1766 551 1830 inter
578 1768 591 1831 1
619 1768 694 1831 et2
722 1766 820 1832 send
849 1776 880 1831 et
906 1765 947 1830 12
977 1768 1107 1831 medium
1137 1767 1365 1829 arithmeticum
1398 1770 1447 1826 eet
1465 1759 1489 1838 9,

145 1858 289 1922 musicum
313 1853 349 1930 8;
374 1855 423 1918 ubi
447 1875 557 1936 magna
577 1857 767 1936 jucunditate
787 1859 877 1921 Plato
901 1864 1043 1938 expertus
1067 1866 1124 1932 est,
1155 1857 1235 1918 inter
1257 1856 1333 1917 haec
1358 1853 1420 1914 duo
1438 1872 1492 1915 ne·

147 1948 197 2011 dia
220 1947 300 2007 idem
324 1965 391 2006 esse
415 1945 622 2020 intervallum,
648 1947 725 2026 quod
751 1956 841 2009 antea
863 1947 894 2009 in
918 1949 995 2008 serie
1021 1944 1040 2007 7
1065 1964 1268 2020 nnmeromm,
1293 1944 1377 2005 inter
1398 1942 1493 2004 cubum

146 2035 254 2099 binarii
288 2042 320 2095 et
353 2035 533 2115 quadratum
565 2036 700 2097 ternarii.
748 2038 855 2117 Itaque
888 2044 956 2097 tota
989 2033 1152 2096 intervalla
1183 2033 1289 2096 divisit
1321 2030 1406 2096 tonis
1439 2032 1493 2093 sive

151 2123 313 2202 ιἰιογᾶοοις,
352 2121 412 2185 Sed
429 2123 500 2202 quia
515 2124 645 2185 antesin
662 2126 740 2186 serie
761 2124 780 2187 7
796 2144 984 2187 numerorum
999 2123 1260 2186 constituebantur
1275 2122 1380 2201 dupla,
1405 2120 1494 2200 tripla,

149 2213 368 2294 sesquialtera,
403 2212 598 2291 sesquitertia
622 2213 799 2288 intervalla,
834 2234 927 2294 quae,
958 2219 1063 2291 utpote
1086 2213 1184 2292 prima
1206 2211 1338 2291 origine,
1375 2209 1495 2287 oportuit

148 2320 289 2366 manere:
314 2301 382 2361 ideo
406 2300 435 2361 in
460 2301 685 2363 continuatione
709 2303 799 2364 trium
813 2311 950 2366 tonorum
974 2301 1012 2364 ab
1027 2301 1152 2381 epitriti,
1177 2309 1307 2382 quatuor
1319 2300 1360 2360 ab
1376 2297 1495 2360 hemiolii

151 2389 279 2455 termino
296 2389 457 2450 secabatur
471 2397 561 2450 tonus
580 2398 761 2469 postremus.
805 2393 884 2453 Nem
904 2392 1043 2471 epitritus
1058 2390 1154 2452 minor
1169 2397 1218 2452 eet
1236 2389 1334 2451 tribus
1350 2387 1494 2468 epogdois,

151 2478 308 2542 hemiolius
332 2485 460 2557 quatuor
488 2480 643 2558 epogdois.
692 2478 780 2549 Quod
809 2480 900 2560 igitur
928 2481 956 2542 in
987 2479 1091 2541 ultimo
1113 2486 1187 2540 tono
1217 2484 1285 2541 erat
1314 2478 1497 2555 superfluum,

152 2574 303 2632 resectum
335 2566 443 2646 quippe
475 2589 494 2628 a
528 2569 655 2630 termino
687 2569 889 2650 proportionis
921 2568 1117 2649 antiquioris,
1151 2568 1182 2629 id
1215 2565 1404 2646 geometrica
1433 2582 1497 2626 voce

153 2656 290 2731 dnoropq
323 2655 478 2716 dicebatur
485 2675 494 2729 ;
533 2676 719 2736 consequens
752 2658 861 2738 igitur,
899 2666 933 2720 ut
964 2657 1044 2720 illius
1077 2657 1142 2718 toni
1174 2656 1326 2718 residuum
1359 2653 1499 2717 diceretur

152 2751 271 2820 λιιμμα,
285 2743 431 2807 relictum.
469 2744 566 2806 Addit
580 2747 770 2821 scholiastes,
786 2747 937 2825 duoropqe
951 2747 1043 2809 etiarn
1058 2744 1117 2807 dici
1131 2750 1229 2818 traua,
1245 2763 1314 2806 esse
1328 2749 1431 2806 antem
1440 2761 1498 2804 rna·

148 2836 247 2916 jerem
262 2841 395 2915 partem,
420 2832 530 2895 lemma
544 2834 700 2909 minorem,
727 2836 805 2915 qued
821 2855 922 2897 verum
946 2844 1004 2898 est.
1044 2833 1130 2897 ana
1144 2833 1223 2895 enim
1237 2833 1384 2895 terminos
1403 2825 1450 2912 2,,
1471 2836 1500 2891 ut

154 2926 215 2987 sint
238 2932 300 2986 tres
325 2921 462 3002 epogdoi,
488 2942 530 2984 ec.
549 2916 651 3004 mim
672 2944 725 2986 seu
747 2918 905 3005 ²¹⁸'l„„,
931 2932 962 2985 et
976 2925 1061 2986 aufer
1075 2930 1112 2994 (ln
1125 2945 1148 2980 e.
1166 2931 1305 2995 dolopes
1318 2923 1367 2992 ⁴l,)
1391 2914 1424 3001 ⁴),
1444 2920 1499 2982 sire

160 3007 318 3094 ²⁰⁴⁸(4m,
355 3018 454 3073 restat
492 3005 647 3093 ²¹⁰²j2040,
678 3014 733 3074 hoc
764 3014 899 3074 ablatum
932 3034 951 3074 a
984 3020 1098 3083 (diarum
1110 3017 1148 3081 in)
1184 3005 1219 3090 ’1,
1251 3010 1317 3071 sive
1357 3000 1499 3094 'fflſtrw

154 3102 263 3182 linquit
292 3094 443 3181 ²⁰¹⁸f„„.
491 3100 539 3159 Ita
568 3112 655 3164 tonus
684 3102 714 3164 in
739 3102 834 3165 diesin
864 3109 895 3162 et
924 3103 1034 3163 lemma
1061 3099 1232 3163 resolvitur.
1279 3098 1387 3168 Diesis
1409 3110 1501 3163 umen

155 3191 260 3252 exulat
287 3191 367 3267 apud
391 3190 549 3249 Platonem
577 3210 595 3249 a
623 3190 701 3253 seria
724 3211 830 3253 vocum
858 3191 1061 3265 musicalium
1090 3187 1192 3251 omnia
1214 3187 1296 3251 enim
1323 3190 1502 3271 complentur

155 3278 236 3340 tonis
270 3285 301 3338 et
334 3276 532 3338 lemmatibus.
579 3278 664 3341 Haec
696 3280 789 3361 igitur
820 3286 870 3342 est
901 3280 1039 3342 Platonis
1071 3277 1238 3340 harmonia.
1284 3276 1379 3344 Errat
1410 3285 1503 3341 autem

55 3431 62 3445 ,
160 3366 192 3440 1)
218 3367 247 3428 iu
271 3385 379 3440 causa,
405 3365 598 3441 existimans,
624 3368 797 3431 harmonias
822 3369 892 3431 oriri
916 3388 954 3429 ex
977 3367 1108 3430 numeris
1132 3385 1291 3446 eorumque
1315 3364 1503 3452 proprietari-

156 3457 213 3518 bus
241 3453 448 3536 geometricis,
484 3456 698 3537 quadratisque
728 3467 759 3520 et
783 3457 888 3519 solidis
917 3457 1033 3537 figuris,
1066 3457 1144 3536 quod
1172 3474 1260 3518 secus
1285 3464 1344 3521 est.
1392 3452 1505 3524 Accidit

158 3544 244 3621 enim,
270 3545 345 3606 haec
369 3545 412 3606 ita
436 3563 610 3607 concurrere
635 3546 760 3621 alicubi;
791 3545 821 3608 in
850 3547 1019 3608 universnm
1042 3564 1113 3609 vero
1141 3563 1201 3608 non
1222 3549 1412 3625 respondent
1434 3540 1505 3607 inri-

157 3653 234 3697 cam.
281 3632 361 3696 Nam
391 3634 450 3695 etsi
473 3634 591 3695 termini
612 3630 646 3706 9,
671 3633 827 3716 8justurn
850 3635 1024 3697 describunt
1047 3635 1192 3697 ambitum
1216 3634 1297 3708 toni,
1330 3638 1390 3700 buc
1411 3646 1503 3698 101000

157 3742 216 3786 non
241 3732 289 3785 est
312 3722 361 3783 vel
385 3743 423 3784 ex
446 3742 497 3796 eo,
523 3724 599 3803 quod
625 3724 675 3785 ille
701 3724 823 3786 ternarii
847 3724 1027 3804 quadratus,
1051 3724 1099 3785 hic
1124 3722 1232 3785 binarii
1255 3726 1352 3788 cubus
1375 3733 1438 3800 est,
1461 3719 1504 3781 111

93 3823 95 3826 ’
131 3831 196 3887 ,εκ
221 3831 273 3885 eo,
299 3812 376 3891 quod
399 3812 453 3873 ille
478 3811 625 3873 medietas
650 3813 854 3888 arithmetica,
879 3812 928 3873 hic
952 3814 1081 3886 musice,
1114 3812 1194 3873 inter
1217 3815 1365 3877 terminos
1387 3808 1506 3877 rationis

160 3901 285 3980 duplae:
310 3901 389 3979 quod
412 3901 562 3980 posterius
587 3909 689 3963 tamen
713 3903 777 3982 ipso
804 3902 995 3963 Ptolemaeus
1019 3901 1161 3976 credidit,
1187 3900 1237 3980 qui
1259 3902 1425 3966 Platonem
1446 3919 1507 3964 cor·

160 3995 291 4052 rexerat.
340 3986 415 4050 Cum
447 3991 490 4052 sic
522 3990 550 4051 in
584 4011 677 4053 causa
706 4000 786 4054 erret
808 3990 914 4064 Plato,
948 3990 1098 4070 sequitur,
1131 3997 1166 4052 ut
1192 3998 1274 4053 erret
1303 3991 1339 4067 2)
1373 3993 1463 4056 etiam
1482 3989 1507 4050 in

162 4079 279 4150 effectu,
305 4077 441 4140 dividens
465 4079 588 4159 epitrita
612 4090 643 4141 et
665 4079 807 4142 hemiolia
830 4081 859 4142 in
874 4088 963 4142 tonos
987 4100 1040 4141 seu
1051 4079 1189 4159 epogdoa
1212 4074 1508 4161 sarantasmum

162 4173 212 4229 ast
234 4174 339 4230 contra
367 4176 504 4230 naturam
527 4191 581 4230 coo
603 4164 794 4247 ἡρμοσμιιιου
826 4169 890 4232 sive
928 4190 979 4247 της
1001 4190 1056 4230 roo
1079 4165 1224 4245 ippelooc
1251 4190 1385 4248 φνσιως.
1429 4164 1510 4231 Diri·

165 4256 276 4318 duntur
300 4256 376 4317 eninr
402 4256 563 4318 intervalla
586 4257 638 4317 illa
662 4258 689 4319 in
715 4267 802 4320 tonos
826 4258 968 4337 majores,
994 4258 1135 4333 minores,
1160 4264 1192 4318 et
1215 4259 1389 4334 semitonia,
1417 4257 1447 4320 id
1468 4259 1511 4317 erl

162 4345 193 4406 in
213 4338 267 4426 9,,
291 4338 358 4426 ¹⁰l,‚
391 4339 476 4426 Ἣ,
501 4346 579 4424 qnod
596 4366 683 4410 aures
707 4347 837 4426 probant
851 4355 882 4407 ct
897 4347 1099 4420 Ptolemaeus,
1124 4345 1239 4408 aurium
1250 4346 1360 4427 judicii
1375 4352 1509 4410 assertor.

254 4458 289 4533 2)
313 4457 382 4520 Jam
414 4460 452 4520 ad
476 4459 642 4542 symbolum
671 4462 763 4524 maris
788 4470 820 4523 et
844 4461 983 4524 feminae.
1029 4461 1073 4524 m
1095 4462 1183 4524 video
1212 4460 1334 4542 quidem
1364 4457 1512 4524 consilinm

164 4555 314 4624 veterum,
349 4548 412 4609 sive
435 4549 517 4611 idern
539 4549 628 4610 Plato
653 4551 758 4624 fuerit,
789 4571 842 4613 seu
865 4551 1031 4632 quicunque
1056 4550 1108 4613 alii
1136 4550 1263 4630 exejus
1288 4550 1406 4614 schola.
1450 4544 1513 4611 Sint

836 4644 1396 4674 Τ-Ἲῇψρτ..

166 4657 865 4754 enimvocesA,B,C,D,E,(A
946 4685 971 4744 Β
1050 4683 1076 4748 0
1156 4685 1183 4747 Ε
1264 4685 1294 4747 1)
1399 4648 1513 4746 luni
