3278 5542
137 306 204 384 est
258 282 261 287 ’
685 314 809 382 emm·
827 314 952 380 neon

139 478 345 561 hypotheseos
369 499 387 539 a
411 484 474 538 tam
498 475 654 557 praeclaro
678 493 770 556 opere
793 476 923 538 lectores
948 476 1203 543 absterrerentur,
1227 474 1291 536 ista
1316 471 1403 554 qnasi
1425 471 1494 534 leni-

138 575 241 631 menta
274 568 355 648 operi
385 564 592 644 Cupernicauo
617 565 821 645 'praemittere
850 566 992 627 voluisse.
1040 563 1225 644 Coperuicus
1259 562 1380 643 quidem
1409 562 1495 622 stoica

139 656 291 736 rigiditate
315 656 488 717 obfirmatus
513 654 602 715 animi
628 674 718 715 sensa
741 654 868 717 candide
893 654 950 716 sibi
975 653 1304 734 profitenda-putavit,
1331 651 1494 713 etiamcun

139 746 295 826 dispendio
319 745 406 825 hujus
430 743 586 806 scientiae.
635 743 798 818 Osiander,
829 744 916 806 utilia
939 744 1036 823 magis
1062 743 1119 804 arti
1144 749 1284 815 secutus,
1315 739 1494 801 verissimam

140 832 299 914 Copemici
323 841 354 894 et
378 832 489 895 seriam
513 833 694 894 sententiam
718 834 906 912 praefatione
931 853 986 894 sua
1015 831 1121 893 maluit
1149 830 1314 893 occultare.
1363 828 1492 890 Valusrit

141 942 215 987 sane
249 922 406 985 consilium
434 923 490 984 hoc
514 919 658 983 Osiandri
686 940 740 1001 per
772 923 827 983 hos
853 918 896 985 60
920 940 1029 983 annos:
1063 929 1181 1000 tempus
1210 921 1276 999 jam
1306 917 1432 980 tandem
1458 924 1494 978 cst

140 1015 217 1075 banc
237 1012 477 1086 simulationem,
510 1018 543 1071 nt
567 1011 637 1073 mihi
676 1011 795 1091 quidem
817 1011 951 1085 videtur,
985 1029 1022 1071 ex
1045 1011 1173 1092 privatis
1196 1006 1345 1071 Osiandri
1369 1007 1494 1086 epistolis

139 1103 291 1182 detegere.
1451 1144 1453 1151 -

226 1191 306 1254 Nam
330 1208 395 1251 cum
419 1187 604 1267 Cepernicns
638 1206 716 1249 anno
743 1184 840 1252 1540.
866 1187 933 1250 Cal.
957 1186 1019 1249 Jul.
1050 1188 1087 1249 ad
1110 1184 1296 1249 Osiandrnm
1322 1185 1492 1268 scripsisset

139 1279 183 1342 sic
210 1278 254 1342 illi
282 1280 361 1340 inter
388 1286 492 1339 cetera
519 1277 681 1357 respondet
704 1276 855 1339 Osiander
883 1295 960 1339 anno
983 1273 1076 1340 1541.
1101 1275 1154 1339 20.
1179 1278 1272 1356 Apr.:
1308 1274 1379 1348 „De
1410 1274 1492 1356 hypo

139 1368 276 1430 thesibus
301 1386 357 1447 ego
381 1368 425 1427 sic
449 1367 529 1428 sensi
554 1386 683 1447 semper,
708 1385 767 1428 non
792 1384 859 1427 esse
884 1366 1027 1428 articulos
1042 1367 1119 1440 fidei,
1145 1366 1199 1427 sed
1219 1365 1421 1427 fundamenta
1441 1364 1492 1425 cel·

140 1457 207 1528 culi,
234 1456 279 1518 ita
301 1464 348 1527 ut,
380 1456 498 1517 etiamsi
523 1456 620 1517 falsae
644 1455 719 1528 sint,
747 1456 835 1517 modo
858 1464 990 1517 motuum
1015 1476 1174 1534 conopoea
1197 1462 1306 1516 exacte
1334 1453 1493 1526 exhibeant

144 1544 216 1607 nihil
240 1546 369 1618 referat3
394 1545 460 1626 quis
484 1545 562 1607 enim
586 1563 641 1605 nos
665 1544 807 1606 certiores
831 1546 946 1619 reddet,
973 1543 1107 1606 ansulis
1131 1544 1301 1624 inaequalis
1326 1551 1429 1606 motus
1451 1558 1492 1603 ns·

142 1634 221 1696 mine
253 1633 377 1716 epicycli
411 1653 448 1694 au
473 1633 590 1695 nomine
615 1634 851 1695 ecceutricitatis
876 1634 1047 1712 contingat,
1078 1633 1103 1695 si
1127 1634 1297 1695 Ptolemaei
1321 1632 1493 1715 hypotheses

144 1742 319 1803 sequamur,
337 1743 403 1784 cunr
427 1722 456 1783 id
481 1724 579 1803 possit
602 1730 768 1802 utrumque.
816 1721 919 1792 Quare
943 1723 1103 1802 plausibile
1129 1724 1192 1784 fore
1210 1723 1380 1798 videretur,
1405 1723 1430 1784 si
1452 1723 1493 1784 hae

69 1806 73 1812 ’
143 1812 180 1873 de
205 1832 235 1874 re
260 1813 289 1874 in
313 1811 501 1891 praefatione
526 1811 658 1873 nonnihil
675 1813 853 1892 attingeres.
902 1810 953 1873 Sic
970 1813 1048 1873 enim
1063 1812 1244 1892 placidiores
1264 1813 1414 1874 redderes
1426 1812 1492 1893 peri·

142 1903 314 1983 patheticos
348 1909 379 1963 et
406 1901 580 1978 theologos,
616 1916 690 1980 qnos
715 1902 954 1964 contradicturos
979 1902 1121 1963 metuis.“
1171 1901 1220 1964 Ad
1249 1902 1416 1964 Rheticnm
1437 1920 1492 1963 vero

142 1991 246 2053 eodem
262 1990 309 2053 die
325 1991 369 2052 sic
384 1990 489 2052 scribit
504 1989 671 2052 Osiander:
696 1990 934 2071 „peripathetici
968 1999 999 2053 ct
1023 1990 1156 2071 theologi
1181 1990 1270 2052 facile
1296 1991 1490 2072 planabuntur,

70 2082 77 2101 ¹
142 2080 167 2142 si
192 2079 358 2153 audierint,
394 2079 527 2158 ejusdem
558 2080 732 2159 apparentis
756 2088 854 2142 rnotns
877 2080 979 2142 varias
1006 2100 1073 2142 esse
1104 2099 1194 2160 posse
1218 2081 1423 2161 hypotheses,
1450 2098 1490 2141 nec

144 2189 197 2230 eas
227 2169 327 2231 afferri
353 2169 431 2248 quod
455 2175 537 2229 certo
561 2169 606 2229 ita
629 2169 706 2242 sint,
731 2170 784 2229 sed
814 2171 891 2249 quod
916 2168 1062 2231 calculum
1087 2169 1262 2248 apparentis
1294 2177 1328 2230 ct
1351 2167 1489 2250 compositi

142 2265 242 2320 motus
266 2276 355 2338 quarn
379 2257 620 2319 commodissime
643 2258 799 2339 gubernet,
825 2259 941 2320 etheri
965 2276 1064 2339 posse,
1090 2267 1124 2320 ut
1137 2258 1214 2320 alius
1231 2259 1297 2341 quis
1314 2260 1392 2321 alias
1411 2260 1488 2340 hypo·

141 2348 246 2409 theses
271 2347 439 2426 excogitem
464 2353 495 2407 et
517 2347 665 2426 imagines
689 2347 737 2409 hic
762 2355 860 2428 aptas,
885 2348 935 2410 ille
952 2349 1108 2427 aptiores,
1133 2348 1261 2409 eandem
1286 2358 1390 2410 tamen
1409 2356 1488 2410 motos

143 2436 354 2516 apparentiam
383 2442 560 2510 causantes,
594 2456 629 2497 ae
653 2455 720 2498 esse
749 2436 905 2515 unicuique
937 2437 1076 2512 liberum,
1110 2437 1169 2498 irnn
1192 2437 1444 2517 gratificaturum,
1469 2435 1487 2496 si

143 2524 362 2587 commodiores
390 2524 558 2604 excogitet;
591 2526 634 2586 ita
658 2546 677 2586 a
699 2525 870 2588 vindicandi
895 2526 1059 2588 severitate
1089 2527 1127 2588 ad
1151 2527 1326 2607 exquirendi
1351 2526 1487 2590 illecebras

142 2614 263 2676 avocati
297 2632 332 2674 ac
355 2613 510 2692 provocati
534 2614 660 2694 primum
685 2615 856 2695 aequiores,
899 2624 962 2677 turn
987 2617 1100 2678 frustra
1124 2623 1305 2697 quaerentes
1328 2616 1449 2696 pedibus
1466 2614 1487 2674 iu

142 2700 274 2765 auctoris
298 2703 480 2765 sententiam
504 2702 624 2765 ibunt.“
668 2704 724 2766 His
754 2705 886 2767 auctoris
910 2705 1020 2781 verbis,
1045 2716 1165 2785 praeter
1188 2702 1255 2768 earn
1279 2726 1370 2786 quam
1393 2703 1487 2767 dixiin

141 2792 330 2872 praefatione
354 2799 528 2871 usurpatam
553 2793 773 2855 simulationem
801 2795 964 2856 manifesta
995 2814 1110 2875 qnoque
1142 2802 1271 2875 apparet
1299 2793 1487 2875 aequivocatio

141 2882 225 2943 vocis
258 2880 445 2964 hypothesis.
494 2879 593 2960 Supra
616 2901 743 2962 namque
768 2883 896 2956 dictum,
923 2884 1069 2963 quasdam
1096 2902 1164 2944 esse
1189 2884 1275 2964 qnasi
1299 2884 1406 2946 minuti
1427 2880 1487 2943 aeris

140 2970 340 3052 hypotheses,
365 2970 416 3030 vix
446 2970 553 3049 dignas
577 2970 633 3032 hoc
667 2972 798 3046 nomine,
835 2973 981 3053 quasdam
1011 2973 1114 3052 justas
1138 2981 1169 3034 et
1190 2991 1261 3034 vere
1287 2971 1486 3035 astronomicas

140 3059 336 3142 hypotheses.
382 3059 426 3120 Ut
450 3077 517 3119 cum
540 3059 570 3120 in
595 3059 730 3138 exemplo
755 3060 898 3122 Osiandri
923 3062 1155 3123 determinamus
1179 3069 1211 3124 et
1225 3063 1418 3124 enunciamus
1430 3078 1485 3141 por·

139 3149 252 3209 tionem
276 3146 378 3209 circuli
401 3147 573 3226 planetarii,
599 3168 674 3229 quae
700 3149 740 3210 sit
764 3151 792 3210 in
823 3170 879 3211 uno
904 3151 1019 3213 zodiaci
1044 3152 1245 3225 semicirculo,
1270 3152 1365 3231 digna
1388 3149 1484 3213 nomine

141 3232 317 3319 hypothesis
341 3243 403 3304 est.
433 3254 487 3297 nec
512 3237 621 3299 variari
656 3246 710 3299 ant
732 3240 850 3300 omniuo
881 3240 960 3300 t'alsa
983 3259 1051 3301 esse
1079 3247 1192 3319 potest.
1241 3241 1287 3301 At
1310 3260 1378 3302 cum
1402 3239 1485 3301 calca·

142 3326 203 3387 lum
236 3343 381 3386 ascensus
414 3333 445 3385 et
468 3325 631 3387 descensus
663 3326 806 3405 planetae
840 3328 868 3388 in
900 3328 961 3390 illis
990 3329 1200 3408 inaequalibus
1229 3329 1418 3408 portionibus
1443 3344 1485 3387 er·

140 3413 298 3487 struimus,
329 3432 419 3491 saepe
448 3413 478 3474 id
502 3415 588 3476 varia
618 3415 712 3477 forma
734 3424 836 3496 potest
868 3418 983 3496 perfici,
1013 3426 1045 3479 et
1072 3419 1256 3501 hypotheses
1281 3418 1402 3500 quidem
1427 3416 1487 3479 alias

140 3503 179 3564 ad
203 3501 391 3564 efficiendam
413 3501 542 3580 priorem
570 3504 654 3575 illam
679 3513 710 3565 et
733 3506 968 3568 astronomicam
983 3507 1163 3588 hypothesin
1181 3524 1391 3587 comparamus
1414 3504 1486 3579 (alius

139 3591 238 3673 posito
263 3598 366 3653 centro
391 3592 492 3653 circuli
517 3593 679 3671 planetarii
707 3613 799 3672 supra
823 3602 957 3658 centrum
980 3597 1093 3671 mundi,
1118 3596 1194 3657 alins
1219 3596 1355 3679 epicyclo
1379 3597 1408 3658 in
1428 3611 1486 3657 cen·

139 3681 303 3743 ceutricum
326 3683 473 3756 inserto),
499 3682 552 3742 sed
572 3701 648 3761 quae
673 3701 731 3743 uon
756 3683 839 3762 ipsae
863 3702 916 3762 per
940 3702 1008 3746 sese
1032 3685 1266 3758 astronomicae,
1301 3703 1404 3747 verum
1425 3700 1484 3762 gro·

139 3769 284 3833 metricae
307 3771 408 3849 potius
433 3770 617 3851 hypotheses
642 3782 721 3833 sunt.
770 3774 818 3833 lta
843 3773 870 3833 si
894 3775 959 3853 quis
979 3783 1169 3836 astronomus
1185 3774 1276 3848 dicat,
1302 3774 1385 3837 vism
1399 3775 1485 3836 Lunae

139 3858 256 3922 evalem
282 3859 448 3937 exprimere
474 3861 609 3933 formam,
635 3860 812 3940 hypothesis
837 3870 885 3923 est
900 3864 1118 3935 astronomica;
1143 3863 1372 3936 sumostendit,
1397 3860 1485 3944 quibos

139 3947 258 4008 circulis
286 3946 455 4025 hujusmodi
488 3947 585 4009 oialis
616 3949 711 4028 figura
734 3950 838 4012 confici
865 3952 976 4030 possit,
1011 3952 1229 4034 hypothesibus
1258 3952 1356 4015 utitur
1379 3966 1483 4032 geome-

138 4035 232 4096 tricis.
279 4034 322 4095 Et
336 4034 538 4111 Ptolemaeus,
564 4055 630 4097 cum
655 4037 769 4100 diceret
792 4040 982 4118 planetarum
996 4049 1094 4102 motus
1118 4041 1147 4103 in
1163 4060 1300 4123 apogaeo
1324 4042 1482 4109 lentescere

140 4124 168 4184 in
193 4122 333 4202 perigaeo
364 4125 543 4196 accelerari,
577 4125 758 4206 hypothesin
790 4129 864 4191 fecit
887 4131 1135 4200 astronomicam,
1169 4150 1236 4192 curu
1259 4148 1333 4193 vero
1361 4138 1483 4210 pascus

139 4210 334 4291 aequalitatis
364 4212 540 4286 introducit,
575 4213 604 4273 id
628 4223 662 4275 ut
684 4226 839 4295 geometra
869 4218 956 4290 facit,
992 4219 1099 4281 calculi
1124 4238 1236 4294 causa,
1272 4229 1305 4281 ut
1332 4221 1412 4282 ratio
1432 4214 1482 4279 iniri

137 4299 251 4452 gessit,
285 4307 428 4379 quantum
463 4302 612 4363 lentescat
644 4302 693 4365 ille
723 4307 865 4384 planetae
897 4316 997 4369 motus
1027 4310 1133 4388 quovis
1165 4316 1318 4371 momento
1347 4306 1481 4391 temperis.

168 4408 224 4451 auc
256 4388 467 4471 hypothesium
496 4391 705 4453 diversitatem
740 4413 826 4454 nemo
856 4397 1065 4460 consideratus
1099 4406 1148 4458 est
1181 4396 1230 4479 qui
1262 4416 1322 4460 non
1358 4398 1481 4479 agnoscat

138 4478 334 4558 manibusque
357 4477 472 4556 palpet.
519 4480 565 4540 At
588 4498 658 4541 vero
684 4480 835 4545 Osiander
860 4482 1059 4564 Copernicum
1083 4487 1131 4548 vel
1156 4486 1257 4566 potins
1282 4488 1350 4566 ejus
1375 4489 1482 4550 lectus

139 4566 386 4646 aequivocatione
419 4566 587 4629 ludificatus
611 4576 673 4644 est,
708 4591 760 4646 ea,
796 4592 871 4652 quae
905 4574 935 4635 in
966 4575 1158 4654 geometricis
1186 4575 1408 4656 hypothesibus
1426 4590 1481 4633 ross

138 4664 217 4729 sunt,
244 4654 280 4713 ad
306 4656 524 4716 asmbnomicas
547 4657 744 4732 transferent,
770 4680 836 4722 cum
862 4662 1069 4724 diversissima
1092 4664 1132 4725 sit
1154 4671 1351 4745 utrarumque
1376 4665 1454 4727 ratio.

228 4740 364 4815 Summa,
401 4743 460 4804 tria
484 4750 554 4806 sunt
576 4744 605 4805 in
627 4748 829 4810 astronomia:
864 4751 1047 4832 hypotheses
1071 4754 1286 4832 geometricae,
1318 4754 1482 4835 hypotheses

139 4830 358 4894 astronomicae
384 4830 496 4913 stipsi
521 4844 703 4913 apparentes
727 4836 883 4900 stellarum
907 4849 1022 4915 motns;
1045 4848 1207 4922 propterea
1230 4850 1261 4905 et
1274 4843 1335 4905 dno
1359 4841 1483 4909 distinet·
