3278 5542
732 328 817 396 capra
834 328 867 380 ¹¹·
1416 322 1482 395 tts

116 483 252 547 humano
276 504 372 563 more,
395 496 431 551 ut
451 488 587 552 homiues
610 490 831 572 intelligamus)
855 499 946 572 atque
969 489 1038 553 idea
1061 490 1102 552 sit
1125 489 1167 552 rei
1189 490 1313 570 prioris,
1336 491 1379 553 sit
1400 510 1483 565 vero,

116 580 153 637 ut
169 575 264 637 modo
283 576 468 654 dictumest,
493 580 536 642 rei
560 581 702 660 optimae,
729 590 762 643 ut
787 583 882 643 torma
905 581 997 643 futuri
1021 580 1119 661 operis
1143 582 1265 659 etipsa
1288 581 1342 642 fiat
1360 581 1483 661 optima,

116 670 206 744 patet
230 666 310 744 quod
333 667 381 730 his
403 666 531 747 legibus,
555 688 630 750 quas
645 672 728 733 Deus
751 672 817 752 ipse
840 690 896 733 sua
919 670 1054 732 bonitate
1078 668 1136 730 sibi
1158 669 1348 747 praescribit,
1372 669 1483 731 nullius
1536 670 1539 675 '

116 751 160 815 rei
185 752 288 816 ideam
309 774 364 836 pro
386 758 598 820 constituendo
623 760 731 822 mundo
755 758 908 839 suscipere
931 758 1079 839 potuerit,
1104 776 1192 836 qnam
1215 777 1288 820 suae
1312 758 1406 840 ipsius
1430 776 1483 819 es-

116 841 259 904 seutiae:
283 864 360 926 quae
375 845 527 922 bifariam,
552 865 642 927 quarn
660 860 821 928 praestans
846 855 936 928 atque
961 847 1063 910 divina
1088 847 1137 920 sit,
1162 847 1346 909 considerari
1369 855 1482 929 potest,

116 929 215 1011 primo
238 932 269 994 iu
293 954 341 1009 se,
365 943 514 1015 quatenus
538 945 587 999 est
608 957 669 1000 uua
691 939 720 1001 iu
745 937 894 1012 essentia,
919 937 998 1001 trina
1020 937 1049 999 in
1074 936 1228 1015 personis,
1253 936 1360 998 deinde
1383 936 1482 999 colla-

116 1020 201 1083 tione
226 1021 311 1085 iacta
333 1044 401 1086 cum
423 1025 581 1088 creaturis.

207 1111 297 1176 Hauc
311 1114 483 1194 imaginem,
507 1115 585 1178 hanc
608 1115 707 1178 ideam
730 1116 840 1177 mundo
862 1114 1031 1195 imprimere
1055 1113 1159 1187 voluit,
1186 1122 1219 1175 ut
1241 1113 1267 1174 is
1291 1113 1377 1174 fieret
1400 1112 1482 1192 opti-

117 1216 184 1263 mus
199 1203 535 1283 atquepulcberrimus,
559 1211 651 1284 utque
675 1205 700 1266 is
724 1224 790 1267 eam
814 1205 966 1284 suscipere
989 1212 1104 1285 posset,
1129 1200 1312 1273 Quantum
1336 1201 1480 1274 condidit,

117 1290 368 1373 quantitatesque
392 1292 632 1373 sapientissimus
656 1294 792 1356 conditor
815 1293 1010 1375 excoghavit,
1035 1311 1158 1373 quarum
1177 1291 1283 1365 omnis,
1309 1297 1342 1352 ut
1366 1290 1409 1351 ita
1433 1290 1481 1352 di-

118 1394 195 1453 cam,
223 1381 358 1444 essentia
379 1382 409 1443 iu
433 1383 509 1444 haec
532 1383 590 1446 duo
615 1383 788 1458 discrimina
810 1383 944 1456 caderet,
969 1391 1082 1443 rectum
1106 1389 1137 1442 et
1159 1398 1289 1454 curvum,
1316 1380 1483 1458 exquibus

118 1486 244 1530 curvum
268 1471 355 1532 uobis
379 1471 495 1533 duobus
524 1471 585 1535 illis
609 1474 698 1534 modo
722 1471 811 1534 dictis
835 1472 932 1533 modis
955 1471 1051 1534 Deum
1076 1478 1329 1549 repraesentaret.
1377 1468 1482 1548 Neque

118 1557 197 1619 euim
222 1559 456 1622 existimandum
479 1568 536 1637 est,
561 1568 674 1624 tamma
696 1562 837 1624 extitisse
859 1568 924 1622 tam
948 1568 1022 1640 apta
1039 1559 1269 1640 praefigurando
1283 1559 1349 1620 Deo
1373 1557 1482 1619 discri-

118 1648 219 1720 mina,
254 1656 288 1709 ut
310 1649 392 1712 Deus
415 1668 474 1710 uon
498 1650 535 1711 de
558 1652 605 1713 his
629 1652 705 1732 ipsis
733 1651 931 1732 cogitaverit,
965 1649 1019 1710 sed
1048 1658 1190 1730 quantum
1221 1664 1330 1726 corpus
1357 1654 1483 1725 propter

119 1737 196 1799 alias
221 1756 332 1800 causas
356 1738 474 1819 alioque
497 1741 623 1803 consilio
653 1741 839 1813 condiderit,
872 1747 962 1820 atque
993 1747 1102 1819 postea
1130 1736 1206 1799 recti
1235 1747 1267 1797 et
1289 1735 1371 1797 curvi
1395 1754 1482 1797 com-

119 1826 240 1908 paratio
264 1827 394 1889 ethaeo
417 1846 484 1890 cum
507 1829 573 1891 Deo
601 1829 765 1892 similitudo
793 1836 900 1909 suapte
928 1838 1035 1909 sponte
1064 1827 1151 1907 quasi
1180 1826 1302 1887 fortuito
1332 1824 1482 1886 extiterit.

209 1913 291 1987 Quin
313 1917 414 1999 potius
433 1917 593 1980 verisimile
614 1927 671 1988 est,
694 1919 780 1981 initio
803 1918 934 1980 omnium
957 1927 1041 1980 certo
1065 1916 1189 1977 consilio
1213 1933 1335 1976 curvum
1360 1921 1392 1974 et
1415 1932 1484 1974 rec-

120 2013 182 2068 tum
207 2026 227 2066 a
249 2005 317 2067 Deo
340 2007 440 2069 electa
463 2007 502 2068 ad
526 2007 761 2070 adumbraodam
784 2008 815 2070 iu
839 2008 948 2068 mundo
974 2005 1164 2069 divinitatem
1186 2001 1367 2077 conditoris,
1392 2009 1483 2082 atque

120 2093 243 2157 uthaec
259 2094 436 2171 existerent,
462 2097 649 2176 quantitates
665 2097 768 2172 luisse,
793 2104 884 2177 atque
907 2104 941 2157 ut
965 2094 1119 2176 quantitas
1135 2094 1305 2164 haberetur,
1330 2091 1483 2152 conditum

121 2202 187 2246 asae
213 2184 310 2264 primo
335 2185 465 2247 omnium
488 2203 606 2266 corpus.
992 2199 995 2204 “

209 2272 377 2335 Videamus
399 2273 498 2347 modo,
523 2273 706 2354 ecquomodo
731 2270 859 2336 Creator
882 2272 1012 2353 optimus
1036 2272 1091 2333 has
1115 2269 1304 2349 quantitates
1329 2267 1358 2328 in
1383 2267 1482 2328 muudi

125 2361 237 2424 fabrica
262 2361 441 2436 adbibuerit,
466 2369 498 2424 et
521 2364 590 2444 quid
614 2362 775 2425 verisimile
795 2363 836 2424 sit
854 2361 967 2424 nostris
982 2359 1262 2423 ratiocinationibus
1282 2378 1300 2416 a
1317 2354 1481 2418 Conditore

126 2452 233 2513 lactum
259 2470 347 2526 esse,
380 2460 413 2513 nt
445 2452 516 2514 illud
549 2463 658 2533 postea
685 2432 752 2514 curin
784 2452 814 2512 iu
848 2451 980 2531 antiquis
1011 2459 1073 2512 tum
1101 2448 1129 2510 iu
1156 2447 1240 2509 novis
1264 2445 1481 2526 hypothesibus

127 2556 316 2620 quaeramus,
340 2539 427 2620 eique
449 2542 582 2619 palmam
605 2542 785 2608 tribuamus,
809 2560 902 2621 penes
926 2558 1013 2621 quem
1036 2538 1110 2599 illud
1134 2536 1308 2616 reperietur.

208 2629 355 2691 Mundum
378 2630 469 2710 igitur
491 2638 589 2693 totum
611 2633 707 2711 ligura
734 2631 833 2691 claudi
861 2629 1034 2710 sphaerica,
1066 2627 1184 2688 abunde
1214 2625 1292 2686 satis
1316 2622 1483 2702 disputavit

131 2716 306 2781 Aristoteles
331 2719 422 2791 (libro
446 2719 476 2782 Il
500 2720 536 2781 de
560 2721 679 2792 coelo),
713 2719 812 2782 ductis
836 2720 914 2781 inter
938 2726 1039 2779 cetera
1063 2736 1100 2777 ex
1123 2714 1281 2779 nobilitate
1306 2711 1482 2790 sphaericae

132 2807 288 2887 superficiei
317 2808 522 2887 argumentis:
556 2810 662 2890 quibus
694 2809 855 2870 etiamnum
885 2807 991 2870 ultima
1015 2804 1173 2885 Gopernici
1203 2804 1327 2864 fixarum
1351 2800 1482 2879 sphaera

135 2897 257 2975 quamvis
276 2904 360 2959 motu
381 2916 486 2960 careus
511 2899 637 2961 eandem
654 2899 780 2978 liguram
804 2905 914 2972 tuetur,
939 2896 1103 2975 recipitque
1118 2892 1219 2954 Solem
1241 2900 1383 2969 tauquam
1406 2907 1480 2950 ceu-

137 2990 199 3045 lrum
221 2985 250 3046 iu
276 2985 412 3048 intimum
436 2987 542 3049 sinum.
589 2986 688 3051 Orbas
711 3006 783 3049 vero
811 2995 928 3048 ceteros
956 2983 1101 3047 rotundos
1131 3000 1199 3042 esse
1223 2978 1378 3042 circularis
1403 2978 1480 3038 stel-

138 3070 216 3135 larum
247 3083 348 3136 motus
379 3076 488 3156 arguit.
537 3075 667 3140 Cursum
698 3077 791 3156 igitur
824 3077 861 3136 ad
895 3074 996 3136 muudi
1029 3081 1167 3133 ornatum
1201 3068 1369 3132 adhibitum
1402 3084 1481 3139 esse,

141 3160 264 3225 ulteriore
288 3164 466 3243 probatione
489 3184 548 3228 nou
572 3174 652 3246 eget.
701 3164 777 3229 Cum
802 3174 904 3226 autem
934 3164 993 3225 tria
1017 3161 1219 3242 quantitatum
1243 3177 1356 3239 genera
1378 3155 1483 3216 videa-

142 3266 191 3311 uus
210 3253 240 3314 iu
266 3253 385 3326 mundo,
408 3254 543 3333 figuram,
568 3274 721 3317 numerum
737 3263 768 3316 et
781 3254 1007 3334 amplitudinem
1022 3267 1194 3330 corporum:
1219 3265 1341 3310 curvum
1365 3244 1483 3326 quidem

144 3337 218 3402 dhus
241 3342 271 3403 iu
296 3342 363 3403 sola
384 3342 480 3423 liguria
502 3335 677 3425 reperimus.
723 3344 829 3424 Neque
854 3342 931 3404 enim
961 3338 1166 3419 amplitudinis
1195 3338 1257 3400 ulla
1286 3334 1364 3397 ratio
1388 3353 1426 3395 ex
1449 3352 1485 3393 eo

145 3434 193 3502 est,
223 3431 301 3512 quod
325 3430 502 3513 inscriptum
525 3433 614 3496 simili
639 3433 786 3513 (sphaera
809 3433 975 3513 sphaerae,
1008 3429 1137 3490 circulus
1161 3426 1287 3498 circulo)
1318 3444 1355 3484 ex
1381 3423 1484 3484 eodem

146 3526 225 3580 antro
248 3527 302 3582 aut
324 3519 514 3603 undiquaque
537 3523 636 3602 tangit
660 3530 712 3583 aut
735 3521 860 3584 nullibi:
892 3529 924 3582 et
948 3518 1134 3599 sphaericum
1158 3517 1274 3595 ipsum,
1300 3531 1366 3574 cum
1389 3511 1484 3573 solum

147 3609 295 3671 tunicum
319 3610 360 3672 sit
382 3610 412 3671 iu
433 3629 486 3672 suo
507 3612 687 3693 quantitatis
709 3628 834 3690 genere,
861 3629 918 3671 non
942 3616 1046 3688 potest
1069 3607 1146 3667 alius
1171 3603 1282 3666 numeri
1307 3619 1395 3682 quam
1418 3608 1483 3661 ter-

147 3694 201 3755 atu‘i
222 3699 388 3779 subjectum
413 3719 490 3762 esse.
529 3699 618 3771 Quod
643 3701 668 3762 si
692 3700 783 3779 igitur
807 3699 903 3760 solum
928 3715 1048 3760 curvum
1073 3696 1156 3755 Deus
1180 3695 1208 3755 in
1233 3690 1355 3753 conditu
1377 3707 1483 3768 respe-

147 3779 237 3861 xisset,
268 3795 391 3867 praeter
413 3787 516 3851 Solem
538 3790 567 3851 iu
598 3796 721 3862 centro,
753 3789 802 3868 qui
831 3788 944 3868 patris,
980 3785 1140 3863 sphaeram
1167 3783 1293 3843 fixarum
1318 3779 1365 3840 rel
1389 3796 1484 3856 aquas

147 3866 276 3938 llosaicas
300 3879 330 3939 iu
354 3877 480 3955 ambitu,
506 3898 581 3959 quae
604 3878 673 3953 tilii,
700 3897 803 3939 auram
827 3877 989 3938 coelestem
1014 3873 1114 3934 omnia
1136 3872 1317 3953 replentem,
1342 3867 1406 3929 sive
1429 3884 1485 3926 ex-

147 3962 289 4029 tensionem
312 3972 344 4027 et
367 3966 584 4031 firmamentum
608 3967 695 4041 illud,
726 3967 802 4046 quod
828 3965 959 4045 Spiritus
988 3964 1088 4040 imago
1116 3967 1219 4023 esset:
1250 3965 1372 4038 praeter
1396 3956 1481 4027 haec,

148 4042 254 4129 idquam,
284 4054 358 4117 nihil
387 4056 535 4120 existeret
556 4057 586 4119 iu
610 4057 666 4118 hoc
690 4055 825 4117 aedilicio
849 4055 1008 4116 mundano.
1055 4052 1142 4113 Nunc
1165 4067 1236 4110 vero
1261 4066 1327 4110 cum
1353 4053 1384 4108 et
1406 4046 1484 4107 fixae

148 4132 193 4199 titt
217 4143 465 4220 innumerabiles,
494 4155 526 4208 et
557 4146 709 4209 mobilium
738 4163 795 4205 nou
820 4144 1038 4205 incertissimus
1062 4141 1240 4219 catalogus,
1272 4147 1304 4197 et
1333 4137 1483 4198 coelorum

146 4232 342 4304 amitudines
366 4235 541 4315 inaequales
564 4236 702 4308 invicem,
727 4253 852 4295 necesse
873 4240 922 4293 est
941 4251 1050 4294 causas
1074 4247 1176 4291 eorum
1200 4227 1329 4290 omnium
1354 4245 1393 4288 ex
1416 4243 1485 4285 rec-

149 4310 249 4382 tudine
271 4331 421 4403 petamus.
468 4324 535 4387 Nisi
560 4325 636 4386 forte
661 4323 757 4385 Deum
785 4322 957 4402 putabimus
987 4320 1144 4401 quicquam
1175 4319 1203 4379 in
1232 4316 1341 4376 mundo
1368 4323 1482 4375 temere
1552 4312 1558 4323 '

148 4396 245 4486 lesisse,
270 4412 339 4473 dum
363 4412 496 4474 rationes
520 4415 651 4493 optimae
676 4420 887 4492 suppeterent,
913 4412 942 4472 id
968 4409 1046 4490 quod
1070 4427 1156 4469 nemo
1180 4406 1251 4468 mihi
1275 4401 1480 4484 persuadebit,

148 4494 174 4548 ll
189 4498 227 4559 vel
250 4502 287 4561 de
310 4501 378 4563 lixis
402 4502 543 4578 seutiam,
569 4522 692 4583 quarum
717 4509 818 4563 tamen
835 4500 911 4561 situs
927 4499 1057 4560 maxime
1073 4496 1203 4558 oruuium
1220 4494 1372 4566 confusus,
1398 4491 1482 4572 quasi

148 4571 262 4652 locutus
286 4590 432 4653 sementis
451 4593 553 4672 jactus
577 4591 665 4652 nobis
690 4590 817 4651 videtur.

158 4748 165 4765 ,
214 4675 376 4741 Veniamus
399 4679 491 4759 igitur
513 4681 551 4742 ad
576 4688 701 4742 rectas
725 4677 970 4758 quantitates.
1018 4674 1106 4736 Sicut
1129 4680 1229 4734 autern
1255 4677 1347 4732 antea
1370 4668 1484 4748 sphae-

147 4766 194 4818 Μ
212 4769 378 4849 superficies
401 4768 469 4830 ideo
492 4779 630 4831 assumta
654 4776 718 4840 est,
744 4767 814 4846 quia
835 4763 1056 4838 perfectissima
1081 4762 1137 4824 luit
1159 4760 1331 4840 quantitas,
1355 4755 1400 4817 ita
1419 4757 1484 4836 jam

147 4854 191 4907 '¹³⁰
209 4855 282 4925 talto
306 4859 346 4921 ad
369 4874 497 4947 corpora
519 4866 726 4933 transeamus,
756 4865 889 4947 atquae
912 4872 950 4916 ea
974 4853 1065 4916 rectis
1088 4850 1241 4940 perfectae
1266 4855 1337 4912 suut
1360 4846 1483 4929 quanti-
