3278 5542
137 293 203 365 268
683 294 947 363 sporum-nyssam

138 453 355 519 demonstratio
377 454 467 534 plane
492 453 564 516 nihil
589 454 652 516 tale
676 454 804 518 redolet.
851 453 930 518 Nam
955 461 986 516 et
1008 453 1133 518 liberum
1153 452 1339 517 mucronis
1360 448 1493 532 relinquit

138 545 202 607 sive
226 543 416 608 concentrico
442 562 509 605 curn
533 542 668 626 epicyclo
691 543 787 605 velint
811 542 853 605 nti
877 543 908 605 in
931 542 1068 606 omnihus
1092 542 1235 625 quinque,
1270 541 1322 624 qui
1352 540 1492 604 stationes

140 634 262 709 faciunt,
287 632 351 694 sive
367 631 535 694 eccentrico
551 632 581 694 in
605 633 701 694 tribus
724 633 943 713 superioribus;
977 641 1009 695 et
1032 631 1107 695 nihil
1129 631 1172 694 illi
1197 650 1290 695 curae
1313 638 1365 693 eat
1387 628 1491 692 orbium

138 724 322 787 diversorum
345 740 439 783 causa
462 721 539 782 situs
563 722 610 783 vel
634 721 849 802 magnitudinis
879 731 984 784 mutua
1012 722 1215 802 comparatio,
1257 719 1401 800 Respicit
1422 716 1491 781 enim

137 813 203 893 ejus
227 809 446 873 demonstratio
475 829 565 872 unum
589 811 686 873 solum
713 811 884 891 planetam,
918 829 1044 892 eumque
1074 830 1131 873 non
1155 811 1262 882 aliter,
1294 809 1356 873 nisi
1379 814 1491 888 propter

138 901 255 962 unicum
279 899 444 962 stationum
467 906 499 961 et
521 918 713 980 regressunm
737 921 923 978 pulsorum.
970 901 1039 962 Nou
1063 900 1225 980 estigitnr
1239 897 1399 980 Apollonii
1425 913 1489 976 pro-

137 990 236 1052 blema
267 1008 322 1069 pro
353 987 571 1071 hypothesibus
600 989 813 1053 astronomicis
844 989 1026 1052 habendum.
1072 989 1179 1064 Adde,
1213 989 1294 1070 quod
1318 985 1488 1067 nequidem

137 1079 176 1141 ad
204 1078 291 1140 unius
322 1078 465 1157 planetae
493 1086 593 1140 motus
624 1078 875 1141 demonstrandos
908 1079 1093 1142 sufficientes
1126 1077 1272 1141 assumsit
1303 1075 1486 1159 hypotheses.

137 1186 205 1229 cum
226 1185 294 1229 eam
317 1174 417 1229 motus
441 1166 702 1247 inaequalitatem,
738 1186 814 1248 quae
838 1168 877 1230 ad
902 1169 1029 1231 enodem
1052 1167 1168 1230 zodiaci
1192 1168 1292 1229 locum
1320 1164 1483 1233 restituitur,

137 1257 175 1318 de
199 1255 348 1317 industria
370 1254 561 1336 praeteriret.
609 1255 677 1328 Quo
691 1257 883 1319 manifestum
908 1257 990 1329 fecit,
1014 1256 1086 1319 nihil
1102 1256 1182 1320 aliud
1202 1276 1236 1318 se
1251 1273 1398 1337 quaerere
1411 1271 1482 1333 quan

137 1344 353 1426 geometricam
378 1344 578 1407 conclusionis
601 1365 640 1408 ex
663 1347 808 1408 assumtis
831 1347 978 1409 deductae
993 1345 1215 1421 certitudinem,
1240 1363 1320 1426 quae
1335 1342 1480 1407 vehemen-

138 1443 185 1496 ter
208 1433 380 1512 ingeniosos
403 1435 659 1514 contemplatores
684 1435 836 1498 delectare
861 1436 951 1497 solet.

226 1521 296 1585 Jam
320 1530 353 1584 ut
367 1522 576 1597 concedamus,
600 1542 654 1603 pro
678 1524 896 1606 hypothesibus
911 1524 1004 1605 justis
1020 1522 1159 1586 habenda
1172 1522 1386 1585 demonstrata
1397 1517 1477 1599 Apol·

138 1610 220 1685 lonii,
245 1610 324 1693 quod
343 1613 409 1691 jam
433 1611 596 1674 relutatum
620 1621 677 1688 est,
704 1614 858 1675 desumtas
884 1623 983 1677 tamen
1009 1611 1280 1691 auttranspositaa
1303 1629 1345 1672 ex
1358 1609 1476 1672 Aristar·

137 1700 263 1775 chianis,
280 1700 346 1780 quis
357 1701 436 1763 Urso
451 1701 575 1763 credet?
599 1701 721 1764 Etenim
737 1723 847 1783 magna
860 1701 1078 1782 probabilitate
1093 1699 1260 1774 contendit,
1276 1699 1327 1762 vel
1342 1699 1475 1780 ignoratas

137 1790 185 1851 vel
202 1808 258 1850 uon
275 1789 447 1851 intellectas
463 1810 531 1853 esse
545 1791 718 1854 Aristarchi
736 1792 948 1872 conceptiones
962 1791 1135 1871 Apollonio.
1180 1788 1304 1852 Etenim
1327 1806 1394 1850 cunr
1406 1785 1476 1850 sciret

137 1878 328 1958 Apollonius,
354 1879 531 1959 quibusdam
555 1899 594 1942 ex
618 1881 801 1943 astronomis
824 1882 945 1962 placere
969 1880 1169 1954 eccentricos,
1200 1877 1269 1941 aliis
1293 1875 1474 1940 concentricos

138 1987 204 2031 cum
229 1967 374 2048 epicyclo,
398 1969 555 2048 problema
577 1989 663 2031 suum
687 1971 821 2050 utrisque
845 1970 1093 2033 accommodavit.
1141 1966 1230 2040 Quod
1254 1966 1280 2029 si
1305 1965 1472 2031 deAriatat·

139 2057 248 2119 chiaua
272 2056 384 2119 Terrae
407 2058 559 2122 volutione
584 2059 734 2134 scivisset,
759 2060 848 2121 credo
864 2060 1012 2141 equidem,
1037 2077 1131 2138 aeque
1147 2057 1236 2119 facile
1261 2055 1302 2119 ad
1316 2055 1473 2119 illamsuon

137 2145 294 2227 problema
321 2148 541 2210 conformasset
572 2167 607 2210 ac
629 2156 701 2229 post
730 2167 796 2210 eum
826 2147 1021 2229 Copernicus.
1067 2147 1203 2221 Deinde,
1236 2143 1264 2208 si
1286 2142 1472 2208 Aristarchum

139 2234 306 2315 exprimere
331 2236 493 2299 voluisset:
529 2237 600 2317 quid
628 2257 741 2319 quaeso
765 2258 839 2319 opus
871 2236 914 2300 illi
944 2237 1052 2300 luisset
1080 2254 1234 2309 asserere,
1263 2234 1343 2315 quod
1366 2240 1473 2295 centron

139 2323 298 2387 eccentrici
332 2325 501 2406 aequaliter
532 2345 598 2389 curn
622 2325 694 2389 Sole
725 2327 900 2390 moveatur?
946 2326 1068 2398 Quanto
1100 2325 1198 2406 majus
1231 2323 1359 2387 lecisset
1387 2336 1473 2401 operae

139 2413 357 2493 compendium,
374 2414 410 2489 si,
427 2415 505 2496 quod
521 2414 610 2478 hodie
626 2417 738 2498 Tycho,
755 2417 938 2479 asseruisset
956 2415 1086 2478 omnium
1104 2415 1295 2496 planetarum
1313 2419 1416 2474 centra
1427 2424 1473 2471 esst

139 2503 170 2565 iu
193 2500 277 2565 Sole.
323 2502 420 2577 Nunc,
445 2523 511 2567 cunr
535 2515 657 2585 separet
679 2513 785 2568 centra
806 2507 996 2587 planetarum
1019 2526 1039 2568 a
1060 2503 1132 2568 Sole
1156 2511 1188 2567 et
1210 2501 1406 2574 abinvicem,
1426 2514 1473 2560 cer·

140 2600 189 2653 tas
213 2598 246 2653 et
268 2592 454 2673 a'lychonis
477 2592 565 2673 longe
590 2594 726 2657 diversas
751 2604 849 2658 metas
864 2594 1065 2659 exstruendae
1089 2595 1204 2657 sormac
1223 2590 1394 2655 mundanae
1406 2605 1474 2669 prae·

139 2679 204 2743 lixit
231 2679 268 2743 iis
293 2682 343 2763 qui
372 2680 428 2743 hoc
451 2682 599 2746 voluerint
625 2693 792 2764 praestare.
839 2678 918 2748 Nam
948 2692 1019 2764 post
1041 2683 1129 2746 orbes
1153 2684 1258 2746 Lunae
1290 2688 1475 2763 systemate

139 2776 248 2851 quetur
270 2772 293 2847 t}
316 2790 382 2832 cum
405 2771 551 2852 epicyclo,
577 2792 669 2853 supra
692 2774 769 2836 hunc
795 2773 819 2847 Q
844 2793 910 2835 cum
934 2773 1068 2855 epicyclo
1087 2772 1175 2852 louge
1199 2768 1404 2850 amplissimo:
1432 2774 1476 2829 tun

139 2857 202 2921 Sol.
248 2858 291 2921 Et
318 2859 384 2938 jaun
416 2879 508 2939 supra
542 2860 646 2924 Solem
667 2863 695 2925 L
719 2864 760 2935 (si
792 2863 832 2924 ad
865 2864 987 2924 schema
1010 2860 1040 2925 5.
1073 2859 1260 2943 respexeris)
1283 2858 1329 2932 Ε,
1364 2864 1475 2921 esuum

139 2947 300 3013 eccentrici
324 2956 349 3019 d
373 2957 436 3011 tam
460 2949 522 3012 alte
546 2951 699 3013 sublatum
723 2952 901 3025 circumibit,
918 2959 954 3014 ut
974 2949 1028 3013 ΕΟ
1054 2953 1146 3033 (quae
1169 2956 1287 3012 certam
1310 2947 1404 3010 babet
1422 2960 1475 3026 pro·

138 3036 309 3116 portionem
333 3039 371 3100 ad
395 3038 463 3110 EF)
493 3040 610 3119 longior
639 3042 694 3115 sit,
724 3059 812 3120 quarn
835 3041 903 3114 EF,
936 3059 973 3103 ne
1002 3040 1082 3102 orbis
1110 3039 1193 3102 Solis
1220 3038 1384 3119 aliquando
1406 3027 1476 3097 llud

139 3135 268 3206 cogatur
296 3127 457 3206 hospitium
481 3130 641 3208 praehere,
677 3131 754 3211 quod
783 3130 920 3192 omnihus
948 3129 1008 3192 illis
1037 3128 1223 3210 impossibile
1250 3125 1348 3189 videri
1376 3134 1478 3188 necem

139 3224 197 3289 est,
222 3215 273 3297 qui
295 3215 466 3296 palpabiles
490 3224 522 3278 et
546 3218 757 3281 adamantinos
782 3219 870 3281 orbes
893 3238 959 3281 cum
974 3218 1141 3282 Aristotele
1161 3217 1297 3278 credunt
1343 3210 1478 3278 Hoceoiu

139 3313 196 3378 est,
223 3304 303 3385 quod
327 3324 520 3385 permagnam
544 3307 618 3370 lacit
642 3308 842 3370 differentiam
875 3308 954 3371 inter
976 3326 1065 3371 veras
1083 3305 1239 3387 Apollonii
1262 3304 1479 3386 hypotheseud

138 3412 202 3467 eas,
229 3412 304 3474 quas
327 3394 424 3457 Ursus
448 3394 495 3457 illi
518 3397 636 3477 affingit
659 3401 740 3470 (curn
759 3397 910 3480 Tychonis
934 3398 1021 3470 sint),
1046 3396 1124 3478 quod
1147 3396 1287 3476 utrinque
1312 3392 1480 3487 quidemn

138 3502 231 3563 supra
260 3483 513 3561 demonstratum,
549 3487 689 3557 stella&
717 3487 747 3548 in
772 3486 940 3548 eccentrico
971 3483 992 3548 2
1021 3486 1095 3549 locis
1124 3484 1250 3547 incurrit
1278 3492 1380 3546 metas
1406 3486 1479 3543 centn

137 3572 312 3636 eccentrici:
337 3573 363 3633 T
364 3573 471 3656 ychoni
499 3594 570 3636 vero
594 3577 719 3639 eaedem
742 3582 858 3652 metae,
892 3574 972 3638 idem
1004 3575 1132 3638 circulus
1156 3582 1205 3637 est
1236 3579 1269 3635 et
1291 3571 1376 3636 Solis
1397 3569 1479 3651 ipsiu

136 3662 238 3743 itaque
262 3671 287 3733 0¹
310 3662 354 3725 illi
379 3663 466 3744 louge
490 3665 570 3728 intra
594 3663 676 3727 Solis
700 3664 959 3745 propinquitatem
988 3663 1026 3725 ad
1051 3664 1161 3726 Terras
1190 3662 1368 3725 descendit:
1400 3652 1479 3738 Apol·

139 3751 218 3814 lonio
242 3752 363 3816 minime
388 3753 437 3814 vel
460 3763 543 3817 certe
568 3772 625 3816 nou
641 3755 830 3826 necessario;
855 3753 989 3836 Tychoni
1005 3753 1060 3814 hoc
1081 3773 1118 3815 ex
1132 3750 1395 3815 observationibus
1415 3762 1478 3809 con·

137 3849 266 3920 pertum,
291 3841 469 3905 diversitate
493 3850 637 3922 aspectus
661 3863 725 3905 rem
749 3842 891 3905 subtilem
913 3842 1136 3923 patefaciente:
1162 3839 1327 3922 Apollonio
1341 3838 1422 3901 nulla
1440 3832 1478 3895 ab

138 3937 281 4005 servata,
319 3931 426 4012 quibus
459 3932 644 3996 contrarium
673 3933 805 3994 evincat.
853 3929 905 3993 Sic
938 3950 1010 4012 ergo
1043 3938 1068 4001 d
1101 3931 1129 3992 in
1158 3928 1323 4012 Apollonio
1354 3937 1478 4006 nunquan

137 4017 277 4082 humilior
300 4017 371 4082 Sole
396 4020 562 4100 lingendus.

226 4109 270 4171 Ut
302 4114 403 4170 autem
436 4127 474 4170 ex
495 4108 651 4188 Apollonii
679 4108 897 4189 demonstratis
920 4116 1056 4171 centrum
1083 4107 1244 4170 eccentrici
1267 4105 1381 4171 Martis
1411 4116 1478 4180 supr·

140 4194 244 4260 Solem
263 4196 541 4260 circumducendum
564 4205 657 4272 esset,
682 4198 727 4260 ita
741 4197 865 4260 Saturni
889 4205 1022 4259 centrum
1047 4197 1126 4258 infra
1144 4195 1258 4271 Solem,
1282 4194 1412 4273 omniunt
1428 4203 1477 4251 ved

138 4285 227 4349 trium
255 4286 303 4348 vel
331 4285 515 4365 longissimis
545 4286 715 4349 intervallis
744 4306 836 4367 supra
861 4283 900 4363 Θ
925 4285 1081 4348 circumire
1115 4284 1188 4346 nihil
1218 4285 1389 4366 prohibeat
1429 4276 1476 4349 Qu

138 4374 225 4439 modo
256 4376 339 4438 nulla
366 4384 450 4437 certa
477 4375 555 4438 ratio
588 4377 646 4438 erit
677 4375 887 4457 proportiones
912 4375 1027 4438 orbium
1061 4384 1094 4437 ut
1122 4374 1203 4456 apud
1226 4368 1476 4439 Aristarsuuuet

139 4464 309 4546 Tychonem
333 4464 537 4545 investigandi
560 4465 617 4526 nisi
641 4466 715 4528 haec
738 4466 836 4539 unica,
862 4484 937 4545 quae
961 4484 980 4525 a
1004 4471 1144 4526 contactu
1167 4464 1282 4527 orbium
1306 4471 1339 4527 et
1362 4473 1475 4525 oceurw

138 4553 220 4615 tione
244 4562 348 4617 mutua
371 4552 496 4617 duorum
519 4554 711 4634 planetarum
734 4555 869 4617 cavenda
892 4553 1076 4616 desumitur:
1102 4571 1161 4632 qua
1184 4552 1303 4615 ratione
1327 4550 1400 4615 nibil
1419 4537 1475 4609 ahl

139 4640 264 4706 docetur
287 4661 377 4724 quam
401 4651 502 4705 certae
526 4651 641 4719 metae,
676 4645 756 4707 infra
781 4664 856 4725 quas
879 4644 1023 4723 planetae
1046 4661 1105 4704 nou
1129 4643 1332 4705 descendunt:
1360 4648 1393 4703 at
1412 4646 1475 4720 quad

139 4730 201 4794 alte
226 4751 318 4813 supra
340 4731 396 4795 has
419 4741 517 4795 metas
541 4733 729 4809 attollantur,
753 4732 954 4813 pervestigari
978 4732 1047 4793 hinc
1070 4731 1183 4812 nequit.

229 4822 334 4907 Usque
357 4822 433 4885 adeo
457 4840 567 4903 magua
590 4830 637 4887 eat
652 4823 730 4886 inter
744 4829 900 4906 utramque
916 4820 1095 4907 hypothesin
1114 4820 1297 4896 differentia,
1320 4819 1389 4885 dum
1404 4814 1476 4879 uteo
