3278 5542
700 290 784 371 iau
802 320 917 372 aarum
1106 282 1114 295 ’
1426 322 1488 392 197

121 478 241 535 iunium,
267 479 380 535 oasim
395 479 513 540 Tam,
536 493 671 543 omnuque
688 478 756 529 Deos
775 480 912 538 invocabit,
939 481 1029 530 misero
1051 482 1097 529 sibi
1116 481 1206 531 auxilio
1223 489 1254 532 ιιι
1270 485 1380 534 seniaut
1417 483 1492 536 Hunc
1552 524 1561 537 .

123 552 256 614 permittet
272 550 372 614 quidem
389 549 459 601 Dens
477 549 571 615 aliquot
589 564 669 600 anuos
686 563 745 599 mas
764 551 866 614 experiri
885 552 964 606 rires,
990 558 1018 600 ιιι
1039 551 1165 617 intelligat
1190 552 1311 616 denique,
1337 555 1427 606 bacuio
1445 571 1491 607 suo

123 622 233 671 rm'nime
247 635 279 671 ex
295 622 399 673 arama
416 621 525 685 periculo
541 635 569 671 ae
586 622 685 672 liberari
702 636 789 685 posses
809 635 887 684 porro,
905 624 1011 684 jamjam
1030 624 1139 673 animum
1158 624 1330 688 despondenti,
1349 627 1425 690 ipsius
1444 629 1489 677 mi-
1540 624 1547 635 ‘

124 700 208 742 sesua
226 690 307 749 Deua,
323 705 425 742 manum
442 692 553 757 porrigit,
572 705 696 756 manuque
716 691 749 740 ad
767 698 879 755 optatam
896 699 990 743 metam
1009 693 1128 756 perducit.

197 761 310 814 wau
328 762 461 813 uuonomi
480 769 519 813 est
536 765 592 827 ipsa
608 762 789 813 mathematica
806 776 851 813 sen
868 764 1019 827 geometria,
1047 777 1096 827 qua
1120 765 1185 813 riam
1209 770 1307 815 tentare
1331 773 1357 816 et
1375 766 1489 816 insistere

123 833 232 896 primum
250 832 335 883 audet
373 831 440 895 Quid
458 833 551 884 etenim
568 832 671 884 humani
688 832 782 898 ingenii
800 832 863 882 vires
887 833 920 882 ad
943 834 1039 883 divinas
1062 834 1108 883 has
1136 849 1175 884 res
1197 842 1297 898 amque
1316 851 1333 886 a
1350 837 1420 886 n'obis
1439 837 1487 886 dis-

124 904 188 954 sitas
210 903 297 966 procui
319 901 527 969 innsdgaudasl
563 902 629 964 Quid
648 903 814 970 caliginantes
833 902 917 953 oculi?
952 903 1058 953 Proinde
1075 905 1123 954 nisi
1143 903 1211 955 Deus
1235 905 1269 954 illi
1294 921 1337 970 pro
1357 920 1403 956 sua
1420 907 1489 957 beni·

124 975 226 1038 grrltate
243 980 325 1024 motu
342 974 454 1025 beroleos
471 973 594 1031 indiderit.
614 979 641 1023 et
658 980 778 1038 tauquam
794 988 871 1024 ιιιιιιιιι
888 989 933 1037 per
951 975 1196 1038 incomprehensibile
1209 976 1271 1025 alias
1289 978 1381 1026 rationi
1399 976 1487 1028 huma·

124 1059 175 1094 aas
192 1046 243 1094 iter
261 1045 398 1101 dedmuit,
415 1044 485 1095 haud
503 1045 656 1103 crediderim,
676 1045 728 1094 ulia
745 1046 772 1094 iu
789 1059 816 1093 re
836 1051 1002 1095 astronomum
1015 1059 1093 1096 saeco
1105 1047 1146 1094 illo
1164 1048 1373 1109 praestantiorem
1391 1055 1417 1099 et
1434 1048 1489 1098 feli·

124 1118 220 1167 dcem
231 1130 296 1171 aus,
312 1122 486 1180 mmmm
497 1116 563 1180 quod
574 1131 618 1166 suo
630 1117 731 1180 ingenio
744 1115 877 1179 aliquando
890 1115 977 1176 fideus,
997 1123 1025 1167 st
1042 1132 1085 1166 suo
1104 1117 1137 1166 illi
1156 1118 1246 1167 baoulo
1259 1118 1353 1168 divium
1372 1118 1491 1169 subibam

123 1186 247 1244 huss,
271 1188 353 1250 ipsam
370 1186 491 1239 Urauiam
516 1187 550 1237 ab
574 1187 658 1237 inferis
683 1193 826 1237 revocatam
845 1187 890 1236 sihi
909 1187 1129 1252 congratulabitur.
1166 1188 1214 1237 Ubi
1233 1194 1317 1238 autem
1336 1203 1387 1238 rem
1406 1203 1490 1239 noum

124 1266 198 1309 resta
214 1259 337 1322 repatuit
354 1256 405 1314 ria,
423 1271 452 1307 aa
468 1272 520 1307 uon
539 1258 674 1309 beatiorem
693 1256 791 1321 Orpheo
811 1272 865 1307 asse
884 1259 988 1314 sentiat,
1008 1259 1048 1322 qui
1067 1259 1165 1322 quidem
1184 1260 1266 1307 auimo
1285 1273 1356 1308 suam
1373 1273 1401 1308 se
1419 1259 1490 1310 Euri·

124 1328 200 1380 dieeu
218 1329 288 1394 sequi
306 1329 434 1382 carnemt,
453 1341 509 1377 oum
528 1342 558 1378 er
576 1342 633 1377 orco
652 1327 816 1395 saltabnndus
836 1328 991 1385 ascenderet,
1010 1335 1066 1393 post
1084 1344 1156 1384 vero,
1175 1336 1203 1378 ut
1222 1329 1255 1378 ad
1273 1344 1317 1379 ora
1335 1332 1426 1381 Averni
1444 1328 1492 1379 fuit

123 1406 285 1463 pareutum.
310 1412 385 1464 quam
403 1400 509 1449 maauaie
527 1397 620 1448 habere
638 1413 666 1448 se
688 1399 818 1464 sperabat,
843 1413 872 1448 eu
896 1398 972 1448 oculis
991 1400 1080 1449 iterum
1099 1399 1131 1449 ad
1150 1399 1240 1449 inferos
1259 1400 1363 1464 delapsa
1380 1401 1489 1451 evanuit.

196 1535 244 1600 88)
262 1554 286 1603 p.
306 1534 366 1588 itt.
404 1539 489 1604 Comp.
510 1541 680 1605 appendicem
700 1540 732 1589 ad
750 1541 838 1589 librum
857 1539 889 1588 V.
908 1539 1112 1591 Harmonicorum
1131 1540 1242 1606 Kepieri.
1275 1541 1411 1592 Ptolemu
1429 1541 1490 1592 har·

124 1612 239 1666 nonita,
259 1623 323 1674 quae
342 1611 441 1662 οάοιιᾶι
458 1612 504 1661 sihi
522 1618 682 1675 proposuerat
700 1611 837 1675 Ksplerur,
856 1626 905 1659 uon
923 1612 1072 1675 prodierunt.
1111 1610 1233 1671 Quaado
1252 1613 1289 1661 his
1308 1613 1456 1670 absolverat,
1476 1628 1491 1662 c

124 1683 302 1745 uuamptis
333 1680 435 1744 Kapisri
471 1682 595 1747 Petropoli
629 1683 780 1732 commatis
813 1682 927 1731 desumta
959 1683 1082 1732 addentur
1115 1683 1275 1733 Harmoniae.
1321 1684 1489 1734 wallisius

125 1751 334 1883 (Εκιιιοιὶίεέὂιθπί
359 1753 435 1803 libros
456 1752 495 1803 111
516 1753 654 1805 Ptolemaei
682 1769 738 1805 oum
766 1755 949 1803 commentariis
971 1753 1098 1818 Porphyrii
1124 1753 1201 1803 edidit
1226 1753 1337 1804 Oxoniae
1362 1769 1386 1806 a
1414 1751 1489 1804 rtet.

135 1837 219 1873 rasus.
314 1858 320 1872 .

200 1960 249 2024 30)
269 1980 292 2028 p.
314 1960 373 2013 iat.
404 1963 477 2015 Haeo
494 1979 539 2015 vox
560 1966 640 2017 „sacri
653 1970 793 2015 astronomo
806 1965 899 2014 numeri
920 1961 944 2019 θ,
966 1962 1008 2020 12,
1027 1960 1077 2012 60⁸⁶
1098 1980 1127 2013 eo
1146 1965 1259 2028 pertinet.
1279 1965 1344 2030 quod
1357 1968 1489 2016 astronomi

126 2037 193 2085 mio
212 2034 286 2085 modo
305 2034 353 2084 iliis
370 2036 409 2085 usi
427 2041 501 2093 tunt,
527 2052 549 2084 r.
570 2051 591 2086 c.
611 2036 739 2086 zodiacum
758 2035 888 2084 dividendo
911 2037 937 2084 in
963 2034 1092 2084 duodecim
1117 2036 1203 2099 rigua,
1229 2050 1272 2085 sex
1295 2034 1419 2092 borealia,
1445 2051 1488 2086 sex

124 2105 254 2165 amulio,
273 2107 426 2157 numerando
439 2103 492 2155 300
504 2108 606 2172 gradus,
626 2108 755 2157 duodecim
768 2108 828 2155 anni
840 2120 945 2159 menses,
964 2121 1006 2154 sex
1019 2105 1134 2169 planetas
1147 2104 1191 2155 ue.
1207 2104 1298 2169 (comp.
1313 2121 1372 2155 ann·
1385 2107 1488 2171 Kepleri

123 2178 147 2227 in
158 2177 345 2241 praefationem
355 2192 381 2242 g.
398 2192 421 2241 p
438 2175 510 2237 tto).
540 2177 613 2238 Quod
624 2192 680 2227 vero
692 2179 718 2225 iu
731 2178 903 2226 astronomicis
916 2177 1138 2239 computationibus
1157 2177 1361 2241 frequentabatur
1371 2192 1487 2228 numeros

123 2243 167 2304 to,
188 2247 286 2297 statum
305 2254 352 2304 est,
371 2255 401 2297 nt
417 2248 514 2312 plurimi
528 2251 670 2305 astronomi,
689 2249 730 2313 qui
749 2247 879 2297 ediderunt
897 2247 995 2296 tabulas
1013 2248 1207 2303 astrouomioas,
1225 2249 1413 2311 praemitterent
1432 2255 1487 2306 „ta-

119 2318 210 2371 hieu
228 2319 445 2383 maganariaffl,
465 2325 491 2369 et
502 2319 625 2375 librorum,
645 2320 811 2371 astronomiae
823 2325 957 2382 praecepta
969 2318 1128 2376 trademium,
1149 2319 1218 2367 multi
1236 2319 1357 2368 referrent
1376 2319 1486 2383 ,logisti-

119 2402 179 2440 cam
199 2389 417 2454 sexagenariam“.
445 2388 517 2450 Quae
537 2390 682 2455 ,logistica“
703 2405 777 2453 quum
795 2391 895 2453 saepius
913 2396 1027 2438 occurrat
1044 2390 1069 2437 in
1083 2390 1179 2451 scriptis
1192 2389 1304 2452 Kepleri,
1322 2389 1386 2439 haec
1401 2390 1488 2452 paucis

118 2460 239 2511 notanda
257 2471 400 2510 censemus:
429 2460 556 2510 Camillis
575 2462 723 2526 temporibus
742 2462 874 2511 fractiones
894 2459 1027 2509 decimales
1045 2460 1153 2508 nondum
1171 2461 1197 2509 in
1215 2475 1261 2510 usu
1280 2467 1378 2516 arent,
1406 2467 1485 2511 astro·

118 2532 191 2580 ssomi
210 2531 244 2580 ad
262 2530 439 2581 sublevandum
452 2530 574 2581 calculum
588 2547 710 2592 numeros,
729 2546 829 2596 quorum
842 2531 989 2595 praecipuus
1002 2530 1061 2593 ipsis
1073 2545 1131 2579 usus
1145 2539 1207 2586 erat,
1228 2529 1270 2588 60,
1293 2525 1347 2593 ¹i„‚
1369 2526 1487 2594 ¹(um-dte.

118 2601 198 2651 n'mili
215 2602 269 2651 fera
287 2603 382 2651 ratione
401 2601 565 2657 adhibebant.
590 2618 639 2668 qua
657 2617 722 2652 nunc
740 2603 874 2651 fractiones
892 2600 1026 2650 decimales
1045 2606 1160 2659 utuntur,
1181 2603 1323 2650 omittentes
1342 2601 1487 2651 denomina-

118 2678 206 2728 Ιοηιι
233 2674 270 2721 ita
287 2680 316 2723 ut
334 2669 370 2719 00
387 2674 496 2724 unitates
515 2673 606 2723 ordinis
624 2674 759 2725 inferioris,
785 2669 797 2718 i
818 2673 942 2722 unitatem
964 2671 1056 2720 ordinis
1080 2673 1210 2735 superioris
1236 2678 1360 2736 aequeut;
1384 2673 1437 2722 sira
1459 2678 1488 2722 ut

118 2744 206 2793 verbis
224 2744 350 2806 scriptoris
367 2743 464 2794 iilormn
481 2750 619 2808 temporum
637 2743 706 2806 (Seis.
726 2743 884 2799 Theudorici,
911 2744 950 2792 cui
974 2744 1006 2791 ab
1031 2743 1090 2791 urbe
1113 2745 1195 2805 patria
1218 2742 1369 2792 Winshemio
1396 2756 1487 2793 noman

118 2821 180 2871 ast,
206 2815 233 2863 iu
249 2813 345 2864 libello:
373 2814 503 2880 Logistica
521 2817 695 2866 astronomica
716 2811 796 2873 15⁶³)
815 2821 929 2863 utamur:
955 2815 1140 2877 ,integrum
1158 2814 1265 2864 medium
1284 2814 1366 2863 locum
1384 2814 1488 2872 obtinet,

118 2885 301 2935 tellectum
325 2887 492 2951 magnesia
516 2887 642 2939 additione
669 2887 797 2937 consatuit
821 2898 1002 2949 sexagenamm
1025 2884 1150 2940 ordinem,
1176 2884 1318 2934 divisum
1343 2899 1400 2934 sero
1418 2897 1491 2935 aaa*

118 2956 232 3022 parm
249 2957 368 3007 matous
386 2956 463 3008 aflicit
479 2958 648 3020 scrupulorum
667 2956 802 3007 ordinem.“

195 3092 245 3158 to)
262 3111 286 3160 p.
308 3093 367 3146 ito.
403 3096 477 3148 Hane
495 3097 526 3149 de
545 3097 700 3149 confessuris
719 3098 824 3146 motibus
844 3096 991 3146 coelestibus
1014 3109 1070 3145 oum
1088 3094 1154 3143 sonis
1172 3094 1321 3145 harmonicis
1340 3094 1487 3158 disputatio·

119 3180 183 3218 nam
209 3172 236 3216 st
259 3168 386 3233 omnaque
410 3183 466 3218 curn
489 3170 599 3220 sectione
617 3169 702 3218 circuli
720 3170 745 3217 in
764 3174 847 3231 partes
868 3166 1035 3225 „rationales”
1061 3168 1285 3229 comparationem,
1311 3179 1385 3229 quam
1403 3166 1489 3228 paucis

119 3236 167 3289 iric
184 3238 304 3296 absolsit,
322 3237 446 3303 Koplerus
464 3240 530 3290 brari
548 3247 605 3304 post
623 3240 717 3289 editum
736 3239 895 3288 Prodromum
913 3238 1022 3301 pluribus
1041 3237 1192 3301 aggreditur,
1212 3237 1377 3286 fundamenta
1392 3237 1489 3298 jaciens

119 3310 206 3375 npsrlr
223 3308 289 3359 mins
313 3309 476 3367 cdsherrimi,
506 3310 674 3369 „Harmoniae
694 3309 814 3365 Mundi,“
840 3312 865 3358 iu
891 3324 939 3373 quo
961 3323 1013 3359 rem
1037 3309 1135 3372 propius
1162 3308 1195 3357 ad
1218 3315 1297 3357 artem
1319 3309 1490 3370 rationemque

121 3387 236 3431 mab·
519 3424 522 3431 .

195 3451 335 3502 Primordia
351 3450 424 3514 hujus
443 3450 616 3516 disputationis
641 3451 736 3500 subtilis
761 3459 787 3500 et
810 3451 939 3500 abstrusae
964 3449 1170 3512 deprehendimus
1192 3450 1217 3499 iu
1243 3448 1320 3498 literis
1344 3447 1376 3498 ad
1394 3446 1490 3498 Maesa

127 3522 204 3575 hum
222 3523 289 3573 datis
308 3521 332 3573 d.
353 3519 395 3572 20.
414 3523 480 3589 Aug.
502 3520 583 3580 tote,
604 3524 644 3574 cui
662 3522 726 3573 baso
744 3522 775 3571 da
794 3522 881 3571 studiis
899 3522 949 3570 suis
967 3521 1057 3570 refert:

203 3632 270 3686 Jam
283 3635 392 3700 tempus
407 3636 459 3692 est,
473 3637 510 3685 ut
524 3631 588 3685 tihi
603 3647 732 3702 quoque
747 3630 932 3684 studiorum
948 3643 1091 3681 meorum
1108 3626 1278 3681 rationem
1292 3626 1436 3679 reddam.
1460 3624 1489 3678 si

127 3710 272 3783 Tubingae
293 3726 391 3774 ersom,
416 3726 515 3764 norum
536 3711 657 3781 aliquem
671 3717 700 3764 et
714 3712 825 3763 brevem
840 3709 964 3761 libellum
985 3707 1142 3760 meditarer.
1171 3706 1244 3760 Sane
1260 3705 1325 3774 quia
1339 3703 1490 3757 rectissime

127 3790 292 3847 laestliuus
306 3789 359 3843 mei
378 3789 511 3845 similibus
535 3790 653 3844 dixerit:
677 3790 735 3843 siue
758 3807 800 3843 me
822 3788 890 3841 nihil
905 3787 1023 3857 potestis
1043 3787 1145 3839 facore.
1176 3785 1245 3838 Nam
1260 3782 1491 3853 cosmographiae

127 3871 237 3927 libellos
252 3871 291 3925 IV
314 3886 369 3924 non
389 3871 531 3933 tractabo,
557 3869 606 3924 nisi
627 3869 764 3940 Tyehonis
787 3868 951 3921 editionibus
974 3866 1163 3935 supervixero.
1202 3865 1310 3918 Titulus
1331 3864 1417 3916 libro:
1439 3863 1490 3915 De

127 3949 311 4006 Harmonia
324 3950 443 4004 mnndi.
472 3950 574 4021 Arrige
589 3966 679 4004 aures.
709 3946 830 4020 Εὐρηκα.
860 3948 978 4002 Primum
991 3945 1140 4015 dupliciter
1154 3944 1363 3998 considerautur
1380 3941 1489 4013 quanti·

126 4039 206 4086 tates.
229 4034 288 4084 Διιι
296 4029 325 4084 iu
335 4036 437 4100 quarta
447 4032 508 4098 (sie)
523 4030 616 4100 specie
626 4028 779 4100 qualitatis,
796 4037 825 4081 et
839 4029 909 4081 flunt
924 4028 940 4081 5
953 4042 1070 4096 corpora
1083 4024 1234 4095 reguilaria,
1255 4023 1489 4085 13Arohimedea,

126 4118 155 4165 et
170 4111 267 4165 forsan
287 4110 393 4180 aliquot
406 4110 590 4177 Kepleriana,
612 4107 762 4178 cujusmodi
784 4125 867 4162 unum
889 4108 939 4162 tibi
961 4108 1021 4160 loeo
1042 4105 1181 4160 honorarii
1203 4105 1282 4158 mitto
1297 4103 1491 4157 conficiendum

127 4190 206 4246 isthic
220 4208 259 4245 ex
280 4189 420 4244 duodecim
445 4186 469 4258 li
488 4212 494 4244 ε
518 4190 606 4260 possit
624 4191 696 4243 enim
706 4189 771 4258 jure
786 4189 883 4241 morito
899 4188 971 4242 inter
985 4186 1130 4257 regularia
1143 4184 1253 4246 referri,
1270 4183 1322 4236 nisi
1337 4183 1407 4253 quod
1422 4181 1491 4236 nihil

127 4277 170 4325 est
183 4271 271 4335 aliud,
287 4285 369 4339 quam
383 4270 575 4325 dodeeaiidron
589 4276 699 4324 auctum
715 4269 777 4337 (sed
791 4261 1025 4339 regularissime).
1050 4266 1132 4319 Alter
1145 4264 1333 4334 quantitatum
1347 4269 1490 4333 respectua

127 4356 170 4406 est
182 4368 239 4405 non
252 4366 490 4424 cupmonorqorr,
513 4351 561 4404 aed
576 4349 744 4420 comparatio
760 4365 851 4402 rerum
865 4348 994 4417 ipsarum,
1010 4361 1081 4416 quae
1096 4352 1161 4398 sunt
1175 4344 1202 4398 iu
1216 4359 1345 4417 σωμασιν
1359 4343 1386 4395 in
1400 4340 1491 4412 planis

128 4431 264 4486 etsoiidis
279 4429 466 4501 regularibus.
496 4429 539 4486 Ibi
554 4430 626 4484 euim
640 4430 767 4484 metimur
785 4428 891 4490 latera,
917 4427 1036 4498 angulos
1057 4424 1117 4487 du,
1144 4426 1195 4478 hoo
1219 4432 1275 4485 est,
1301 4435 1491 4491 comparamus

127 4510 177 4565 illa
190 4514 228 4565 ad
242 4516 347 4565 certam
361 4527 526 4566 mensuram.
555 4509 607 4564 Sed
626 4510 697 4563 haec
716 4515 807 4578 extre,
818 4508 905 4560 oleas.
936 4508 1005 4560 iilud
1025 4522 1108 4559 uuum
1129 4506 1276 4558 tenendum
1297 4503 1357 4564 hic,
1380 4515 1491 4572 geone

127 4591 198 4646 iriae
221 4590 362 4660 objectum
380 4607 443 4645 esse
457 4595 562 4663 lorove
580 4597 610 4644 et
630 4587 789 4659 drcioyscr.
818 4587 971 4658 διάλογος
990 4585 1137 4654 simplicior
1151 4591 1181 4638 et
1193 4583 1276 4653 prior.
1304 4587 1414 4653 Λογων
1428 4584 1494 4633 suut

127 4670 233 4734 induiti,
254 4676 286 4724 ut
300 4678 386 4724 autea
400 4669 614 4740 superficierum,
634 4675 667 4723 ut
681 4684 832 4736 corporum.
860 4667 915 4721 Sed
928 4674 1021 4722 tamen
1037 4664 1285 4726 demonstrandum,
1307 4680 1370 4716 esse
1388 4675 1491 4731 pausos

127 4751 236 4823 aliquos
249 4750 381 4820 pulchros
393 4750 520 4815 eximios,
542 4758 574 4804 et
591 4751 627 4804 ad
645 4747 849 4803 similitudinem
870 4763 1015 4816 corporum
1035 4746 1189 4814 regulares.
1217 4745 1274 4797 Eos
1289 4758 1386 4796 sensus
1401 4738 1493 4810 prodit

126 4830 154 4889 ia
172 4831 296 4890 uaria:
322 4823 361 4892 l..
379 4826 421 4895 Ἷι,
444 4824 486 4896 Ἰ..
503 4824 544 4895 'fa
561 4822 603 4895 ¹10,
622 4825 664 4894 ⁸10,
682 4822 724 4892 Ἰ..
742 4822 773 4888 ‘is
794 4844 856 4881 cum
875 4826 931 4881 auis
946 4824 1140 4895 oornpletoriis.
1169 4822 1218 4878 isti
1235 4827 1320 4894 loyor
1339 4828 1405 4876 sunt
1423 4835 1493 4877 soo-
