3278 5542
704 102 866 156 emonem
1378 110 1423 181 69

57 264 144 332 test,
179 276 269 340 qnam
299 259 433 323 foramen
466 280 504 324 ex
531 262 597 329 alta
623 263 716 338 turri,
741 264 883 346 locusque
911 267 967 329 snb
992 287 1028 331 ea
1051 270 1218 335 umbrosus.
1265 270 1426 337 Rotundus

58 346 141 409 euim
164 345 247 410 Solis
273 349 377 413 radius
400 350 502 429 optics
523 352 641 414 ratione
663 371 718 431 per
742 355 874 416 foramen
903 354 1095 434 ingrediens,
1120 359 1146 420 si
1176 379 1213 421 ex
1248 361 1368 443 obliquo
1396 364 1426 425 in

58 436 187 516 planum
208 436 332 512 incidat,
357 439 476 518 ellipsin
499 441 606 521 pingit,
631 442 717 521 cujus
741 461 779 503 ex
803 443 892 523 longa
915 452 947 505 et
970 447 1053 509 brevi
1078 448 1235 524 diametro,
1261 451 1287 511 si
1311 452 1427 532 ellipsis

60 525 141 587 satis
165 544 276 607 magua
298 526 355 603 sit,
380 536 454 608 puta
478 536 515 590 e'x
540 531 606 591 loco
631 531 706 604 alto,
736 533 823 611 plura
846 552 902 612 ego
926 535 1085 614 colligam,
1118 556 1205 618 quam
1229 558 1267 600 ex
1291 541 1427 602 omnibus

61 615 293 695 quadrantibus,
317 618 501 693 astrolabiis,
529 620 665 690 armillis,
690 620 815 695 baculis,
841 630 873 683 et
895 623 1051 685 similibus.

151 704 199 766 De
223 705 482 769 observationibus
506 710 585 789 quod
610 703 836 785 me'sollicitas,
856 712 919 790 jam
936 713 1050 790 pridem
1070 714 1163 774 habes
1184 715 1258 775 duas
1278 715 1426 796 insignio-

61 813 111 854 res
136 793 175 854 de
198 795 346 856 Metennio
370 804 402 858 et
423 796 545 860 Polari:
570 798 713 860 Nonnihil
738 799 829 860 etiam
857 800 973 862 videbis
1004 802 1032 864 in
1066 821 1132 863 meo
1165 804 1358 883 prognostico
1387 806 1426 867 ad

61 901 174 944 annum
215 879 313 959 1599,
351 885 430 964 quod
470 886 500 947 in
543 887 619 948 huuc
647 887 734 948 finem
772 888 869 965 adjeci
903 889 1000 951 literis
1033 891 1126 952 hisce.
1175 893 1338 955 Praeterea
1365 893 1426 955 fere

61 972 136 1034 nihil
161 972 275 1046 habeo,
305 973 362 1036 uisi
393 974 466 1037 illud
495 984 525 1036 te
551 978 681 1038 fortasse
706 977 855 1051 delectet,
882 977 929 1039 die
954 976 1007 1042 25.
1033 978 1119 1059 Sept.
1145 999 1231 1041 mane
1256 981 1426 1042 corleonis

61 1082 80 1121 a
103 1062 227 1123 Venere
255 1062 379 1142 eclipsin
404 1082 471 1125 esse
490 1084 623 1144 passum,
648 1066 737 1145 plane
762 1074 795 1127 ut
818 1074 889 1127 aute
913 1086 1008 1129 annos
1032 1077 1111 1131 octo.
1165 1068 1301 1149 Eclipsiu
1324 1077 1425 1132 tamen

60 1152 126 1230 ipse
156 1169 216 1212 nou
248 1151 328 1226 vidi,
365 1172 421 1215 nec
458 1154 615 1236 quisquam
650 1156 679 1216 in
717 1156 772 1216 hoc
811 1163 874 1217 toto
908 1156 1073 1221 occidente.
1135 1155 1286 1236 Colligere
1325 1166 1426 1221 autem

59 1240 144 1319 potui
182 1240 286 1319 paucis
320 1248 390 1303 ante
421 1241 547 1304 Veneris
576 1251 673 1305 ortum
705 1244 786 1306 horis
824 1240 980 1306 accidisse.
1037 1246 1117 1308 Nam
1154 1247 1268 1308 oriente
1304 1248 1424 1309 Venere

60 1329 143 1390 nullo
173 1329 261 1390 modo
295 1330 396 1392 videre
434 1350 485 1394 cor
516 1332 617 1409 potui,
660 1333 714 1394 sed
750 1341 821 1413 post
854 1341 951 1394 ortum
984 1335 1048 1413 ejus
1077 1355 1135 1396 una
1168 1335 1242 1396 hora
1270 1336 1424 1415 separatio

59 1426 151 1479 tanta
184 1417 254 1491 fuit,
294 1438 331 1481 ex
359 1439 418 1500 qua
451 1422 622 1500 conjectata
649 1422 817 1502 conjunctio
851 1430 921 1483 ante
954 1431 1051 1485 ortum
1083 1424 1222 1485 cadebat.
1283 1424 1425 1487 Vidisses

61 1506 262 1570 differentiam
290 1508 364 1569 lucis
392 1508 422 1570 iu
450 1516 576 1590 utraque
605 1511 705 1572 stella.
752 1510 895 1573 Rubebat
918 1512 1003 1573 enim·
1020 1531 1071 1573 cor
1094 1511 1241 1586 nonnihil,
1279 1513 1426 1594 etquasi

59 1596 250 1675 pellucebat,
274 1597 399 1677 perinde
423 1599 508 1679 quasi
532 1599 637 1662 Venus
661 1599 750 1662 lactis
774 1601 953 1676 crassitiem,
979 1620 1030 1663 cor
1053 1620 1149 1682 aquae
1166 1601 1307 1680 limpidae
1322 1603 1425 1665 tenui;

60 1692 160 1748 tatem
183 1685 361 1748 imitaretur.

151 1772 281 1844 Quaeris
310 1783 342 1836 et
374 1775 411 1836 de
438 1777 560 1858 reliquis
584 1777 692 1838 studiis
725 1778 815 1850 meis,
858 1786 890 1839 et
918 1796 1039 1856 operam
1066 1777 1218 1856 polliceris
1249 1777 1425 1854 adjutandis

61 1864 137 1926 meis
157 1864 428 1926 observationibus.
462 1866 503 1927 Et
526 1865 742 1928 humanitatem
765 1868 843 1928 hanc
866 1866 981 1946 pridem
996 1866 1115 1946 quidem
1130 1867 1298 1944 degustavi,
1319 1876 1426 1947 gratus

61 1972 206 2033 agnosco,
231 1972 286 2015 nec
309 1954 477 2017 mehercule
501 1965 660 2017 contemno
685 1964 738 2017 aut
760 1954 880 2034 rejicio:
906 1963 1039 2017 ceterum
1063 1955 1092 2016 iu
1117 1955 1192 2016 haec
1216 1966 1353 2033 tempora
1375 1955 1424 2018 in-

61 2042 200 2116 cidimus,
225 2041 254 2102 in
279 2043 384 2121 quibus
409 2044 569 2106 hebescere
594 2044 784 2105 solertissimi
810 2045 953 2124 cujusque
973 2045 1078 2114 aciem,
1099 2044 1255 2105 deferbere
1276 2045 1423 2119 ardorem,

63 2138 190 2193 conatus
214 2131 340 2210 opprimi
364 2151 488 2194 necesse
512 2133 561 2194 sit.
597 2131 676 2203 Quid
701 2133 800 2195 enim?
824 2134 852 2194 in
878 2132 982 2214 Styria
1007 2133 1170 2194 rnaueam?
1194 2153 1231 2193 an
1248 2132 1424 2194 discedam?

61 2220 168 2300 Neque
191 2239 238 2281 me
262 2220 403 2301 reprimo,
429 2223 478 2302 qui
502 2222 667 2284 studiorum
691 2221 745 2284 tibi
769 2228 901 2284 meorum
926 2241 1015 2302 quam
1040 2221 1260 2302 penitissimum
1285 2222 1425 2283 notitiam

63 2308 165 2388 aperui
191 2309 294 2389 (quam
319 2310 495 2372 facilitatem
521 2310 687 2391 agnovisti,
714 2319 747 2373 ut
770 2312 887 2384 video),
918 2311 987 2391 quin
1012 2319 1043 2372 et
1067 2311 1192 2372 affectus
1218 2309 1309 2371 animi
1333 2319 1423 2389 pate-

63 2397 186 2459 faciam:
216 2396 306 2468 Quod
329 2407 361 2459 tu
386 2399 516 2462 fortasse
540 2401 656 2479 gaudes
686 2402 735 2471 (ut
757 2408 829 2461 sunt
851 2400 1011 2474 humana),
1037 2400 1137 2460 idme
1163 2400 1263 2460 dolere
1288 2399 1424 2461 acerbis-

63 2486 135 2547 sime
160 2505 286 2549 necesse
310 2496 367 2549 est.
415 2487 606 2551 Christianus
629 2508 709 2560 sum,
743 2489 953 2569 Augustannm
981 2488 1199 2549 confessionem
1228 2506 1265 2548 ex
1298 2488 1426 2550 institu-
1494 2511 1497 2515 ·

64 2575 142 2636 tione
166 2585 335 2656 parentum,
360 2596 397 2637 ex
421 2577 587 2640 rationibus
613 2577 735 2656 saepius
760 2579 798 2639 ad
823 2578 967 2639 trutinam
983 2577 1143 2652 revocatis,
1164 2595 1201 2636 ex
1222 2576 1424 2638 tentationum

64 2665 246 2744 quotidianis
271 2666 421 2727 exercitiis
445 2666 545 2741 hausi,
580 2667 657 2728 hanc
687 2667 866 2745 amplector,
896 2667 1036 2728 simulare
1065 2685 1123 2726 non
1153 2664 1257 2738 didici,
1290 2665 1370 2727 seria
1393 2665 1423 2726 in

63 2753 255 2833 religionibus
280 2762 389 2827 tracto,
413 2774 471 2816 non
497 2756 620 2830 ludicra,
646 2774 736 2836 quare
756 2764 788 2816 et
811 2755 889 2816 serio
914 2756 950 2816 de
974 2754 1127 2833 religionis
1143 2752 1296 2824 exercitio,
1315 2772 1423 2814 sacra-

64 2851 230 2905 mentorum
249 2863 303 2904 usu
328 2852 445 2923 satago.
495 2843 574 2915 Quid
603 2845 723 2905 autem?
768 2844 868 2923 Ejecti
902 2852 972 2905 sunt
1000 2844 1082 2905 hisce
1110 2841 1286 2922 provinciis,
1316 2841 1423 2922 quibus

63 2931 252 2993 intemnntiis
275 2933 421 2996 hacteuus
444 2952 510 2995 cum
535 2934 599 2995 Deo
619 2933 682 3013 egi:
721 2932 827 3013 quibus
865 2933 933 2994 aliis
971 2951 1061 3012 agere
1092 2950 1211 3012 possem
1244 2949 1311 2992 cum
1345 2931 1421 3005 Deo,

64 3018 163 3081 iinon
188 3020 395 3084 admittuntur.
446 3022 497 3083 Ad
531 3024 609 3084 haee
633 3022 744 3083 salario
773 3023 858 3095 vivo,
891 3041 944 3102 pro
973 3021 1143 3082 conditione
1174 3020 1244 3093 loci,
1278 3037 1422 3099 perquam

63 3109 158 3183 tenui;
188 3128 258 3189 spes
287 3119 355 3172 erat
389 3111 537 3173 auctionis
561 3110 781 3190 in‘posterum;
813 3110 878 3191 quis
908 3107 1052 3190 augebit?
1097 3108 1274 3171 Proceribus
1293 3107 1422 3169 ademti

63 3206 131 3258 suut
155 3216 267 3272 omnes,
294 3199 343 3280 qui
368 3199 555 3279 religionem,
582 3200 631 3280 qui
660 3211 741 3261 artes
772 3199 869 3279 magis
901 3199 1089 3260 necessarias
1119 3198 1308 3271 tractabaut3
1338 3197 1422 3259 solus

63 3295 200 3366 superest
222 3287 462 3364 mathematicus,
488 3298 550 3368 quo*
569 3309 672 3351 carere
688 3290 817 3350 omnium
834 3289 975 3350 facillime
990 3306 1079 3367 posse
1098 3305 1275 3366 persuasum
1297 3285 1420 3347 habent.

63 3375 95 3434 ln
117 3384 209 3437 tanta
231 3378 473 3451 exacerbatione,
500 3387 548 3439 tot
570 3380 713 3441 bonorum
737 3379 866 3439 virorum
891 3378 998 3451 exiliis,
1026 3395 1085 3456 qna
1109 3375 1205 3435 fronte
1220 3373 1326 3436 otiosis
1346 3373 1421 3435 meis

64 3464 318 3542 speculationibus
342 3467 471 3546 amplius
497 3468 647 3547 quidpiam
671 3467 806 3545 petiero?
853 3466 959 3545 ltaque
987 3466 1013 3527 si
1041 3466 1186 3543 languent
1217 3481 1285 3523 mea
1308 3461 1420 3537 studia,

64 3552 87 3611 si
114 3560 246 3615 conatus
273 3553 475 3631 intercidunt,
505 3557 533 3618 si
562 3555 795 3634 exoptatissima
827 3555 1070 3633 Magnificentius
1103 3560 1174 3613 tuae
1207 3550 1421 3630 promtitudioe

63 3642 97 3701 ad
121 3645 342 3722 promovendas
366 3665 449 3707 meas
473 3644 701 3706 observationes
725 3653 756 3705 et
780 3644 963 3704 conficienda
984 3643 1181 3704 instrumenta
1201 3641 1228 3700 iu
1248 3638 1422 3717 praesentia
1448 3677 1452 3705 l

64 3731 103 3791 uti
127 3750 252 3812 nequeo,
278 3733 476 3796 habitationis
501 3753 543 3796 ac.
569 3735 717 3795 incertus:
743 3734 861 3811 culpam
881 3750 995 3793 omnem
1011 3732 1040 3792 iu
1059 3728 1223 3808 religionis,
1238 3728 1268 3789 iu
1288 3728 1420 3790 familiae

63 3838 163 3882 curam
186 3821 333 3883 conferes.
380 3824 487 3884 Petam
511 3832 612 3885 tamen
638 3826 689 3896 (ne
713 3830 902 3883 contemnere
927 3818 1166 3882 benevolentiam
1190 3826 1273 3879 tuam
1290 3817 1420 3890 videar),

64 3910 138 3990 quod
163 3909 236 3971 mihi
258 3909 328 3972 vivo
351 3930 469 3991 semper
492 3913 565 3974 utile
591 3912 657 3972 erit.
705 3909 976 3972 Observationibus
998 3908 1139 3970 Wemeri
1162 3924 1261 3967 careo.
1306 3905 1420 3968 Exem-

63 3998 159 4077 plaria
195 4008 267 4078 post
306 4006 353 4061 tot
390 4019 485 4063 anuos
521 4000 668 4062 distracta
700 4000 799 4062 omnia
841 3998 991 4060 existimo.
1043 3997 1077 4058 Si
1109 3996 1187 4076 quod
1219 4013 1312 4074 penes
1355 3994 1421 4055 Vos

64 4089 217 4167 exemplar
240 4096 298 4163 est,
314 4088 345 4149 id
368 4108 508 4169 proceres
533 4089 627 4151 nostri
652 4089 756 4151 libenti
785 4089 883 4149 animo
907 4095 1136 4167 quantacunque
1159 4084 1286 4165 pecunia
1307 4082 1420 4144 biblio-

64 4176 265 4263 thecaetsuae
289 4187 437 4241 asserent.
489 4177 551 4240 Sed
579 4186 610 4238 et
638 4178 664 4238 si
696 4178 762 4257 quis
795 4177 873 4238 alius
901 4174 1128 4267 observationes
1161 4191 1233 4234 suas
1262 4172 1291 4232 in
1325 4171 1421 4232 lucem

65 4265 223 4338 edidisset,
249 4265 316 4345 ejus
349 4286 405 4348 ego
429 4287 534 4328 nomeu
560 4267 587 4328 si
610 4267 720 4338 sciero,
755 4265 964 4328 adminiculum
993 4264 1022 4324 id
1047 4263 1117 4326 mihi
1142 4261 1201 4323 erit
1223 4257 1419 4338 comparandi

65 4355 172 4432 operis.
219 4352 300 4424 Quin
325 4355 384 4417 imo
408 4356 456 4417 vel
479 4356 609 4435 scriptas
634 4375 718 4429 amo,
753 4356 841 4416 modo
873 4355 909 4416 de
938 4352 1061 4413 artificis
1093 4360 1124 4413 et
1148 4347 1338 4411 amanuensis
1362 4348 1420 4409 lide

65 4451 211 4505 constent.
259 4443 360 4523 Atque
394 4445 450 4506 hec
483 4446 512 4506 in
543 4464 574 4506 re
604 4454 675 4524 post
703 4453 818 4505 sumtus
843 4443 882 4503 ad
906 4443 1106 4503 iustrumenta
1129 4439 1202 4501 nihil
1226 4437 1299 4499 mihi
1321 4436 1420 4516 majus

65 4532 108 4592 vel
132 4551 186 4593 rex
210 4531 359 4613 quispiam
386 4542 542 4613 praestare
566 4532 673 4614 possit,
695 4553 783 4614 quam
807 4531 1013 4611 hujuscemodi
1032 4528 1275 4591 observationum
1302 4526 1420 4606 copiam

67 4619 211 4683 iaciendo.
