3278 5542
136 321 202 389 330
328 304 339 313 “
555 320 657 372 arans
675 320 777 386 mser
798 320 949 386 monaque
966 329 1070 373 maa

136 493 167 542 et
192 486 430 559 temperamenta
452 479 568 541 simul·
601 478 728 540 Nonnisi
753 478 835 559 origo
859 479 1013 559 utriusque
1037 500 1073 541 ex
1098 480 1198 542 animo
1221 489 1317 558 esset,
1342 487 1482 559 artepon-

136 581 183 631 set
209 588 274 631 cunr
299 569 449 630 contrario
473 568 649 650 permutari.
697 565 777 638 Quid
803 576 834 629 tu
855 568 944 648 jam?
991 569 1226 642 inclinationes,
1252 570 1320 645 ais,
1344 576 1484 633 mutantur

135 679 201 722 cunr
226 656 397 728 aetatibus:
423 665 456 719 at
480 676 537 718 nou
561 665 771 736 permutantur
795 655 969 730 contrariis,
994 658 1048 720 sed
1072 657 1300 734 imminuuntur,
1336 666 1483 723 transeant

137 749 164 808 in
191 756 337 825 cognatos
360 745 523 825 proximos,
549 754 709 824 praeterea
732 747 788 807 hoc
813 746 884 807 nihil
910 747 947 808 ad
971 766 1044 810 rem.
1091 748 1254 811 Inclinatio
1267 748 1351 811 enim
1374 747 1418 811 sio
1438 767 1483 811 nc·

136 846 227 915 cepta
249 835 283 896 lit
306 834 589 914 particularissima,
622 843 655 896 ut
678 836 761 915 pueri
787 835 824 895 ad
849 855 950 896 nuces.
998 835 1063 916 Ego
1088 856 1160 898 vero
1182 838 1290 917 loquor
1312 837 1353 897 de
1376 836 1484 898 miver-

138 926 193 986 sali
219 925 395 986 charactere
421 924 657 998 inclinationum,
683 924 731 1004 qui
756 925 857 1002 negari
878 942 935 985 nou
950 932 1063 1004 potest,
1087 933 1275 1007 apparetque
1288 942 1345 1007 pro
1363 930 1484 989 aetatum

137 1013 321 1083 conditione,
351 1011 520 1074 euidentius
545 1012 637 1088 alid-s,
672 1011 749 1074 alitia
774 1013 940 1074 obscurius.
987 1013 1144 1093 Nusquam
1167 1021 1200 1077 tu
1223 1012 1380 1097 copiosius
1402 1033 1483 1095 argu·

137 1101 281 1165 menteris
305 1101 474 1182 probasque
498 1102 602 1174 valde,
637 1102 778 1181 conjungi
810 1110 1050 1181 temperamenta
1074 1102 1320 1167 inclinationibus
1354 1110 1388 1165 et
1407 1103 1485 1166 simul

137 1191 298 1253 immutari.
347 1188 442 1259 Quasi
473 1209 529 1269 ego
559 1191 615 1251 hoc
645 1192 832 1269 negaverim!
881 1191 964 1252 Vera
987 1191 1078 1262 dicis,
1111 1200 1227 1254 tantum
1253 1210 1291 1253 ne
1315 1191 1414 1266 dicas,
1444 1191 1485 1254 rol

138 1286 376 1358 temperamenta
400 1279 448 1339 vel
473 1279 681 1340 inclinationes
705 1280 885 1341 naturaliter
912 1299 1002 1360 posse
1022 1281 1185 1360 permutari
1209 1281 1300 1363 plane
1325 1280 1484 1345 contrariis.

137 1369 170 1431 in
197 1371 251 1430 hoc
277 1368 368 1428 etiarn
393 1367 542 1446 pervertis
567 1387 664 1429 meam
688 1370 890 1431 sententiam:
916 1370 984 1430 dum
1008 1369 1128 1449 scripsi,
1153 1381 1186 1432 ut
1208 1371 1315 1432 oculus
1339 1368 1378 1432 ed
1397 1366 1486 1433 albon

137 1469 169 1519 et
193 1457 323 1535 nigrum,
358 1455 401 1516 sic
425 1457 541 1517 aruimus
566 1450 603 1518 a‘d
629 1457 702 1518 haec
726 1463 810 1535 παθη
841 1458 987 1519 coelestia
1009 1458 1161 1537 (intellige
1185 1458 1375 1539 praemissa:
1407 1458 1485 1531 fona

138 1546 247 1618 debile,
274 1545 470 1625 eurythmon,
495 1548 719 1619 enarmostun),
746 1547 890 1625 intelligis
914 1555 946 1607 tu
966 1547 1003 1607 ad
1021 1547 1254 1620 inclinationem,
1280 1554 1316 1608 ut
1339 1547 1419 1609 ferta
1439 1548 1484 1608 &a

139 1636 219 1696 Male
244 1643 277 1695 tu
302 1650 373 1712 ergo
397 1635 584 1719 refutaturus
618 1654 711 1713 negas
735 1635 764 1695 in
789 1637 873 1696 coelo
906 1635 1131 1711 inclinationes,
1166 1643 1199 1698 ut
1222 1637 1320 1697 forte:
1350 1648 1416 1697 cum
1438 1650 1486 1717 ego

138 1724 183 1784 his
210 1722 307 1784 verbis
332 1722 404 1786 nihil
430 1723 509 1783 aliud
535 1723 656 1801 egerim.
703 1724 771 1785 Non
796 1733 866 1803 peto
891 1732 965 1795 ate,
989 1723 1028 1785 uri
1044 1724 1173 1799 Fabrici,
1198 1733 1232 1787 ut
1250 1722 1348 1787 multa
1370 1724 1486 1796 scribae,

137 1814 190 1873 sed
215 1821 246 1872 ut
272 1831 309 1871 ex
334 1811 535 1873 fundamentis
560 1813 634 1873 bene
659 1814 853 1874 collectarum
878 1813 1103 1892 cogitationum.
1152 1814 1196 1876 Tu
1220 1831 1368 1891 namque,
1397 1813 1423 1875 si
1444 1831 1487 1874 re·

140 1901 268 1981 legi-ses
292 1919 359 1960 mea
383 1908 415 1961 et
437 1910 500 1974 tua,
526 1901 654 1962 vidisses
679 1920 733 1962 nos
757 1902 805 1962 hic
830 1902 907 1963 idem
931 1921 1032 1980 egere.

227 1991 260 2050 iu
285 1988 378 2050 astris
402 1989 478 2068 ipsis
503 1991 612 2051 nudam
636 1991 823 2051 caliditatem
848 1999 880 2050 et
904 1992 998 2051 lucem
1013 1990 1134 2063 statuis,
1160 2006 1254 2071 negas
1274 1989 1485 2063 inclinationes

142 2080 205 2158 ipso
231 2097 346 2160 quoque
371 2080 590 2157 explicaturus.
625 2080 772 2159 quomodo
806 2079 1014 2141 inclinationes
1048 2101 1066 2139 a
1094 2079 1189 2143 coelo.
1236 2074 1330 2144 Nuda
1361 2080 1435 2141 haec
1463 2076 1486 2143 in

140 2170 233 2229 astris
257 2169 386 2229 colloco:
413 2169 521 2241 lucem,
548 2168 684 2240 rubeum,
711 2168 873 2247 fulgidum,
898 2169 1056 2248 pallidum,
1081 2169 1193 2243 celere,
1217 2169 1349 2242 medum,
1372 2164 1488 2248 euryth-

140 2278 218 2331 mon,
244 2263 437 2318 anarmoston
463 2258 514 2318 irc.
563 2257 786 2328 inclinationes,
812 2267 844 2319 ut
868 2257 965 2318 ethice
990 2256 1231 2331 considerentur,
1256 2274 1344 2338 nego.
1392 2255 1425 2318 Si
1446 2256 1488 2317 ni·

143 2348 232 2418 mium
258 2345 350 2406 astris
375 2345 480 2420 tribui,
510 2347 643 2425 oportuit
671 2356 701 2407 te
730 2347 872 2409 refutare.
920 2346 1017 2421 Dicis,
1053 2345 1219 2408 obtinuisse
1243 2346 1305 2409 vim
1338 2343 1489 2427 vegetandi

141 2455 178 2495 cx
203 2434 351 2496 relatione
386 2435 504 2507 divina;
539 2436 707 2496 naturalem
735 2435 793 2497 vim
824 2435 868 2497 vis
894 2435 933 2498 ibi
962 2443 1139 2509 extenuare,
1174 2435 1228 2499 sed
1253 2434 1354 2499 Deum
1381 2441 1489 2515 parton

142 2533 268 2585 naturae
294 2522 377 2584 facis.
423 2523 492 2585 Non
517 2524 605 2584 valde
629 2544 777 2603 repugno,
810 2525 864 2585 sed
885 2525 940 2586 hoc
965 2524 1049 2597 dico,
1083 2533 1113 2584 te
1137 2523 1261 2589 nimium
1284 2525 1386 2587 adhuc
1407 2522 1488 2585 asnis

141 2614 282 2674 tribuere.
331 2610 398 2673 Tibi
422 2612 505 2673 Deos
530 2612 568 2672 ed
593 2621 678 2674 astra
701 2613 834 2691 respicit,
861 2622 895 2674 ut
916 2620 1157 2692 temperamenta
1180 2615 1292 2675 formet
1315 2622 1348 2675 et
1369 2612 1488 2674 incline·

142 2703 249 2774 tiones,
275 2699 347 2761 mihi
371 2699 490 2762 animae
514 2702 692 2763 sublunares
717 2703 754 2762 ad
781 2702 860 2763 idem
879 2703 916 2763 ob
941 2703 1020 2763 idern
1042 2701 1215 2782 respiciunt.

230 2787 387 2862 Dixeram,
423 2790 570 2851 malitiam
594 2790 725 2852 ethicam
750 2811 807 2852 uon
833 2790 870 2851 ab
896 2791 1002 2852 astris:
1039 2809 1124 2870 ergo,
1150 2790 1265 2870 inquis,
1299 2788 1362 2853 alia
1386 2800 1487 2870 quoque

142 2889 264 2959 praeter
286 2889 373 2940 astra
396 2889 467 2940 suut
490 2880 689 2942 adsciscenda
713 2881 740 2940 in
762 2880 908 2958 judicium
928 2880 1152 2957 astrologicam.
1195 2878 1354 2959 Equidem.
1401 2877 1487 2941 Aca

142 2987 236 3045 negas
261 2968 289 3028 id
315 2968 388 3027 lieri.
436 2966 463 3029 Ο
488 2968 684 3047 improvidam
709 2970 857 3029 rationem
880 2968 1088 3047 praedicendi!
1135 2969 1253 3029 Deinde
1272 2967 1332 3041 ais,
1356 2966 1486 3028 iucem

141 3056 338 3136 astrologiam
364 3073 441 3129 esse,
467 3056 493 3116 si
517 3058 572 3118 hoc
597 3077 698 3118 verum
723 3058 772 3119 sit.
820 3058 940 3131 Fateor,
965 3064 1051 3119 tanto
1071 3056 1211 3119 incertior
1226 3065 1283 3131 est,
1309 3062 1421 3138 quanto
1442 3072 1486 3115 uu·

141 3147 206 3206 dior
229 3145 267 3206 ab
292 3143 415 3218 ethicis,
449 3144 599 3223 politicis,
634 3144 811 3226 theologicis
837 3147 1041 3225 respectibus;
1076 3152 1197 3207 etcum
1221 3142 1486 3224 omniacomplerr

142 3242 200 3305 est,
227 3241 328 3294 tamen
353 3233 467 3294 incerta
491 3244 539 3295 est
563 3236 658 3297 omnis
682 3235 858 3314 praedictio.

229 3321 319 3395 Ecce,
346 3329 450 3401 aperte
476 3330 507 3383 et
530 3322 667 3401 ingenue,
693 3324 770 3404 quod
795 3323 884 3404 petis,
909 3331 972 3384 tam
993 3322 1154 3401 diligenter
1177 3321 1262 3383 velut
1286 3338 1379 3384 aureo
1401 3318 1484 3398 gladio

145 3409 291 3472 Gordium
316 3411 424 3471 nodum
450 3412 550 3485 secui3
575 3421 607 3473 tu
632 3413 701 3473 mihi
728 3414 801 3474 cedo
824 3411 948 3472 Asiam!

230 3498 293 3561 Sed
316 3499 433 3579 pergis:
469 3501 493 3561 si
527 3501 662 3563 defectus
686 3500 725 3563 ab
749 3501 841 3563 astris
866 3537 909 3546 -
933 3496 1050 3560 malitia
1082 3498 1184 3577 igitur.
1232 3495 1394 3578 Equidem.
1438 3492 1483 3558 Sed

142 3609 199 3651 non
223 3589 333 3663 ethica,
360 3589 414 3650 sed
438 3589 568 3651 deterior
592 3590 733 3659 conditio,
759 3601 791 3652 ut
815 3598 864 3650 est
886 3589 979 3651 totius
1005 3596 1131 3650 naturae
1155 3590 1239 3661 (cum
1262 3596 1314 3649 est
1340 3584 1483 3666 perfectis·

141 3681 234 3752 sima)
260 3686 399 3757 respectu
424 3678 491 3739 Dei.
539 3679 654 3740 Deinde
680 3699 736 3740 nou
763 3679 987 3740 inclinationum
1003 3676 1191 3738 debilitatem
1216 3682 1249 3736 et
1266 3675 1483 3741 deformitates

141 3769 195 3830 sed
219 3769 247 3829 in
273 3786 382 3846 genere
406 3767 631 3829 deformitatem
656 3775 687 3829 et
710 3767 899 3829 debilitatem
929 3774 960 3826 et
983 3764 1203 3827 dissonantiam
1228 3765 1283 3826 &c
1311 3764 1411 3826 inesse
1432 3762 1482 3823 dict

141 3856 276 3937 aspectui
306 3856 382 3918 coeli
406 3866 437 3917 et
461 3856 504 3918 sic
537 3857 722 3935 generaliter
746 3857 838 3936 recipi
864 3858 892 3917 iu
918 3856 1049 3917 animam
1079 3861 1214 3938 tempore
1239 3871 1406 3934 geneseos,
1435 3850 1482 3911 siut

143 3945 204 4006 alia
228 3945 302 4005 coeli
328 3965 433 4025 opera,
468 3945 525 4006 uisi
549 3947 628 4027 quod
653 3945 824 4025 expositum
849 3954 897 4007 est
920 3944 1037 4006 coelum
1061 3943 1169 4005 animis
1198 3943 1237 4004 ad
1261 3943 1342 4005 hanc
1364 3958 1481 4020 compre·

142 4033 331 4104 hensiouem,
363 4042 397 4094 ut
425 4034 475 4095 lux
510 4035 548 4094 ad
578 4034 734 4095 visionem.
782 4034 827 4095 De
857 4042 957 4094 cetero
987 4052 1034 4094 me
1063 4033 1138 4092 bene
1167 4033 1269 4112 capis,
1305 4050 1403 4113 neque
1423 4043 1481 4110 qnet

142 4123 273 4184 exstruis
298 4122 369 4183 mihi
395 4131 465 4184 sunt
489 4122 630 4183 absurda.
679 4123 823 4198 Quaeris,
849 4142 886 4183 an
911 4142 943 4183 re
967 4121 1033 4201 ipsa
1056 4121 1114 4183 hoc
1138 4122 1219 4183 aliud
1245 4121 1295 4194 sit,
1322 4136 1410 4202 quam
1431 4134 1480 4180 nrt·

144 4213 216 4284 lum,
252 4211 330 4290 quod
355 4226 392 4272 ex
416 4211 573 4272 debilitate
599 4212 673 4272 coeli
703 4213 819 4274 animus
849 4212 956 4273 debilis
986 4210 1195 4273 inclinationes
1223 4208 1339 4272 hebeat
1367 4201 1479 4273 debiat

144 4301 232 4374 Dico,
257 4320 289 4361 re
314 4299 381 4379 ipsa
404 4320 481 4362 esse.
528 4300 621 4362 Aliud
646 4301 675 4363 in
700 4302 783 4363 coelo
808 4301 949 4363 debilitas
978 4307 1009 4361 et
1033 4299 1224 4373 deformitas,
1257 4318 1313 4379 per
1337 4307 1478 4380 quanin·

144 4390 186 4450 let
214 4398 322 4451 natura
351 4391 531 4452 contendere
563 4391 600 4450 ad
630 4390 894 4468 pulchritudinem,
929 4396 963 4449 ut
984 4406 1039 4467 per
1065 4387 1199 4450 infinitos
1222 4388 1415 4468 incolligatos
1437 4398 1477 4464 pt·

142 4480 219 4541 situs
244 4479 282 4540 ad
307 4478 436 4557 aliquem
460 4479 650 4558 colligatum,
686 4480 765 4540 aliud
797 4479 824 4540 in
855 4476 972 4538 homine
998 4475 1088 4538 animi
1113 4477 1313 4550 deformitas;
1347 4494 1410 4538 cum
1431 4474 1477 4553 jau

143 4567 247 4647 incipit
271 4567 492 4646 concupiscere,
518 4576 567 4628 est
590 4567 849 4647 concupiscentiae
874 4567 1065 4639 deformitas,
1092 4567 1148 4628 hoc
1174 4583 1290 4627 rursum
1316 4566 1404 4639 aliud,
1426 4555 1477 4642 pi!

143 4657 265 4735 abjecta
288 4667 483 4739 concurrunt,
514 4656 640 4735 denique
666 4676 732 4718 euru
757 4658 822 4737 agit
845 4656 883 4716 ad
907 4662 1064 4734 peccatum
1094 4662 1126 4716 et
1149 4663 1341 4717 consummat
1372 4652 1476 4716 athias

144 4746 299 4808 malitiam.
345 4745 410 4808 Nec
434 4746 549 4808 coelum
573 4745 655 4807 illum
680 4746 794 4825 coegit,
826 4756 858 4806 ut
882 4744 1067 4818 vinceretur,
1090 4744 1148 4805 etsi
1172 4743 1333 4806 stimulata
1350 4730 1477 4806 carneti

146 4852 276 4915 pugnam
300 4834 384 4897 illum
407 4834 538 4898 vucavit.
579 4833 748 4914 Exspecto,
782 4842 879 4896 utrum
899 4833 965 4913 jam
989 4850 1105 4914 quoque
1128 4832 1207 4895 velis
1230 4833 1420 4906 concludere,
1444 4840 1477 4888 nt
