3278 5542
137 335 203 402 316
556 340 657 391 Literas
675 339 779 405 Ksplsul
798 338 950 404 aliorumque
967 344 1070 390 notun

137 498 299 577 abjectum.
348 498 390 562 Ut
412 517 484 561 vero
507 500 611 562 oculos
634 500 674 561 ad
700 500 804 572 lucem,
828 498 909 561 auris
929 499 968 560 ad
992 516 1111 573 sonum,
1136 498 1183 560 ita
1205 496 1325 559 animus
1349 502 1399 557 est
1421 512 1487 556 oon·

138 589 283 649 formatus
307 588 345 649 ad
369 588 444 649 haec
467 593 552 666 παθη
575 588 737 661 eoelestia,
762 597 905 670 tanquam
928 608 985 649 sua
1008 587 1129 671 propria
1152 585 1283 668 objecta.
1331 583 1375 646 Et
1398 592 1487 645 tamen

137 676 258 756 genesis
281 676 361 737 nuda
385 685 415 738 et
439 697 536 739 vacua
559 679 655 739 sonna
679 686 746 751 est;
777 679 892 740 animus
916 696 981 739 curn
1006 677 1184 752 infunditur,
1209 677 1240 739 lu.
1265 695 1294 739 e.
1319 692 1387 736 cum
1410 673 1488 736 hono

138 766 278 840 nascitur,
304 784 362 827 non
387 766 493 828 statim
517 775 599 828 totus
620 767 730 847 accipit
754 768 896 840 formam;
921 774 1082 828 contumax
1100 774 1158 842 est,
1183 772 1216 828 et
1237 766 1336 827 multa
1359 764 1398 825 de
1420 762 1487 824 ima·

136 853 359 931 ginrnionibus,
398 856 532 936 adeoque
566 856 603 916 de
637 855 845 918 affectionibus
879 855 984 918 matris
1017 855 1128 916 retinet
1160 855 1328 934 miscetque
1360 851 1485 916 themati

137 945 260 1005 Format
283 942 376 1024 igitur
399 951 432 1005 et
454 945 541 1023 fingit
560 944 688 1006 animum
712 944 832 1019 thema,
868 945 1004 1006 sednon
1037 944 1134 1025 gignit
1157 962 1280 1018 novum,
1315 961 1377 1004 non
1400 950 1484 1004 toton

136 1042 251 1105 mutat;
280 1032 367 1111 lingit
390 1051 460 1094 vero
483 1041 586 1095 uatum
611 1053 648 1094 ex
673 1033 743 1106 hoc,
777 1043 873 1096 matre
902 1033 946 1096 sic
971 1034 1096 1109 affecta,
1129 1035 1199 1096 dum
1222 1039 1346 1114 gereret
1369 1040 1482 1094 uterum.

137 1120 279 1200 Sequitur
303 1121 370 1183 dein
394 1121 564 1195 institutio,
589 1142 665 1202 quae
690 1141 796 1184 novam
821 1124 1034 1186 alterationem
1057 1123 1173 1204 utrique
1196 1123 1291 1201 priori
1321 1121 1432 1195 infert,
1457 1129 1481 1181 at

137 1220 274 1272 neutrum
297 1211 404 1272 tollere
427 1219 549 1289 potest,
583 1212 635 1271 sed
667 1212 700 1272 lit
730 1212 856 1292 deniqne
889 1212 1135 1292 contemperatio.
1182 1211 1319 1275 variant
1347 1210 1479 1272 hominen

137 1299 386 1374 mater,coelu1u,
407 1298 562 1378 magister,
587 1301 738 1361 mediante
759 1310 856 1381 epate,
882 1302 982 1374 corde,
1007 1302 1140 1375 cerebro,
1165 1308 1246 1375 ante,
1272 1300 1314 1375 in,
1338 1308 1478 1381 postpar·

137 1396 209 1462 tum,
234 1397 378 1466 tempore,
402 1398 553 1451 momento
577 1389 733 1469 temporis.

207 1477 393 1526 Fabricius:
424 1477 546 1528 Planetas
564 1478 678 1528 humores
696 1477 735 1527 rol
754 1477 900 1542 qualitates,
929 1479 974 1527 sibi
1003 1476 1092 1528 aDeo
1118 1478 1306 1542 appropriatas,
1334 1477 1373 1547 rel
1391 1476 1475 1527 doniuio

140 1564 183 1597 sno
202 1549 336 1610 subjectas,
356 1549 441 1598 astreli
460 1564 507 1600 sua
525 1551 548 1598 ri
567 1551 686 1606 excitant,
704 1555 832 1615 vegetant,
852 1549 986 1606 vivificant,
1005 1555 1031 1599 ct
1049 1549 1119 1614 quasi
1138 1551 1258 1599 minuans.

229 1619 432 1698 Keplerus:
457 1620 527 1682 Etsi
550 1640 608 1681 non
633 1621 746 1694 dubito,
772 1621 839 1700 quin
860 1621 944 1681 Mars
968 1621 1035 1681 idco
1059 1621 1148 1682 ruber
1170 1621 1211 1682 sit
1236 1620 1350 1693 lactus,
1375 1628 1408 1681 ut
1426 1628 1472 1680 ter-

140 1728 204 1774 rere
228 1708 326 1788 possit
355 1728 408 1789 pro
436 1709 555 1770 modulo
588 1728 660 1783 suo,
690 1711 790 1790 itaque
824 1709 853 1770 in
881 1729 914 1770 se
937 1710 1011 1789 ipsis
1036 1710 1169 1771 babeant
1191 1710 1295 1772 sidera
1317 1707 1471 1789 principium

143 1797 272 1859 actionis
296 1817 379 1871 suae,
403 1799 564 1876 potissima
588 1806 688 1860 tamen
712 1798 758 1859 vis
783 1799 810 1859 in
835 1799 995 1877 genesibus
1020 1799 1161 1861 consistit
1183 1799 1344 1872 inanimo,
1370 1798 1415 1876 qni
1433 1815 1470 1856 oc·

140 1887 221 1948 culto
254 1905 403 1949 consensu
441 1890 490 1960 (ut
522 1888 626 1949 rustici
660 1907 748 1950 aures
780 1887 951 1968 intelligunt
984 1888 1217 1950 concinnitatem
1250 1885 1470 1949 dimensionisin

140 1977 279 2050 vocibus)
312 1977 516 2051 &ruborem
550 1973 569 2050 ii
595 1978 740 2057 pallorem
764 1977 818 2039 buc.
843 1976 995 2039 intueatur
1024 1989 1056 2038 et
1079 1970 1240 2039 secundum
1265 1977 1357 2039 situm
1381 1976 1470 2037 illorum

141 2064 168 2126 in
195 2084 227 2126 se
252 2065 317 2145 ipso
341 2065 568 2145 impressionem
593 2067 721 2127 formet:
757 2075 789 2126 ut
813 2085 918 2128 luanus
947 2090 965 2128 a
990 2066 1128 2128 claritate
1153 2065 1233 2129 Solis
1267 2064 1341 2129 nihil
1373 2064 1468 2144 petitur,

142 2156 194 2215 bed
211 2155 395 2294 &ildisclus
426 2241 655 2292 Profectiones
675 2243 837 2307 astrologicae
854 2244 880 2292 in
899 2251 979 2293 totum
997 2245 1067 2307 quasi
1085 2242 1175 2306 rejicis,
1195 2242 1261 2307 quod
1279 2243 1412 2305 subjectum
1421 2238 1469 2288 rstls

141 2320 221 2364 motus
239 2330 289 2364 non
307 2314 425 2364 habeant.
463 2315 497 2362 At
514 2328 562 2363 nec
581 2313 728 2364 directmnes
747 2328 847 2364 annuae
864 2315 958 2364 habent
976 2314 1043 2364 reale
1061 2315 1215 2376 subjectum,
1242 2314 1291 2363 nisi
1310 2315 1388 2378 ipsum
1404 2309 1468 2376 priori

139 2389 205 2451 pium
223 2392 304 2436 motus
323 2391 348 2435 et
367 2400 469 2435 cansam
487 2392 576 2433 motus.
614 2386 659 2434 Est
676 2400 733 2435 roro
751 2386 830 2434 fluxus
849 2387 949 2450 quidam
968 2385 1067 2435 astralia
1087 2386 1182 2434 virtutis
1202 2386 1316 2450 aprima
1335 2398 1415 2441 causa,
1430 2388 1468 2431 tau·

138 2471 212 2521 qnam
231 2457 333 2507 alonte
352 2471 395 2505 suo
414 2456 577 2520 procedentis.
615 2457 648 2506 Et
665 2466 693 2507 nt
711 2464 792 2506 motus
811 2458 942 2507 continuus
961 2463 1012 2514 est,
1040 2459 1077 2507 ita
1102 2464 1128 2508 et
1146 2458 1242 2506 virtutis
1267 2457 1349 2507 fluxus
1367 2455 1470 2506 continuus

138 2535 185 2577 est
224 2528 309 2577 Virtus
327 2528 425 2578 astralia
444 2528 539 2591 proprio
558 2542 602 2576 suo
621 2536 697 2586 motu,
718 2535 744 2578 et
761 2529 830 2592 qnasi
852 2528 988 2592 aplansta
1001 2535 1127 2593 separata,
1146 2534 1267 2586 moretur,
1286 2534 1316 2578 ut
1327 2541 1423 2594 magnos
1437 2526 1472 2573 riu

140 2614 210 2648 snam
228 2600 292 2650 ierro
311 2600 444 2662 separatim
464 2601 640 2659 communicat,
670 2615 716 2650 nec
738 2601 788 2648 rim
812 2614 895 2649 secum
920 2601 1035 2657 retrahit,
1061 2600 1106 2650 sod
1124 2601 1194 2664 quasi
1213 2598 1368 2651 abstractam
1385 2597 1473 2660 relinquit

141 2672 211 2720 ferro.
249 2670 284 2720 Ut
302 2685 357 2721 vero
376 2676 457 2719 motus
475 2670 631 2735 planetarum
657 2680 715 2721 sunt
738 2672 811 2728 rarii,
841 2673 876 2721 sic
899 2680 980 2722 motus
1003 2672 1100 2720 virtutis
1123 2670 1222 2720 astralis
1245 2672 1400 2735 planetarum
1420 2668 1473 2716 raris

140 2743 301 2791 directionum
320 2747 346 2791 st
364 2742 555 2806 protectionum,
582 2757 637 2791 curn
657 2757 796 2792 annuarum
814 2749 867 2792 tum
886 2743 1072 2793 menstrualium
1092 2749 1118 2792 st
1136 2742 1295 2801 diurnarum,
1321 2743 1420 2792 motibus
1434 2753 1473 2804 per·

138 2813 228 2862 ficitur.
266 2812 369 2877 Siquid
389 2819 476 2863 contra
494 2812 557 2863 haec
576 2814 662 2871 habes,
681 2815 754 2864 velim
767 2815 833 2864 clare
853 2815 968 2878 explices,
987 2829 1035 2864 nsc
1055 2815 1136 2864 nimiis
1155 2813 1333 2864 subtilitatibus
1351 2829 1400 2864 rem
1415 2813 1475 2876 potius

139 2885 262 2941 obscures,
282 2899 356 2949 quam
375 2884 491 2934 illustros.
528 2885 581 2950 Ego
600 2900 696 2949 sempor
715 2899 815 2948 oporam
834 2886 903 2944 dedi,
927 2894 956 2935 nt
973 2900 1013 2935 res
1032 2900 1103 2935 seras
1123 2891 1149 2935 et
1165 2885 1302 2937 rationales
1321 2883 1475 2950 simplicissime

140 2957 299 3006 declararem.
337 2956 409 3005 Haec
427 2962 526 3012 tamen.
546 2958 579 3006 mi
599 2956 721 3020 Keplore,
751 2972 800 3005 non
819 2958 916 3006 sinistre
935 2957 1007 3007 velim
1026 2957 1158 3023 intelligas,
1178 2957 1222 3007 sed
1241 2959 1321 3007 amico
1343 2957 1419 3007 animo
1434 2961 1475 3003 tau

138 3035 191 3076 tum
209 3043 332 3091 propono,
360 3042 392 3076 ns
415 3029 505 3076 nimius
530 3030 562 3076 sis
589 3029 613 3076 in
638 3027 684 3077 illis
709 3028 896 3085 subtilitatibus,
926 3029 989 3093 quod
1008 3030 1084 3078 nostri
1103 3029 1197 3093 ingenii
1215 3028 1360 3093 simplicitas
1378 3028 1427 3077 illas
1442 3038 1477 3074 nou

140 3100 231 3162 capiat.

227 3169 433 3249 Keplerns:
474 3167 575 3242 Suda,
611 3170 686 3230 suda
719 3169 755 3229 de
779 3169 1016 3248 profectionibus
1051 3177 1082 3230 et
1106 3168 1342 3244 directionibus,
1376 3174 1478 3231 namet

140 3278 196 3337 ego
220 3259 335 3320 sudavi.
385 3256 546 3320 Genesis
570 3258 663 3319 habet
686 3259 745 3320 vim
769 3278 806 3318 ex
830 3259 908 3328 situ,
944 3266 1048 3338 estque
1071 3266 1236 3339 perpetua,
1271 3257 1343 3340 quia
1374 3261 1406 3321 lit
1434 3258 1476 3319 in·

139 3348 255 3427 pressio
279 3366 468 3428 permanens.
516 3347 718 3409 Transitus
751 3358 783 3408 et
815 3348 1001 3409 revolutio
1035 3348 1149 3409 habent
1172 3347 1232 3409 vim
1255 3367 1294 3408 ex
1318 3357 1400 3410 motu
1420 3344 1477 3409 reali

139 3437 178 3498 od
203 3438 269 3499 loca
292 3455 459 3516 geneseos;
492 3437 652 3516 quaejam
684 3437 781 3498 officia
809 3455 847 3497 ex
871 3436 1092 3498 consentientia
1116 3437 1262 3516 subjectis
1295 3437 1360 3498 suis
1382 3435 1476 3517 reliqui.

139 3527 377 3589 Directiones
401 3526 515 3587 habent
538 3527 597 3587 vim
623 3546 659 3586 ex
685 3525 768 3606 quasi
793 3533 896 3599 motu;
922 3526 1032 3587 etenim
1057 3526 1166 3607 aliquis
1189 3536 1290 3588 motus
1315 3526 1396 3603 talis,
1419 3545 1476 3606 qua·

138 3617 209 3678 liter
232 3616 362 3697 aphetae
387 3614 572 3695 diriguntur,
606 3622 638 3676 et
660 3615 686 3676 is
710 3615 801 3676 realis
835 3624 883 3677 est
917 3622 949 3676 et
981 3634 1050 3676 vere
1074 3616 1126 3690 lit,
1162 3615 1267 3677 statim
1300 3625 1373 3696 post
1393 3622 1476 3697 partus

137 3715 318 3768 momentum
342 3704 498 3786 incipiens.
546 3703 767 3766 Dissimilitndo
792 3725 810 3765 a
832 3704 923 3786 priori
949 3710 1048 3766 tamen
1075 3705 1104 3766 in
1130 3722 1175 3780 eo,
1202 3704 1282 3784 qnod
1297 3705 1474 3767 effectusnon

133 3795 270 3875 jungitur
293 3795 385 3856 motui
409 3803 442 3856 et
465 3813 575 3855 causae
602 3793 718 3855 ratione
743 3794 901 3875 temporis,
926 3794 978 3855 sed
1003 3793 1133 3855 discedit
1157 3795 1194 3855 ab
1219 3813 1271 3868 eo,
1297 3801 1330 3855 et
1352 3791 1475 3874 multipli-

139 3892 190 3945 cat
213 3891 349 3963 tempora
372 3882 653 3964 proportionaliter,
678 3884 869 3962 proportione
894 3883 1018 3955 iterum,
1049 3901 1125 3963 qnae
1149 3883 1177 3944 in
1212 3891 1321 3944 natura
1351 3881 1475 3946 invenitur

140 3982 170 4033 et.
193 3971 261 4033 hnic
284 3973 375 4033 motui
400 3972 522 4052 propria
545 3981 613 4046 est;
637 3982 672 4033 ut
695 3991 751 4049 ego
776 3972 893 4052 quidem
918 3972 1023 4052 dirigo,
1050 3972 1099 4033 die
1123 3973 1151 4032 in
1177 3991 1286 4034 annum
1311 3981 1342 4035 et
1365 3988 1473 4053 quocun·

140 4080 195 4142 que
228 4069 364 4140 tempore
396 4069 468 4140 post
500 4070 619 4141 partum
653 4062 681 4122 in
707 4056 770 4124 365
795 4061 994 4141 multiplicato
1027 4061 1056 4122 in
1081 4061 1226 4124 inlinitum
1250 4081 1355 4142 usque.
1400 4061 1472 4122 Pro

140 4149 271 4211 lectio
304 4168 400 4228 neque
425 4148 502 4210 situs
526 4159 590 4222 est,
615 4169 711 4231 neque
735 4158 843 4225 motus,
869 4150 897 4210 in
923 4151 1052 4212 loturum
1077 4168 1217 4229 operans,
1241 4150 1326 4230 cnjus
1349 4151 1377 4213 in
1399 4163 1472 4211 remu

138 4245 246 4300 natura
269 4237 342 4303 nillil
365 4247 531 4318 estusque
556 4238 651 4301 simile
675 4258 770 4320 neque
794 4240 1029 4319 porportionale.
1057 4271 1097 4281 -

228 4328 263 4389 In
288 4327 483 4407 sequentibus
507 4328 619 4390 transis
644 4338 676 4390 tn
700 4351 718 4390 a
742 4329 916 4390 defensione
950 4331 988 4390 ad
1013 4327 1271 4409 impugnationem
1295 4345 1419 4391 meamm
1438 4321 1471 4384 di·

139 4418 314 4491 rectionum,
340 4425 512 4495 propterea,
537 4418 615 4498 quod
640 4419 785 4480 obscurus
810 4419 865 4480 sim
891 4420 921 4480 in
946 4419 993 4480 iis.
1041 4419 1120 4480 Puto
1134 4436 1181 4479 me
1202 4419 1269 4498 jam
1285 4418 1334 4479 hic
1349 4436 1411 4479 esse
1422 4413 1470 4475 clr-

138 4509 256 4571 riorenu.
282 4539 323 4548 -
349 4504 430 4577 Quid
453 4506 510 4567 hoo
533 4506 577 4568 rei
601 4516 660 4580 est,
696 4508 774 4588 quod
799 4527 862 4570 rem
886 4510 1057 4581 obscuram,
1093 4527 1147 4569 neo
1175 4525 1299 4582 novam,
1330 4508 1383 4569 sed
1404 4517 1470 4586 quan

140 4608 262 4676 uterque
286 4596 402 4677 pridem
426 4615 528 4656 sumus
552 4597 700 4676 amplexi,
731 4606 763 4658 tu
787 4597 887 4676 potins
912 4597 957 4658 vis
987 4605 1128 4676 tanquam
1152 4595 1327 4676 παραδοξον
1357 4595 1471 4659 retinere

139 4704 229 4764 quam
252 4685 420 4747 confirmari
443 4684 616 4757 obscurius,
646 4705 700 4747 nec
723 4687 837 4765 pateris
862 4687 1079 4766 qualiacunque
1104 4685 1176 4759 dici,
1201 4704 1268 4747 oum
1292 4687 1413 4749 tneliora
1431 4697 1471 4741 ne·

139 4775 270 4852 queant?
315 4772 396 4835 Jnva
418 4773 536 4854 potius,
569 4783 602 4836 ut
625 4776 706 4836 clare
729 4776 900 4855 loquamur,
935 4795 1023 4856 quam
1047 4782 1082 4836 ut
1103 4775 1178 4837 haec
1203 4772 1397 4856 supprimas.⁴
1423 4769 1472 4832 noe

139 4872 239 4926 mmen
272 4871 322 4924 sat
345 4862 442 4926 clare:
476 4863 507 4926 in
536 4863 672 4927 omnibns
695 4865 786 4927 rebus
819 4862 892 4926 inde
921 4884 941 4925 a
963 4864 1134 4927 divinitatis
1165 4864 1283 4944 origine
1315 4874 1366 4927 est
1393 4860 1475 4941 aliqua
