3278 5542
135 323 201 390 366
556 326 658 377 Literss
675 325 779 391 Kopleri
796 326 949 391 nltomw
966 330 1071 377 menos

136 504 244 547 secans
268 484 454 545 horizontem
477 482 507 543 io
533 479 577 556 G,
602 482 759 544 zodiacum
782 482 811 544 in
834 484 877 545 M.
926 483 984 545 Est
1006 482 1098 563 igitur
1121 481 1218 563 ipsios
1241 482 1354 545 stellae
1376 482 1403 545 L
1422 501 1486 544 sex-

136 575 199 636 tilis
223 583 287 635 tam
311 573 341 634 in
366 569 395 633 G
419 590 506 651 quam
531 571 560 631 iu
585 571 632 646 M,
665 571 734 650 quia
758 572 866 633 stellae
890 573 1012 633 radiant
1041 571 1069 634 iu
1096 573 1199 634 orbem
1223 570 1433 642 circumcirca,
1461 580 1487 633 et

137 663 165 725 G
198 663 315 743 quidem
343 662 409 740 jam
442 660 542 738 tangit
575 660 775 733 horizontem,
810 662 843 721 M
877 680 946 722 vero
981 668 1031 723 est
1057 660 1146 722 inira.
1193 659 1377 733 Quaeritur,
1410 660 1486 739 quale

136 762 278 834 punctum
303 751 339 811 de
363 749 473 810 circulo
488 746 552 809 MG
576 749 738 809 tenendum
763 750 804 810 sit
826 767 880 828 pro
905 750 1067 811 directione
1091 750 1180 828 hujus
1202 749 1327 811 sextilis
1349 749 1388 810 ad
1407 749 1487 810 horo·

136 839 280 919 scopum?
317 840 397 901 h'am
420 838 446 898 si
472 836 499 898 G
526 847 612 898 extra
626 838 791 912 zodiacum,
817 838 942 900 directio
957 838 1080 899 durabit
1093 837 1280 901 diutissime:
1307 836 1487 899 omniaeuin

136 940 248 1010 puncta
271 927 374 988 circuli
396 925 482 1005 parvi
511 945 547 986 ex
573 926 598 985 L
626 926 769 1006 descripti
803 928 974 989 successive
1007 933 1137 1005 tangunt
1171 927 1390 1006 horoscopum
1426 944 1485 1004 ergo

136 1020 232 1079 solum
256 1016 447 1094 punctumM
467 1015 590 1075 valebit.
638 1012 801 1084 Quaeritur
825 1015 917 1096 igitur
941 1016 1096 1096 longitudo
1119 1015 1192 1077 ΜΗ.
1240 1015 1407 1077 Methodns
1430 1033 1485 1074 cor·

136 1105 306 1171 rectissima
329 1104 384 1164 hoc
408 1104 473 1163 loco
498 1110 555 1176 est,
581 1111 613 1162 ut
628 1113 780 1164 secantem
796 1104 855 1164 LM
879 1098 940 1166 60⁰
963 1103 1080 1165 dividas
1103 1122 1157 1183 per
1179 1113 1339 1165 secantem
1354 1102 1485 1164 LHlati·

138 1195 264 1264 tudinis,
295 1201 328 1252 nt
351 1193 479 1271 prodeat
502 1210 610 1251 secans
633 1191 704 1253 ΜΗ.
751 1191 821 1252 lam
845 1193 1015 1270 Magiuus
1049 1194 1091 1263 (in
1109 1199 1288 1265 Supplenento
1308 1198 1486 1265 spernerem

135 1309 160 1357 p.
185 1289 233 1341 158
251 1290 277 1338 ff.
308 1289 424 1339 Frenhol.
446 1281 529 1351 1608)
554 1281 668 1341 mavult
691 1290 833 1359 puuctum
857 1282 890 1341 M
914 1282 943 1341 in
968 1287 1129 1361 aequatore
1154 1291 1302 1355 statuere,
1329 1290 1364 1343 ut
1386 1281 1428 1342 sit
1441 1279 1485 1341 bll

139 1370 309 1443 declinatio,
335 1370 424 1430 IIMF
444 1377 604 1448 aequator;
630 1368 688 1429 erit
711 1368 802 1447 igitur
824 1386 984 1450 processus
1007 1369 1097 1443 idem,
1122 1378 1154 1432 et
1168 1371 1259 1445 scias,
1283 1369 1342 1431 hoc
1357 1387 1485 1448 processu

137 1461 271 1522 tabulam
300 1477 367 1519 esse
396 1459 522 1528 tactam,
560 1476 597 1517 ex
627 1476 684 1535 qua
713 1458 854 1536 Maginus
880 1459 970 1537 jubet
1002 1475 1174 1536 excerpere.
1228 1458 1281 1520 Sic
1312 1456 1485 1536 Origauus

137 1546 323 1612 <Ephoroerider
342 1545 576 1609 Brandenburgicne
596 1546 627 1593 ab
640 1558 662 1594 a
680 1542 862 1594 toto-1655.
883 1546 998 1596 Frsnlol.
1013 1545 1046 1595 sd
1059 1544 1107 1595 Od.
1123 1542 1200 1597 1600.
1220 1545 1278 1596 Vol.
1291 1545 1311 1595 1.
1331 1561 1357 1609 p.
1372 1540 1424 1595 386
1435 1541 1484 1609 req.)

138 1641 203 1682 curn
227 1638 280 1680 suo
304 1619 392 1678 modo
416 1626 448 1676 et
472 1616 575 1676 tabula
601 1618 690 1694 plane
720 1617 774 1677 hoc
803 1627 957 1696 praestat,
993 1618 1070 1697 quod
1094 1636 1151 1696 ego
1175 1636 1267 1697 snpra
1292 1617 1381 1678 docui
1404 1618 1484 1697 primo

138 1709 290 1770 schemate
322 1725 376 1785 per
408 1713 549 1765 secantes
586 1706 737 1774 (Vichenius
765 1714 863 1763 scribit:
894 1716 993 1765 modum
1017 1722 1089 1764 tuum
1113 1713 1286 1765 constituendi
1309 1714 1350 1764 rol
1378 1698 1485 1778 cedendi

138 1804 265 1861 aspectus,
291 1794 420 1844 diridendo
439 1801 568 1842 secantem
586 1792 624 1841 rel
643 1791 808 1842 differentiam
827 1795 966 1844 latitudiuis
985 1793 1030 1844 to.
1050 1809 1097 1844 nec
1116 1809 1163 1861 ego
1190 1810 1238 1844 nec
1257 1794 1386 1860 Origenes
1404 1792 1485 1858 noted

137 1872 291 1941 pessumus).
337 1865 458 1928 Invenit
482 1865 573 1935 enim,
609 1873 751 1943 quantum
776 1866 916 1943 planetae
942 1866 1073 1928 debeant
1096 1867 1210 1928 distare
1239 1866 1270 1927 in
1295 1866 1433 1940 zodiaco,
1460 1871 1485 1923 ot

138 1959 179 2019 sit
209 1957 287 2016 inter
314 1955 446 2037 ipsorum
475 1971 601 2032 corpora
627 1953 779 2031 perlectus
804 1964 956 2032 aspectus.
1003 1954 1198 2025 Nesciebem,
1231 1953 1355 2016 tabulas
1388 1952 1483 2015 hosio

137 2045 261 2124 Mogino
285 2043 333 2104 vel
357 2041 492 2122 Origene
516 2041 651 2101 inveniri.
698 2042 814 2120 Magiui
838 2053 937 2103 tamen
963 2044 1146 2105 seutentiam
1174 2044 1212 2104 de
1241 2051 1408 2123 sequerere
1438 2058 1483 2100 non

138 2143 210 2215 puto
235 2140 360 2193 naturae
385 2137 627 2191 consentaneam.
674 2129 868 2192 Planetarom
892 2140 924 2192 et
947 2130 1028 2193 Solis
1053 2132 1110 2193 iter
1134 2143 1182 2193 est
1205 2132 1235 2193 in
1259 2131 1402 2193 zodiaco:
1424 2122 1483 2190 'iude

125 2231 187 2283 fest
210 2222 256 2282 ris
279 2220 417 2299 partibus
441 2218 556 2279 zodiaci
580 2218 664 2278 radio
688 2220 797 2279 stellae
813 2219 904 2280 tactis
920 2220 1058 2281 morendi
1082 2229 1232 2295 naturam,
1257 2239 1326 2282 cum
1350 2238 1404 2281 eae
1424 2237 1482 2298 par·

139 2320 186 2372 tes
210 2310 248 2371 ad
272 2310 468 2386 horoscopum
492 2305 624 2367 veniunt.
672 2305 788 2368 Sufficit
810 2309 917 2387 igitur,
943 2319 977 2371 ut
999 2317 1147 2391 aequatur
1168 2316 1308 2388 praestet
1331 2324 1483 2369 mensuram

140 2398 283 2478 temporis
307 2395 519 2458 directionis.'

227 2509 263 2586 4)
291 2511 483 2572 Ptolemaeus
512 2494 589 2570 iorte
614 2503 785 2592 ὁλοσχερως
813 2519 844 2571 et
873 2511 1021 2591 pinguiori
1045 2511 1183 2573 Minerva
1206 2509 1342 2586 dixerat,
1377 2509 1482 2591 gradem

139 2600 312 2682 aequetoris
337 2598 364 2660 in
390 2597 552 2659 directione
582 2598 751 2676 significare
777 2619 886 2660 aunum
923 2606 1089 2672 (Vicissim
1109 2609 1227 2676 Magium
1244 2611 1380 2677 gloriatur.
1406 2606 1482 2658 lidio·

139 2691 197 2740 dnm
215 2712 249 2722 -
268 2690 294 2738 in
313 2686 450 2736 Commeat.
471 2688 503 2736 ad
515 2685 685 2735 Ptolemaeum
707 2715 738 2724 -
757 2689 838 2736 verius
857 2702 931 2752 quam
951 2695 1047 2738 cetoros
1066 2696 1209 2739 assecutum
1227 2690 1305 2740 inisse
1318 2687 1481 2740 montenl‘to

138 2761 229 2810 lernaei
247 2761 273 2808 in
292 2759 482 2817 directionibus,
507 2763 533 2806 et
552 2757 649 2806 modurn
669 2759 745 2820 ipsius
765 2761 895 2808 convenire
920 2774 976 2808 cunr
995 2761 1130 2810 moderno
1149 2759 1194 2811 6ο.
1231 2760 1301 2811 Num
1319 2759 1362 2811 hic
1379 2773 1444 2809 retur
1458 2758 1483 2804 rit

138 2843 224 2891 modus
242 2840 417 2895 Ptolomeicus,
437 2844 462 2887 ot
480 2838 553 2901 quale
571 2845 641 2888 tunm
659 2841 691 2887 sit
701 2839 829 2901 judicium,
848 2840 945 2902 postulo
958 2844 984 2889 et
997 2833 1124 2904 expecto).
1163 2831 1254 2906 Sane,
1281 2833 1354 2912 quia
1376 2840 1481 2893 eventus

139 2922 335 2986 directionum
361 2938 417 2980 non
443 2921 480 2978 ad
505 2919 720 2980 subtilissimas
745 2920 885 2980 minutias
909 2921 1103 3000 respondent,
1125 2921 1245 3000 putarit
1263 2921 1425 2982 mittendas
1437 2914 1481 2977 mi-

139 3012 255 3084 nutias,
288 3020 319 3070 et
342 3018 423 3069 recte
448 3007 578 3086 quidem.
624 3007 837 3082 Recentiores,
863 3006 1035 3083 Cardanus,
1061 3011 1216 3089 Maginus,
1240 3008 1482 3083 1666063,οη-

140 3102 232 3172 hcns,
270 3097 406 3158 minutim
436 3096 536 3156 omnia
569 3104 800 3170 consectantes,
839 3096 951 3159 rectius
980 3098 1182 3173 contendunt,
1221 3090 1312 3161 660ο
1333 3095 1482 3178 significant

140 3183 247 3268 3661]ι
275 3204 379 3246 aunos.
426 3183 513 3243 Meus
546 3185 651 3245 modus
681 3186 832 3246 consentit
861 3186 990 3247 maxime
1014 3206 1079 3247 cum
1103 3187 1243 3263 Braheo,
1278 3186 1348 3267 qui,
1382 3195 1415 3247 ut
1439 3198 1482 3261 ego

139 3296 193 3358 per
220 3273 335 3336 zodiaci
364 3291 451 3334 arcus
476 3273 572 3353 dirigo
594 3272 712 3350 Solem,
736 3275 782 3335 ita
805 3274 870 3354 ipse
895 3293 950 3354 per
972 3276 1144 3356 aequetoris
1166 3295 1255 3339 arcus
1279 3270 1482 3339 coorieutosin

142 3372 227 3427 recta
250 3363 389 3442 sphaera.

229 3469 264 3545 5)
298 3466 386 3538 Quod
414 3466 603 3528 Peucerus
627 3468 668 3539 (in
680 3476 740 3527 libro
759 3478 790 3527 ds
803 3477 990 3530 Divinationum
1003 3480 1135 3545 generibus
1147 3473 1304 3545 praecipuis)
1327 3478 1415 3552 putat
1434 3481 1485 3527 cun

140 3560 287 3648 Herlicio,
313 3576 366 3618 eas
390 3556 557 3619 censendas
582 3576 650 3619 esse
673 3558 864 3638 planetarum
887 3560 1009 3636 domos,
1039 3578 1116 3639 quae
1141 3559 1421 3623 constellationibus
1441 3553 1485 3615 dc·

141 3650 325 3719 scribuntur,
359 3665 414 3707 nec
442 3645 627 3724 incipiendae
656 3647 694 3708 ab
726 3648 930 3726 aequinoctio,
964 3649 1018 3710 sed
1048 3669 1067 3709 a
1094 3649 1192 3728 prima
1215 3648 1339 3712 arietis:
1372 3645 1484 3728 speciem

139 3739 232 3799 habet
255 3736 328 3809 reri,
353 3736 396 3796 sic
420 3735 497 3796 enim
522 3743 554 3795 et
577 3754 644 3796 cum
667 3736 771 3796 Lunae
794 3737 999 3799 mansionibus
1024 3738 1065 3799 fit.
1113 3737 1250 3799 Atride
1275 3737 1354 3801 libro
1376 3730 1484 3799 meede

140 3826 262 3900 „Stella
285 3824 495 3904 Serpeutarii“
526 3824 708 3885 sententiam
732 3844 843 3901 meam,
877 3826 969 3886 ctiam
997 3846 1035 3887 ex
1058 3835 1158 3888 mente
1186 3826 1410 3907 astrologorum
1434 3822 1485 3883 ior·

141 3923 262 3989 matam‚
288 3913 419 3974 Peucero
444 3911 643 3974 contrariam:
673 3912 731 3974 etsi
755 3922 869 3975 totum
894 3916 1061 3977 domuum
1084 3914 1275 3993 negotium
1298 3923 1484 3978 contemno·

229 4028 314 4089 Haec
338 4027 376 4087 ad
402 4028 506 4089 literas
530 4028 558 4088 d.
584 4029 613 4089 d.
639 4026 691 4090 25.
717 4028 832 4089 Martii.
879 4031 965 4092 Nunc
990 4029 1029 4091 ad
1053 4037 1215 4110 sequentes
1242 4027 1293 4093 18.
1317 4030 1412 4110 Maji:
1449 4016 1452 4023 ¹

233 4116 264 4188 l)
296 4114 395 4189 Petis,
426 4123 459 4177 ut
483 4115 567 4176 brevi
588 4125 752 4196 praecepto
776 4126 807 4178 te
826 4117 939 4195 juvem,
964 4119 1117 4194 utscias,
1149 4114 1484 4199 quantum-Ceperoi·

141 4205 246 4268 canis
270 4204 433 4264 motibus
457 4205 695 4281 planetarum
719 4205 953 4280 sitaddeudum,
978 4206 1389 4286 quantumsuhtrahendnm.
1425 4201 1484 4268 Dixi

137 4295 200 4375 jam
234 4288 325 4370 saepe
359 4301 390 4353 et
422 4293 548 4370 scripsi,
581 4312 643 4354 rern
671 4302 833 4373 praecepto
858 4296 1070 4375 comprehendi
1098 4315 1157 4357 non
1180 4314 1283 4376 posse.
1332 4295 1484 4359 Brohens

139 4385 205 4463 ipse
229 4381 273 4443 sic
297 4380 375 4459 egit:
409 4381 560 4454 ostendit,
595 4383 792 4460 quantumin
816 4385 1046 4447 excentricitats
1070 4385 1266 4458 mutandum,
1300 4379 1484 4465 quantumin

141 4490 296 4551 apogaeo,
331 4477 474 4548 quantum
508 4469 537 4530 in
570 4470 762 4549 proportione
796 4471 930 4546 orbium,
964 4474 993 4535 iu
1024 4482 1106 4535 motu
1130 4473 1247 4549 medio,
1281 4473 1313 4535 in
1338 4471 1483 4537 leontino

140 4562 281 4623 maxime.
329 4556 447 4628 Quibus
478 4559 651 4620 constitutis
679 4560 774 4637 jussit
805 4569 913 4639 postca
946 4562 1096 4624 calculare
1134 4569 1233 4623 motus
1262 4562 1355 4625 modo
1383 4561 1483 4624 usitato

140 4649 170 4710 iu
192 4646 362 4710 Prntcnicis
387 4656 418 4707 et
441 4646 647 4727 Alpheusiuis,
673 4656 790 4710 tanturn
814 4650 958 4711 correctis
981 4650 1145 4731 principiis.
1192 4650 1344 4729 Exemplo
1364 4644 1483 4730 ingentis

139 4736 309 4809 varietatis,
333 4754 409 4815 quae
434 4736 481 4797 his
504 4754 543 4796 cx
565 4735 718 4816 principiis
743 4737 853 4814 oritur,
883 4738 925 4800 sit
948 4739 1001 4801 tibi
1025 4740 1138 4801 Mars.
1185 4738 1276 4800 Anno
1290 4735 1389 4804 1606.
1409 4735 1483 4818 prin·

140 4826 217 4906 cipio
240 4824 312 4888 anui
336 4833 376 4888 st.
399 4845 428 4887 u.
451 4824 547 4904 incipe
570 4825 682 4887 addere
711 4826 775 4906 ejus
807 4827 883 4891 locis
906 4827 1096 4899 Prntcnicis‚
1127 4824 1181 4892 22.
1203 4826 1297 4893 Febr.
1326 4827 1406 4893 adde
1424 4824 1485 4907 plo·
