3278 5542
686 313 786 360 ΝΜ
803 306 901 360 nnana
1415 305 1482 376 2⁴5

118 480 181 526 sum
208 479 328 547 quoque
351 464 516 542 concludit,
549 467 627 546 quod
651 467 856 530 consideranti
886 467 974 530 facile
999 475 1095 548 patet.
1141 468 1292 531 Numerus
1317 471 1480 549 quaeritur,

118 552 166 633 qni
190 552 312 633 legibus
335 553 491 634 imperatis
515 563 667 619 tractatus
691 564 807 620 certum
830 558 901 639 quid
927 558 1049 619 efficiat.
1097 556 1250 637 Arripitur
1275 558 1379 620 obvius
1395 560 1481 640 quis-

118 659 188 721 que,
225 650 376 707 tractatur
397 645 464 724 lege
488 643 645 724 imperata,
671 647 696 706 si
722 647 800 727 quod
820 647 944 725 jubetur
968 646 1077 720 efficit,
1103 647 1186 726 ipsus
1207 653 1255 707 est
1279 645 1327 728 qui
1352 666 1482 727 quaerc-

118 731 223 806 bstur,
247 733 295 795 siu
318 732 424 808 miuus,
448 733 545 795 falsus
569 741 627 798 est.
673 736 739 797 Hoc
764 736 843 797 idem
867 735 896 796 in
914 736 1016 797 altero·
1036 744 1181 809 tentatur,
1206 736 1324 815 utrique
1347 730 1426 800 inte'r
1448 757 1481 800 se
1568 818 1571 823 Δ

118 830 331 900 comparantur
358 831 390 885 et
412 830 603 902 utrorumque
632 834 775 905 peccata,
816 843 939 905 quorum
963 825 1072 886 intuitu
1095 843 1185 886 verus
1207 824 1329 887 tandem
1353 825 1482 888 elicitur.

118 908 195 972 Huic
221 910 292 989 qnid
315 911 344 972 in
368 912 578 974 astronomicis
604 913 820 996 hypothesibus
843 913 941 975 simile
966 913 1015 988 sit,
1041 914 1148 975 iisdem
1170 913 1329 976 verbomm
1342 915 1481 995 vestigiis

118 998 230 1087 dicam.
277 996 471 1081 Hypotheses
495 1011 689 1080 quaeruntur,
720 1022 796 1083 quae
820 1002 895 1065 coeli
919 1003 1049 1065 motibus
1079 1002 1292 1080 respondeant.
1339 1003 1481 1082 Alphou-

118 1087 202 1149 sinae
228 1107 355 1169 peccare
379 1088 655 1169 deprehenduntur,
680 1089 908 1172 Coperuicanae
932 1092 1046 1153 itidem.
1092 1091 1139 1152 At
1161 1090 1258 1151 solers
1282 1091 1393 1153 artifex
1415 1092 1481 1154 col-

118 1177 234 1239 latione
263 1185 455 1260 utrammque
481 1178 626 1242 instituta
653 1188 685 1242 et
714 1180 870 1243 subductis
899 1181 1122 1243 aberratiouum
1156 1179 1323 1241 rationibus
1360 1182 1482 1243 tertium

118 1264 234 1346 aliquid
256 1267 375 1342 statuit,
401 1267 479 1349 quod
503 1286 633 1331 errorem
656 1289 774 1332 omnem
797 1269 879 1331 circa
901 1269 1120 1350 praedicendus
1144 1269 1220 1330 coeli
1243 1275 1342 1330 motus
1366 1270 1480 1350 effugit,

118 1372 212 1436 eoque
236 1355 325 1418 modo
349 1365 491 1436 utrasque
514 1356 584 1420 illas
607 1359 791 1440 hypotheses
805 1359 940 1440 corrigit.
987 1356 1067 1428 Quid
1082 1357 1131 1419 hic
1155 1365 1211 1432 est,
1237 1358 1315 1437 quod
1333 1377 1388 1437 pro
1403 1359 1481 1421 Urso

118 1443 233 1507 faciat?
279 1445 461 1525 Proponitur
491 1447 577 1509 uobis
606 1448 636 1509 in
664 1448 729 1528 ejus
754 1448 891 1527 exemplo
920 1447 1026 1508 modus
1049 1466 1142 1518 unus,
1175 1447 1258 1526 isque
1290 1447 1427 1526 obliquus
1450 1455 1482 1509 et

118 1531 254 1615 ismae,
279 1551 335 1613 quo
350 1535 449 1597 solent
472 1535 636 1599 astronomi
661 1536 844 1620 hypotheses
869 1537 1063 1617 investigare.
1109 1534 1195 1597 Atis
1220 1536 1378 1597 ostendere
1393 1535 1480 1597 vole-

118 1624 181 1708 bat,
218 1623 366 1702 quomodo
394 1643 432 1685 ex
460 1624 526 1706 jaro
557 1627 724 1687 constituta
759 1626 837 1688 falsa
868 1625 1027 1707 hypothesi
1055 1644 1157 1686 verum
1190 1631 1221 1685 et
1249 1624 1326 1686 coeli
1350 1624 1481 1688 motibus

118 1711 267 1792 matogon
292 1712 523 1776 demonstretur.
571 1715 606 1777 Iu
630 1716 736 1794 regula
764 1715 834 1777 falsi
860 1733 999 1777 numerus
1029 1714 1124 1775 falsus
1153 1714 1261 1775 falsum
1290 1713 1360 1794 quid
1390 1714 1480 1775 etiam

118 1801 280 1867 accludit.
314 1801 412 1864 Ursus
427 1802 583 1866 contendit
601 1823 639 1865 ex
653 1804 740 1865 falsis
755 1804 973 1886 hypothesibus
989 1802 1199 1864 astronomicis
1215 1820 1317 1863 verum
1331 1802 1479 1864 concludi.
1512 1832 1523 1841 .,

201 1889 340 1964 Decimo,
370 1899 530 1971 postquam
544 1911 633 1968 suam,
647 1893 744 1955 Ursus
759 1893 941 1954 senteutiam
960 1893 990 1954 in
1007 1892 1104 1954 aciem
1118 1889 1268 1971 produxit,
1278 1909 1353 1953 ‘eam
1367 1899 1476 1953 aucto-

118 1979 205 2047 ritate
230 1979 327 2041 munit
348 1979 483 2044 ridicula
532 1980 614 2051 Quid
640 1981 719 2043 enim
742 1990 925 2044 memorent
944 1981 1087 2061 ignotus?
1133 1982 1240 2060 ltaque
1256 1979 1352 2044 Ursus
1368 1990 1475 2042 aucto-

118 2068 197 2131 ritati
224 2087 298 2131 suae
322 2069 534 2132 auctoritatem
566 2070 630 2150 ipse
664 2070 819 2139 conciliat.
858 2080 1011 2132 auctorem
1036 2069 1138 2132 dicens
1162 2088 1230 2130 esse
1263 2068 1477 2148 pereruditum.

118 2154 232 2221 levabo
248 2158 436 2221 laborantem
450 2158 577 2234 Ursom3
610 2161 667 2222 fuit
682 2160 748 2239 ejus
762 2160 961 2241 praefationis
981 2167 1095 2231 auctor,
1120 2157 1146 2220 si
1166 2157 1279 2231 nescis,
1304 2157 1478 2219 Andreas

118 2243 320 2319 Osiander,
343 2254 377 2308 ut
391 2240 563 2331 Hieronymi
582 2248 753 2312 Schreiberi
768 2249 1008 2327 ,Noribergensis
1032 2249 1087 2321 (ad
1111 2266 1198 2328 quern
1212 2244 1357 2309 Schoneri
1382 2264 1476 2326 quae-

118 2336 183 2399 tam
207 2335 416 2415 praefationes
438 2342 577 2411 exstant)
600 2358 707 2400 manus
731 2338 760 2400 in
784 2358 849 2400 meo
865 2337 1027 2417 exemplari
1045 2336 1171 2399 visenda
1190 2342 1332 2397 testatur.
1345 2329 1372 2407 ⁹)
1419 2334 1479 2405 Qui

118 2444 295 2507 quamquam
318 2426 387 2488 Ursi
411 2428 582 2489 sententiae
607 2428 853 2508 quamproxime
877 2428 1076 2505 suffragator,
1102 2433 1202 2488 tamen
1227 2433 1259 2484 et
1282 2423 1407 2503 aequior
1431 2431 1480 2484 est

118 2534 148 2579 eo
170 2522 206 2576 et
230 2513 390 2576 dilucidius
414 2534 447 2577 se
471 2516 614 2596 explicat.
661 2515 741 2587 Quid
765 2518 864 2596 ipsum
878 2517 1015 2588 moverit,
1039 2534 1097 2576 non
1114 2514 1345 2575 estobscurum.
1383 2512 1477 2576 Nori·

118 2605 225 2685 hergae
250 2603 500 2678 domiciliabatnr,
526 2605 576 2666 uhi
600 2614 664 2667 tum
688 2605 833 2667 edebatur
849 2624 923 2685 opus
939 2603 1108 2684 Coperuici.
1157 2600 1232 2665 Cum
1254 2601 1345 2680 igitur
1360 2610 1478 2664 amaret

118 2693 319 2763 mathemata,
350 2710 408 2754 uou
438 2694 537 2773 potuit
567 2714 626 2756 nou
655 2714 757 2756 amare
784 2704 848 2756 tam
875 2694 1064 2774 praeclarum
1092 2711 1182 2770 opus;
1214 2700 1336 2753 etcum
1359 2691 1478 2753 videret

118 2780 361 2861 ωραδοξοτατον
383 2787 478 2862 cayna
505 2783 542 2844 de
566 2792 650 2845 motu
673 2784 798 2858 Terrae,
828 2785 872 2846 sic
896 2782 1006 2845 statuit
1032 2781 1255 2861 infringendam
1278 2780 1475 2860 cupiditatem

118 2875 142 2937 iu
169 2871 337 2933 lectoribus
361 2890 458 2934 rerum
482 2891 635 2936 novarum.
681 2873 776 2952 Atqui
800 2891 817 2932 o
841 2871 1007 2945 Osiander,
1039 2871 1167 2951 quiden
1196 2877 1226 2930 te
1255 2868 1474 2950 desperationis

118 2960 227 3038 adegit,
253 2968 287 3022 ut
309 2979 346 3021 ex
371 2961 557 3022 astronomia
580 2963 617 3023 de
640 2980 713 3023 vera
735 2961 836 3022 mundi
861 2960 938 3021 facie
962 2961 1036 3021 nibil
1050 2959 1126 3020 certi
1149 2957 1249 3036 colligi
1274 2975 1364 3038 posse
1389 2957 1474 3019 dice-

118 3050 184 3115 res?
209 3051 272 3124 An,
297 3050 347 3128 qui
369 3049 571 3128 peritissimus
596 3070 664 3113 eras
687 3050 794 3112 harum
817 3068 925 3119 rerum,
952 3049 1114 3110 etiamnum
1138 3046 1299 3108 dubitabas
1323 3047 1360 3108 de
1384 3045 1474 3108 rebus

118 3138 371 3203 evidentissimis?
425 3140 546 3201 Incerta
579 3140 632 3202 tibi
672 3140 833 3201 etiamnum
873 3147 939 3199 erat
976 3137 1129 3218 proportio
1163 3135 1245 3198 Solis
1278 3135 1317 3197 ad
1350 3136 1473 3197 Terram

118 3228 235 3309 prodita
259 3227 299 3288 ab
323 3229 504 3290 astronomis
529 3239 558 3290 et
583 3237 728 3290 sexcenta
751 3228 940 3307 hujusmodi?
988 3226 1022 3289 Si
1047 3227 1121 3288 haec
1142 3245 1191 3287 ars
1216 3244 1325 3286 causas
1341 3232 1474 3287 motuum

118 3317 291 3398 simpliciter
314 3316 442 3396 ignorat,
467 3326 631 3398 propterea
657 3319 726 3397 qnia
750 3317 821 3378 nihil
847 3317 954 3391 credis,
980 3317 1037 3377 uisi
1062 3316 1138 3395 quod
1162 3313 1257 3388 vides,
1283 3314 1353 3394 quid
1375 3313 1474 3375 medi-

118 3406 197 3471 cinas
222 3405 291 3479 liet,
325 3405 355 3467 iu
379 3408 527 3488 qusquis
551 3425 680 3487 unquam
705 3407 837 3469 medicus
861 3425 984 3467 causam
1008 3404 1103 3467 morbi
1125 3403 1202 3466 vidit
1224 3403 1304 3464 intus
1329 3403 1474 3465 latentem

118 3496 215 3568 aliter,
246 3493 305 3556 nisi
329 3514 367 3556 ex
390 3494 487 3575 signis
510 3502 542 3557 et
565 3497 775 3578 symptomatis
800 3506 887 3556 extra
914 3513 1021 3576 corpus
1050 3494 1079 3554 in
1108 3511 1215 3553 seusus
1243 3491 1471 3565 incurrentibus,

118 3584 237 3666 perinde
263 3591 296 3644 ut
318 3591 509 3648 asnonomus
533 3605 570 3646 ex
594 3587 751 3647 stellarum
776 3585 834 3645 situ
859 3581 1038 3663 aspectabili
1063 3582 1099 3644 de
1128 3582 1223 3641 forma
1247 3588 1347 3640 motus
1371 3599 1472 3641 eorum

118 3674 321 3739 ratiocinatur.
369 3671 432 3734 Sed
455 3675 494 3735 ad
518 3674 627 3737 Ursum
652 3684 855 3736 revertamur:
889 3673 936 3733 cui
965 3672 1020 3732 hoc
1045 3671 1081 3731 de
1104 3678 1184 3731 teste
1214 3687 1268 3729 suo
1297 3668 1378 3742 dico,
1414 3687 1473 3728 non

118 3782 181 3827 usse
222 3761 300 3822 omni
336 3762 514 3841 exceptione
545 3763 700 3842 majorem.
756 3762 834 3822 Vult
866 3761 896 3821 in
929 3761 1035 3821 eadem
1066 3756 1254 3839 praefatione
1291 3756 1473 3835 persuadere

118 3852 232 3925 lectori,
259 3868 317 3912 uon
342 3851 435 3913 fuisse
459 3852 489 3914 iu
514 3851 570 3913 hac
594 3853 748 3914 sententia
772 3849 980 3929 Copemicum,
1005 3866 1075 3908 vere
1091 3848 1214 3909 Terram
1237 3844 1359 3906 moveri.
1398 3843 1474 3906 Sta-

118 3941 167 4005 tim
191 3941 291 4020 ipsuru
313 3940 343 4000 in
368 3939 468 4002 limine
487 3941 601 4003 refutat
622 3942 687 4021 ipse
704 3940 898 4018 Coperuicus.
945 3936 1107 4016 Suggessit
1120 3932 1471 4012 Funccio'Ohrouologo

118 4031 139 4095 si
162 4030 241 4092 fides
264 4027 307 4090 illi
329 4028 393 4092 viro
417 4029 585 4104 tribuenda,
609 4049 668 4091 non
692 4040 911 4107 retrogressum
925 4046 992 4088 esse
1008 4026 1110 4089 Solem
1125 4025 1152 4086 in
1169 4024 1298 4103 gratiam
1312 4022 1471 4094 Ezechiae,

118 4120 166 4183 scd
198 4126 319 4180 tantum
348 4118 484 4180 umbram
512 4120 677 4199 gnomonis.
726 4116 822 4188 Quasi
851 4118 924 4179 haec
958 4117 996 4178 ab
1028 4115 1155 4177 invicem
1187 4113 1323 4192 separari
1351 4118 1472 4193 queant,

118 4228 180 4271 cum
211 4214 335 4269 constet
357 4226 395 4267 ex
424 4207 552 4269 lectione
580 4207 614 4270 S.
644 4207 832 4288 Scripturae,
866 4205 1077 4268 universaliter
1110 4203 1349 4264 animadversum
1381 4201 1472 4263 fuisse

118 4296 302 4361 miraculum.
350 4293 500 4358 Graviora
523 4297 666 4368 absurda,
701 4316 777 4376 quae
801 4295 856 4358 hoc
879 4295 971 4357 etiam
996 4293 1145 4373 ingenium
1169 4309 1315 4370 occupare
1338 4299 1472 4369 potuere,

118 4387 253 4466 relinquo
276 4383 346 4447 eliis
369 4385 562 4465 exquirendo.
610 4385 690 4457 Quid
714 4385 817 4447 mirum
841 4403 928 4464 ergo,
961 4384 987 4445 si
1015 4383 1044 4444 iu
1070 4380 1200 4443 mathesi
1224 4398 1354 4461 quoque,
1385 4397 1473 4459 quam

118 4475 233 4541 roravit
256 4493 314 4535 uon
339 4474 493 4552 professus
511 4484 570 4549 est,
595 4474 787 4536 exorbitavit.
835 4472 951 4536 Contra
975 4492 1042 4534 eum
1065 4473 1141 4533 sisto
1156 4469 1362 4541 Aristotelem,
1373 4467 1474 4545 'cujus

118 4563 371 4629 existimationem
393 4563 430 4624 de
455 4563 636 4626 astronomis
659 4565 747 4642 longe
771 4561 1001 4642 praeclariorem
1025 4579 1116 4639 supra
1140 4558 1237 4638 tetigi.

204 4653 276 4717 Non
300 4659 471 4714 esttamen
495 4652 745 4733 praetereundum
769 4660 801 4712 et
824 4651 997 4720 notandum,
1022 4649 1116 4711 videri
1135 4647 1314 4710 Osiandmm
1334 4643 1473 4706 simulate

118 4742 277 4824 scripsisse
310 4759 368 4802 non
396 4759 434 4803 ex
464 4741 556 4804 animi
579 4741 747 4816 sententia,
776 4759 863 4802 usum
886 4758 990 4819 nempe
1015 4736 1221 4801 Ciceronianis
1245 4736 1282 4796 de
1306 4733 1475 4813 Republica

118 4829 274 4906 matis,
306 4847 373 4891 cum
397 4827 563 4915 Oopcrnico
593 4824 740 4899 metueret
762 4851 782 4891 a
804 4829 894 4911 volgo
923 4827 1185 4911 philosophorum,
1220 4844 1256 4887 ns
1285 4821 1473 4889 absurditate
