3278 5542
144 313 188 379 52
742 315 904 368 neaeman

145 475 314 537 mutandus.
362 471 442 544 Quia
464 473 557 552 igitur
579 480 693 535 certum
715 492 808 554 penes
836 493 891 534 vos
927 473 1046 536 minime
1076 480 1156 548 erat,
1187 473 1434 535 inveteraturaue
1467 471 1507 533 sit

145 565 220 626 haec
244 563 371 626 mutatio
395 581 449 624 uec
473 582 521 638 ne,
546 561 620 623 uihil
644 562 691 623 hic
714 571 837 638 temere,
862 562 934 624 nihil
952 582 1032 623 vana
1051 563 1180 644 quadam
1199 563 1413 647 desperatione
1436 579 1505 622 cor-

145 654 338 736 rumpendum
362 671 429 713 esse
453 651 619 732 putabatis,
646 653 723 731 quod
748 651 883 733 nequiret
906 652 935 713 iu
955 661 1108 732 posterum
1121 653 1250 715 restitui.
1284 651 1423 732 Denique
1438 667 1503 710 ruo-

146 744 276 818 uebatis,
302 750 441 804 eventum
464 740 658 821 profectionis
682 761 768 803 meae
792 742 820 802 in
845 742 958 803 incerto
983 760 1060 810 esse,
1085 741 1207 822 fierique
1230 760 1336 821 posse,
1360 750 1395 801 ut
1420 737 1502 801 Cha·

146 833 250 915 rybdiu
270 831 370 893 vitans
393 831 423 892 in
445 829 579 911 Scyllam
600 830 738 891 incidam.
772 830 814 891 Et
828 830 902 891 haec
918 831 1036 911 quidem
1057 841 1234 910 argumenta
1250 838 1312 892 tum
1327 830 1501 911 valuerunt:

139 923 204 1003 jam
226 929 389 1002 postquam
412 939 450 981 ex
473 920 530 980 hac
554 939 654 981 annua
683 919 776 980 veluti
810 920 881 981 crisi
913 920 949 980 de
982 921 1134 983 turbarum
1167 920 1272 983 harum
1299 919 1383 982 exitu
1409 919 1502 998 deque

144 1011 279 1073 uenturis
303 1009 487 1090 temporibus
507 1009 652 1088 judicium
672 1010 771 1071 facere
792 1009 899 1072 didici:
924 1009 1163 1089 respondendnm
1182 1017 1231 1072 est
1249 1008 1362 1090 aliquid
1382 1008 1422 1068 ad
1446 1025 1500 1086 op-

143 1101 262 1181 positas
286 1099 430 1161 rationes.
470 1095 558 1168 Quod
583 1099 699 1179 quidem
724 1099 841 1174 faciam,
868 1116 992 1161 exorsus
1017 1099 1054 1160 ab
1073 1099 1189 1161 ultima.
1229 1097 1433 1178 Quaecunque
1456 1115 1500 1156 ure

145 1209 274 1271 namque
291 1191 411 1251 fortuna
425 1197 569 1267 sequatur
583 1188 643 1250 alio
663 1189 840 1268 profectum,
865 1196 980 1250 certum
1002 1188 1109 1263 habeo,
1134 1189 1311 1251 atrociorem
1334 1206 1396 1249 non
1419 1187 1500 1247 futu·

144 1299 218 1356 ram,
244 1297 331 1359 quam
356 1297 431 1359 quae
456 1276 542 1338 nobis
566 1277 709 1358 impendit
732 1278 859 1339 durante
882 1277 939 1338 hac
962 1277 1048 1357 Reip.
1072 1286 1194 1340 nostrae
1218 1278 1324 1341 forma.
1370 1276 1504 1342 Ventum

146 1376 194 1429 est
208 1370 273 1448 jam
288 1369 326 1428 ad
343 1368 433 1428 exilia
447 1366 575 1427 civium:
602 1387 677 1447 qnae
702 1367 814 1428 indicta
837 1376 915 1440 suut,
941 1368 1162 1447 repraesentari
1181 1367 1311 1429 nondum
1329 1371 1500 1446 coepemut,

145 1468 304 1539 postquam
327 1455 453 1536 principi
477 1456 558 1516 cives
583 1456 804 1535 supplicarunt,
835 1475 1068 1537 responsumque
1097 1456 1241 1519 differtur.
1289 1453 1349 1526 Qui
1372 1474 1412 1516 ex
1435 1455 1502 1516 aula

145 1548 175 1608 in
200 1547 277 1609 hanc
301 1545 481 1606 mentionem
506 1545 658 1619 incidunt,
688 1547 829 1624 graviora
858 1547 1028 1607 minantur:
1063 1565 1185 1626 quorum
1213 1564 1303 1607 voces
1331 1544 1358 1606 si
1381 1543 1501 1606 oracula

146 1637 215 1709 sint,
241 1653 391 1716 uunquam
405 1634 619 1695 commissurus
633 1643 682 1695 est
694 1635 842 1715 princeps,
868 1643 902 1696 ut
924 1635 972 1695 rel
996 1634 1170 1696 Lutherauo
1194 1635 1278 1696 locus
1300 1634 1329 1695 in
1354 1634 1429 1695 urbe
1452 1633 1499 1708 sit,

145 1725 199 1797 vel,
226 1724 322 1787 libera
355 1723 496 1803 migranti
528 1732 667 1802 potestas
699 1723 863 1797 evehendi‚
898 1724 1119 1798 commutandi,
1150 1724 1296 1786 vendendi
1325 1722 1407 1784 bona
1440 1742 1501 1785 sua

146 1813 362 1893 Confingentur
386 1813 457 1885 doli,
484 1812 590 1890 quibus
614 1814 643 1874 iu
668 1813 792 1875 crimina
810 1813 980 1892 majestatis
1000 1813 1189 1893 implicentur
1205 1815 1296 1887 cives,
1322 1822 1356 1874 ut
1379 1812 1501 1891 rapinae

144 1911 337 1984 praetextum
369 1901 502 1963 habeant
525 1902 675 1980 justitiae.
724 1900 870 1965 Carceres
899 1902 993 1982 primo
1025 1903 1124 1982 parati
1158 1912 1263 1972 eruut,
1294 1909 1358 1964 tum
1389 1901 1501 1963 multae

143 1992 345 2072 pecuniariae,
371 1992 477 2072 quibus
502 1991 545 2051 illi
569 1991 771 2065 redimantur3
796 1993 921 2071 denique
941 1991 1027 2053 bouis
1051 1991 1207 2070 dissipatis
1231 1991 1331 2054 exilia.
1375 1991 1419 2053 Et
1438 1990 1500 2070 jam

145 2083 264 2163 quidem
287 2080 432 2162 incipiunt
457 2080 589 2160 irrogare
614 2082 726 2142 multas
750 2082 948 2161 pecuniarias.
988 2079 1047 2152 Qui
1072 2083 1215 2142 infantem
1241 2081 1279 2142 ad
1303 2080 1387 2141 verbi
1413 2080 1498 2142 mini-

145 2179 239 2233 strum
263 2171 292 2232 in
318 2191 386 2232 arce
410 2171 511 2250 aliqua
530 2171 629 2231 uicina
648 2171 805 2250 degentem
826 2170 932 2243 defert,
961 2171 1101 2249 baptismi
1121 2189 1222 2243 causa,
1249 2170 1298 2250 qui
1315 2167 1349 2233 S.
1367 2167 1498 2232 Coenam

143 2261 254 2342 accipit
277 2280 315 2321 ex
337 2260 527 2320 institutione
553 2258 681 2330 Christi,
714 2260 763 2339 qui
787 2258 944 2320 conciones
967 2259 1168 2339 Evangelicas
1193 2258 1277 2334 adit;
1305 2259 1515 2339 majestatem·

142 2351 242 2413 laesit.
282 2347 341 2419 Qui
356 2349 508 2408 Psalmum
531 2347 610 2408 intra
633 2348 735 2409 urbem
760 2356 873 2421 cantat,
899 2349 947 2428 qui
971 2349 1122 2426 pastillas,
1148 2348 1196 2427 qui
1220 2348 1344 2410 Biblia
1362 2347 1493 2411 Luthe-

142 2458 231 2500 rana
255 2438 361 2516 legit,
386 2437 468 2497 urbis
484 2437 635 2497 territorio
650 2447 780 2498 meretur
795 2437 899 2498 arceri.
939 2436 998 2508 Qui
1017 2437 1046 2498 in
1071 2434 1242 2499 coemiterio
1265 2455 1407 2518 pompam
1431 2438 1498 2500 hor-

143 2534 225 2588 tatur
249 2527 286 2587 ad
315 2544 434 2606 preces,
465 2525 513 2605 qui
537 2526 675 2587 morienti
699 2527 933 2587 consolationem
957 2527 1108 2606 suggerit,
1138 2527 1315 2606 gravissime
1338 2537 1449 2606 peccat
1472 2535 1501 2587 et

143 2619 358 2695 πολυπραγμων
381 2623 439 2675 est.
478 2616 561 2676 Haec
586 2616 662 2676 euim
687 2616 786 2675 omnia
807 2616 923 2676 suntin
945 2617 1084 2678 decretis
1123 2617 1244 2678 Nullum
1269 2616 1317 2677 hie
1341 2616 1499 2678 discrimen

143 2705 222 2766 inter
237 2706 331 2766 civem
355 2712 386 2764 et
404 2703 573 2766 ministrum
588 2705 814 2783 provincialium
835 2705 863 2765 in
884 2705 1074 2766 exsecutione
1095 2714 1242 2768 servatur.
1280 2705 1355 2766 Mihi
1379 2706 1409 2766 iu
1434 2705 1500 2768 rin-

109 2875 110 2878 *
143 2795 255 2856 dictam
281 2793 425 2855 contemti
448 2794 605 2855 ministerii
630 2793 722 2854 urbici
742 2794 837 2855 multa
864 2791 904 2857 10
923 2795 1103 2856 thalerorum
1124 2794 1237 2856 indicta
1255 2802 1323 2855 est:
1349 2794 1501 2856 dimidium

142 2884 281 2963 precibus
296 2883 417 2957 redemi,
442 2884 587 2963 reliquum
610 2884 692 2963 prius
717 2892 783 2944 erat
805 2886 1029 2962 praestandum,
1055 2903 1143 2964 qnam
1167 2903 1286 2964 possem
1306 2883 1432 2946 filiolam
1454 2884 1500 2945 iu-

143 2975 220 3035 ferre
245 2973 413 3051 sepulchro.
460 2974 564 3047 Alius,
591 2973 668 3052 quod
692 2973 832 3052 populum
856 2982 923 3034 erat
946 2974 1123 3034 exhortatus
1147 2973 1177 3034 in
1201 2972 1389 3050 coemiterio,
1419 2973 1502 3035 nulla

142 3063 294 3124 mentione
318 3062 484 3122 invidiosae
508 3082 627 3131 causae,
652 3063 808 3123 teterrimo
832 3081 952 3124 carcere
976 3063 1138 3124 detinetur.
1185 3062 1310 3124 Summa
1333 3063 1409 3124 haec
1434 3069 1501 3124 est:

143 3171 180 3214 ea
205 3151 394 3232 jamdicta,
427 3151 563 3231 incepta,
598 3152 680 3211 facta
704 3158 773 3211 sunt
797 3171 816 3210 a
839 3152 987 3230 principe,
1022 3160 1056 3212 ut
1078 3171 1135 3213 uon
1159 3153 1258 3232 possit
1281 3151 1345 3213 sine
1370 3153 1500 3214 maximo

142 3241 188 3304 sui
217 3242 361 3319 despectu
391 3241 439 3301 vel
470 3260 559 3300 uuum
583 3259 692 3300 anuum
717 3241 768 3301 ulli
792 3241 875 3301 uerbi
899 3242 1036 3303 ministro
1059 3242 1088 3302 in
1114 3241 1209 3303 tribus
1232 3241 1315 3303 hisce
1338 3242 1500 3320 provinciis

143 3331 173 3392 in
193 3330 256 3392 ulla
271 3348 349 3404 arce,
375 3348 567 3409 quaecuuque
587 3330 667 3407 jura,
691 3329 820 3407 publica,
845 3329 966 3408 privata
981 3332 1197 3410 praetendente
1212 3330 1310 3393 locum
1324 3331 1500 3411 relinquere.

142 3423 189 3480 Ac
213 3418 272 3480 nisi
296 3418 515 3480 malesanorum
540 3419 689 3479 hominnm
712 3419 868 3480 conatibus
897 3421 1025 3480 resistat
1047 3421 1213 3482 Austriaca
1236 3420 1413 3492 clementia,
1437 3421 1498 3501 jam

142 3511 171 3571 iu
196 3509 380 3589 quorundam
404 3509 511 3568 animis
538 3507 690 3568 delineata
712 3517 781 3569 sunt
807 3518 837 3570 et
861 3511 1014 3591 martyria,
1038 3528 1093 3570 uec
1117 3517 1301 3590 temperatur
1325 3510 1363 3570 ab
1387 3509 1497 3589 apertis

141 3589 434 3661 comminationibus.
480 3597 545 3660 Nec
570 3597 726 3677 quisquam
750 3597 883 3673 dubitat,
915 3599 982 3678 quin
1008 3599 1085 3659 siin
1110 3600 1192 3660 cives
1215 3599 1298 3660 etin
1321 3599 1500 3680 metropolin

140 3690 244 3750 valeat
267 3688 342 3749 haec
365 3689 550 3767 persecutio,
575 3687 709 3765 singulas
733 3705 848 3767 quoque
872 3687 1013 3750 nobilium
1037 3707 1137 3762 arces,
1163 3688 1303 3768 ipsosque
1327 3689 1404 3750 adeo
1430 3707 1501 3770 pro-

140 3798 235 3852 ceres,
260 3779 366 3840 uedum
391 3777 542 3838 ministros
566 3784 742 3856 perreptare
766 3777 817 3836 sit.
855 3777 959 3838 Habes
978 3778 1209 3839 delineationem
1225 3778 1354 3857 aliquam
1375 3787 1501 3840 nostra-

139 3869 215 3928 tium
239 3886 344 3928 rerum.
394 3865 459 3936 Qua
485 3885 542 3927 non
567 3866 671 3926 ultimo
696 3873 814 3927 tautum
839 3876 1028 3946 argumento,
1054 3867 1108 3927 sed
1131 3874 1162 3927 et
1186 3868 1283 3928 medio
1308 3867 1503 3930 satisfactum

139 3965 222 4037 puto.
252 3956 364 4026 Nam,
396 3964 429 4015 ut
457 3976 534 4017 nuuc
567 3956 684 4034 quidem
708 3955 821 4015 habeut
852 3957 982 4016 humana
1009 3956 1174 4034 praesidia,
1208 3958 1289 4018 nulla
1317 3976 1354 4017 ue
1378 3957 1502 4018 minima

141 4046 258 4124 quidem
282 4063 353 4124 spes
378 4046 476 4104 estin
506 4063 668 4123 quoquam,
699 4044 757 4105 nisi
789 4044 818 4105 in
850 4045 950 4105 armis.
997 4045 1047 4105 Λᾶ
1075 4064 1160 4106 arma
1187 4054 1286 4107 autem
1315 4046 1380 4125 quis
1409 4054 1502 4127 putas

141 4132 265 4194 reniet?
309 4133 388 4195 Num
421 4133 564 4194 nobilitas
597 4142 702 4193 contra
734 4133 921 4213 principem?
967 4133 1141 4213 Disputatio
1175 4136 1290 4196 infinita
1322 4144 1380 4197 est.
1435 4136 1501 4197 Nec

140 4223 244 4297 video,
271 4242 347 4303 quae
370 4222 442 4283 mihi
465 4223 585 4302 privata
609 4241 679 4300 spes
703 4222 732 4282 in
757 4223 877 4300 publica
901 4223 1076 4284 calamitate
1099 4225 1197 4303 possit
1221 4244 1296 4286 esse.
1338 4225 1502 4305 Nunquam

140 4313 227 4373 salva
249 4318 353 4391 potest
375 4331 442 4372 esse
472 4330 520 4372 res
550 4312 717 4371 domestica
744 4313 779 4372 iu·
804 4311 931 4391 publicis
964 4313 1214 4391 grassationibus.
1261 4313 1368 4375 Filiam
1401 4333 1500 4375 meam

141 4402 218 4482 quod
243 4402 368 4475 attinet,
399 4401 517 4479 opinor,
548 4401 625 4461 hanc
649 4421 715 4461 esse
740 4420 838 4462 rerum
862 4403 983 4475 faciem,
1016 4411 1049 4462 ut
1072 4403 1152 4463 hand
1174 4412 1300 4483 gravate
1324 4402 1499 4465 consensuri

106 4487 110 4495 ’
139 4491 201 4551 siut
226 4491 288 4569 ejus
313 4498 430 4552 tutores
455 4509 520 4550 cum
545 4509 635 4550 uxore
660 4509 736 4562 mea,
762 4509 838 4571 quae
862 4491 944 4550 illam
969 4510 1068 4552 secum
1092 4492 1263 4554 abduceret.
1302 4493 1347 4553 At
1370 4493 1500 4554 officium

138 4598 244 4655 meum,
270 4579 357 4662 quale
378 4578 628 4640 luerithacteuus
642 4580 705 4659 jam
731 4600 808 4641 anuo
832 4587 978 4654 vertente,
1004 4589 1076 4660 puto
1100 4590 1131 4641 te
1155 4582 1337 4662 perspicere.
1376 4582 1497 4642 Nemini

138 4669 203 4730 usui
229 4678 298 4730 suut
321 4687 413 4747 opera
436 4687 517 4741 mea;
542 4669 677 4748 quodque
700 4669 841 4731 salarium
861 4688 959 4730 meum
979 4670 1114 4732 obtinere
1130 4689 1176 4732 me
1195 4671 1359 4750 patiuntur,
1384 4670 1500 4732 faciunt

137 4778 196 4819 uon
220 4765 284 4818 tarn
303 4777 356 4836 spe
373 4769 551 4838 sequuturae
567 4778 605 4819 ex
620 4778 667 4819 me
682 4759 833 4829 utilitatis,
857 4778 946 4838 quam
970 4760 1175 4821 misericordia
1199 4769 1231 4822 et
1252 4769 1333 4822 metu
1356 4760 1499 4823 sinistrae

138 4848 371 4913 existimationis
394 4866 487 4932 penes
510 4866 565 4909 vos
588 4848 618 4909 iu
642 4849 776 4931 imperio.
814 4849 866 4910 Ad
889 4848 964 4911 haec
987 4848 1013 4911 si
1035 4849 1065 4910 iu
1085 4849 1190 4912 schola
1209 4850 1281 4914 mihi
1300 4849 1498 4915 laborandum
