3278 5542
704 367 787 422 noas
806 368 921 422 aues..
1435 371 1501 443 559

144 534 245 590 dictum
267 537 317 587 aut
337 530 469 585 invidiose
491 530 611 601 torqueri
632 531 728 601 possit.
761 531 896 602 Quidquid
917 531 988 587 enim
1008 547 1098 586 rerum
1119 547 1231 589 suarum
1251 541 1398 608 magnates
1419 553 1438 592 a
1456 555 1500 594 me

145 615 255 684 oblique
277 610 426 682 perstringi
448 611 541 664 dolere
561 611 684 680 possint,
715 617 862 682 postquam
882 616 998 667 eventus
1019 613 1164 677 admonet,
1194 613 1264 670 idem
1294 614 1377 671 etiam
1407 632 1501 673 comm

144 692 297 748 adversarii
327 696 443 761 possunt
474 698 505 744 et
528 691 614 744 multo
650 691 752 762 magis;
783 691 825 746 ita
854 691 926 746 enim
946 691 1042 762 scripsi
1063 692 1158 746 dedita
1178 708 1273 766 opera.
1314 696 1359 750 De
1379 696 1500 753 Animali

143 773 256 847 generis
278 771 401 825 neutrius
423 768 480 823 alia
501 776 545 823 est
564 770 723 840 responsio,
746 788 783 824 ex
804 786 859 842 qua
878 771 931 825 hoc
950 788 1032 826 unum
1063 774 1176 827 verbum
1204 774 1258 829 hac
1287 773 1347 829 rice
1367 792 1497 848 excerpo,

144 855 216 924 quod
238 851 435 922 quaerentibus
457 850 546 904 dicere
567 850 669 920 possis:
691 850 825 905 neminem
845 867 948 916 eorum,
970 850 1015 922 qui
1036 851 1165 906 dubitant
1185 852 1249 925 quid
1263 854 1354 920 selim,
1376 857 1428 910 sub
1447 856 1501 911 hoc

144 933 257 986 animali
278 929 484 1000 comprehendi;
515 928 560 999 qui
588 946 654 983 vcro
675 929 771 984 moniti
791 947 855 984 vere
876 936 958 996 sunt,
990 931 1015 985 id
1046 949 1076 985 se
1096 930 1271 989 intellexisse
1291 934 1379 990 literis
1401 937 1436 989 ad
1458 953 1501 990 me

143 1012 253 1081 scriptis
273 1018 338 1065 sunt
358 1009 463 1063 testati.
492 1010 585 1072 Errat,
608 1010 760 1080 quicunque
781 1016 894 1080 torquet
912 1026 975 1064 mea
995 1012 1083 1064 verba
1102 1012 1279 1068 insolentius:
1301 1015 1409 1069 hebent
1429 1014 1503 1071 enim

143 1093 195 1146 illa
215 1091 365 1161 simplicem
385 1094 416 1143 et
435 1090 548 1157 planum
568 1106 695 1153 sensum,
726 1088 790 1160 qui,
822 1090 937 1144 detectis
966 1091 1091 1161 partibus
1112 1108 1181 1162 quas
1202 1093 1371 1163 perstrinxi,
1401 1093 1503 1151 nemini
1577 1091 1580 1096 ’

143 1188 199 1225 non
220 1172 330 1225 evidens
351 1175 382 1222 et
401 1167 498 1222 obvius
519 1175 571 1231 est,
593 1169 731 1238 exceptis,
754 1171 879 1238 quaeda
900 1169 1028 1224 Eckardo
1050 1170 1165 1237 italico,
1187 1172 1233 1244 qui
1253 1173 1435 1245 explicandus
1456 1192 1499 1230 re·

144 1257 220 1315 stat;
242 1250 355 1314 scilicet,
378 1250 449 1319 quod
470 1248 518 1300 ille
540 1265 593 1301 non
615 1248 652 1301 sit
672 1248 700 1302 in
722 1248 814 1313 ltalia,
837 1251 884 1302 sed
906 1257 984 1303 trans
1008 1265 1094 1304 mare.

236 1344 298 1396 Cum
313 1344 351 1394 his
371 1349 541 1406 comparentur
558 1343 695 1407 sequentia,
715 1356 780 1409 qaae
797 1358 811 1393 e
827 1343 903 1394 literis
915 1344 1017 1408 Kepleri
1035 1350 1060 1395 et
1081 1343 1149 1396 Petri
1162 1344 1273 1414 Orllgari,
1293 1333 1383 1400 nehel
1402 1352 1429 1399 et
1447 1360 1502 1401 ma·

143 1417 275 1466 thenauci
295 1412 452 1470 Dentiscani,
470 1415 562 1463 mutuis
583 1413 751 1463 desumsimns.

235 1485 371 1547 Quaerenti
388 1485 540 1548 crugero:
567 1483 707 1549 ,quodnam
723 1484 789 1534 istud
801 1484 903 1535 tandem
920 1486 1012 1536 animal
1024 1487 1121 1552 generis
1133 1483 1279 1537 nentsinsi“
1298 1487 1363 1539 haec
1375 1489 1504 1553 respoudit

144 1567 267 1629 Keplems
289 1562 325 1626 (d.
346 1562 388 1613 28.
409 1565 478 1614 Febr.
501 1560 596 1623 1820:
621 1574 675 1611 non
696 1556 793 1637 scripsi
813 1559 846 1610 de
863 1557 993 1621 „animali
1002 1559 1113 1631 generis
1128 1560 1269 1614 neutrius“
1286 1576 1375 1616 vanae
1392 1562 1502 1634 gloriae

147 1654 239 1701 causa,
261 1639 307 1691 sed
329 1637 418 1692 animo
440 1637 638 1699 commodandi:
661 1653 745 1708 quare
767 1643 797 1690 et
817 1637 929 1691 secretis
951 1637 1039 1693 literis
1058 1638 1186 1693 admonui
1200 1640 1329 1695 sedentes
1344 1640 1372 1695 in
1386 1642 1501 1696 cerebra

144 1715 281 1771 animalis.
322 1717 417 1770 Medos
440 1716 546 1786 quidem
566 1716 716 1779 infortunii,
738 1717 809 1787 quod
830 1715 994 1783 divinabam,
1015 1717 1095 1773 nulla
1113 1721 1275 1789 comprobat
1294 1736 1385 1776 rernm
1405 1738 1500 1776 conse·
1589 1707 1594 1718 ⁸

143 1797 218 1850 cutio
239 1795 402 1850 conformis:
425 1795 562 1849 imminere
585 1802 678 1850 tamen
699 1795 810 1849 animali
831 1796 979 1865 perniciem
999 1797 1120 1862 aliunde,
1141 1798 1242 1853 rideris
1262 1805 1293 1854 et
1312 1807 1345 1854 tu
1365 1800 1501 1872 saginari

142 1876 191 1929 iol.
217 1874 273 1929 133
304 1875 332 1929 in
362 1876 415 1929 une
449 1881 495 1943 (sc.
518 1881 680 1933 Uranodromi
701 1881 833 1939 Cometioi,
857 1881 968 1948 Dantsig
988 1881 1065 1932 1619.
1103 1882 1228 1950 Griigerns
1246 1884 1272 1934 la
1293 1883 1341 1936 hoo
1361 1885 1422 1936 libro
1444 1898 1500 1936 sas·

142 1955 197 2016 plus
217 1951 353 2016 Keplerum
372 1951 477 2002 laudans
496 1952 571 2009 dicit,
594 1967 641 2002 nec
666 1967 716 2001 non
733 1952 798 2002 illins
817 1952 1004 2018 Prognosticnm
1024 1954 1056 2004 ad
1075 1969 1154 2005 annos
1175 1951 1242 2004 ¹818
1262 1961 1288 2006 et
1307 1952 1354 2014 ta
1373 1970 1396 2007 r.
1414 1970 1438 2006 o.
1458 1956 1501 2006 iol.

144 2021 212 2072 129:
231 2025 275 2072 wir
292 2026 370 2073 sitaen
388 2022 428 2073 hie
447 2037 520 2078 avar,
540 2025 586 2073 vie
599 2023 717 2086 Keppleri
729 2022 811 2080 Thiar,
831 2025 856 2072 in
874 2024 923 2073 den
936 2023 1033 2083 Rosam
1052 2025 1112 2076 aber
1128 2038 1182 2076 vas
1200 2026 1257 2077 thut
1272 2040 1333 2077 man
1349 2027 1376 2076 in
1388 2025 1503 2077 Bthmsar

143 2095 196 2143 und
215 2093 393 2145 Oesterreich?
423 2095 484 2143 Was
502 2093 657 2159 rathschlagt
674 2094 789 2159 dagegeu
807 2094 851 2144 der
869 2093 969 2158 Bapst‘l
988 2093 1034 2161 ἀρ.
1073 2096 1145 2157 Quae
1168 2103 1267 2162 spectat
1284 2096 1408 2161 Keplems
1425 2099 1501 2148 rerba

144 2165 257 2228 Crdgeri,
276 2165 339 2215 baec
357 2172 427 2214 sunt:
453 2164 560 2215 Sonsteu
578 2165 659 2214 kilndt
677 2178 735 2215 man
754 2164 838 2214 hasen
858 2164 977 2217 Cometen
996 2165 1061 2217 anch
1079 2167 1142 2217 wohl
1160 2167 1342 2233 hieroglyphice
1360 2168 1502 2234 aasdegen,

143 2236 222 2286 durch
239 2235 412 2302 Betrachtung
430 2235 473 2285 der
490 2235 660 2286 himmlischen
678 2235 776 2292 Bilder,
803 2235 897 2286 welche
925 2235 969 2286 der
987 2236 1075 2288 comet
1097 2238 1295 2290 durchrrandert.
1331 2239 1399 2289 Ahar
1420 2237 1502 2290 selcha

142 2308 177 2355 ist
195 2307 312 2356 odiosum.
349 2306 406 2356 Uud
425 2307 485 2356 Gott
502 2320 561 2371 mag
579 2308 674 2360 visson
700 2307 746 2356 vio
764 2306 803 2355 die
821 2304 912 2356 hendel
929 2307 994 2358 noch
1011 2307 1201 2359 hlnwslauffen.
1238 2308 1292 2358 Wir
1308 2306 1391 2360 Ιιύοι
1408 2309 1455 2359 vol
1472 2323 1501 2361 ιο

142 2377 192 2426 viel
210 2377 298 2427 mach
317 2392 348 2426 ιι
366 2378 453 2434 beten,
479 2377 515 2426 als
540 2392 625 2442 grosse
644 2376 711 2441 Ding
735 2391 765 2426 aa
789 2376 879 2427 helien.
916 2377 970 2428 Der
992 2383 1075 2443 grtste
1093 2380 1176 2430 Ablall
1200 2394 1255 2430 rom
1269 2377 1445 2447 ¹Bapstthumb'
1469 2381 1504 2430 ist

142 2449 238 2498 meinos
257 2447 376 2498 erachten
394 2448 470 2498 schon
488 2448 642 2512 gescbehen,
666 2447 718 2498 und
735 2447 795 2496 vird
811 2448 859 2497 vol
876 2447 935 2498 kain
952 2454 1077 2514 monerer
1099 2450 1196 2515 loigeri,
1220 2465 1247 2499 so
1264 2449 1340 2516 lange
1359 2449 1403 2500 der
1419 2450 1503 2500 Eran-

141 2519 272 2582 gelischen
290 2519 434 2585 theologen
457 2519 609 2585 rneinigheit
631 2517 733 2569 vehret.
769 2517 820 2568 Die
843 2519 903 2568 vird
926 2520 986 2569 aher
1008 2521 1055 2571 srol
1072 2521 1172 2572 vshrm
1190 2521 1240 2571 tiss
1258 2535 1291 2572 an
1309 2521 1360 2571 den
1375 2521 1503 2586 Jilugsten

142 2589 208 2655 Tag.
246 2589 304 2639 Vnd
331 2605 359 2640 so
382 2604 441 2640 mau
464 2590 520 2640 dem
539 2589 620 2654 Bapst
642 2590 728 2639 seinen
747 2587 873 2639 Schlilssel
898 2589 967 2640 nicht
991 2597 1068 2656 ganta
1087 2605 1144 2642 ausa
1163 2593 1207 2642 der
1223 2590 1312 2643 Handt
1329 2593 1423 2643 reinen
1441 2592 1503 2647 han,

142 2661 192 2709 viel
217 2661 326 2726 veniger
350 2662 410 2710 nird
438 2675 496 2711 man
521 2661 587 2711 ihme
606 2660 651 2710 das
670 2659 798 2710 Schverdt
814 2660 866 2709 und
884 2660 1011 2712 brachium
1028 2663 1141 2713 seculare
1159 2662 1260 2714 ltlrmen
1282 2664 1391 2713 kdnuen.
1427 2661 1503 2713 Wers

142 2745 223 2797 gnug,
241 2745 313 2781 venn
332 2746 390 2781 man
409 2731 463 2782 sich
481 2733 535 2782 sein
553 2746 600 2781 nur
617 2730 742 2782 ervebren
760 2728 875 2791 ktnnte).

235 2805 367 2868 Vicinum,
389 2814 471 2876 pergit
487 2810 622 2875 Keplerus,
647 2804 783 2867 animalis,
805 2804 883 2874 cuijus
897 2806 992 2859 domus
1006 2804 1063 2875 jam
1076 2820 1149 2860 anno
1166 2806 1251 2862 161⁷.
1271 2806 1503 2878 conflagraverat,

143 2885 273 2958 intellige
303 2886 331 2939 in
351 2886 517 2940 Palatinatu
537 2884 722 2955 Neoburgico.
763 2882 851 2938 Fideli
879 2884 921 2938 illi
942 2885 1084 2950 monitori,
1109 2885 1255 2949 „Eckard“
1279 2885 1435 2950 nominato,
1457 2885 1504 2956 qui

142 2982 199 3018 non
220 2965 289 3018 illud
309 2972 419 3020 tantum
440 2965 573 3030 animal‚-
590 2966 623 3017 de
645 2980 698 3034 quo
718 2979 791 3033 ego,
814 2964 861 3017 sed
882 2964 974 3019 omnia
994 2965 1055 3034 ejus
1075 2965 1188 3036 generis
1208 2965 1341 3020 monitum
1360 2982 1399 3020 ex
1419 2964 1505 3019 ltalia

142 3044 293 3111 advolarit,
315 3060 413 3100 nomen
434 3060 527 3099 verum
547 3059 609 3098 esse
631 3050 742 3098 censete
764 3042 800 3098 sl.
823 3044 975 3098 Antonio
997 3046 1038 3097 de
1058 3044 1226 3101 Dominis.
1258 3044 1313 3100 Sed
1334 3043 1395 3116 quis
1416 3043 1505 3099 credit

142 3123 252 3179 auditui
271 3130 384 3180 nostro?
424 3126 486 3180 Non
507 3124 603 3178 mirum
623 3121 729 3194 igitur,
759 3121 782 3177 si
803 3124 889 3178 Jonas
910 3123 1057 3196 profugiat
1077 3140 1114 3178 ex
1135 3123 1234 3179 itinere
1254 3122 1400 3194 imperato.
1440 3122 1504 3196 Ego

142 3205 253 3276 quidem
273 3205 401 3259 atillam
421 3205 527 3276 ipsam,
560 3219 641 3275 quam
662 3210 693 3257 tu
715 3203 873 3257 confirmare
894 3203 994 3258 videris
1016 3204 1166 3276 suffragio,
1187 3204 1345 3269 libidinem,
1372 3200 1504 3259 imuosos

142 3287 179 3339 de
199 3293 338 3357 suggestu
358 3288 503 3340 verborum
524 3290 554 3338 et
574 3281 755 3338 conviciorum
776 3283 889 3353 spiculis
910 3283 1081 3358 configendi,
1111 3284 1202 3349 hunc,
1232 3283 1352 3356 inquam,
1375 3283 1504 3350 furorem,

143 3365 217 3421 citra
234 3372 391 3435 respectum
412 3366 577 3420 infirmorum
596 3368 773 3434 grassantem
793 3362 975 3432 pertinaciter
997 3370 1027 3418 et
1047 3363 1215 3429 authentice,
1227 3393 1265 3402 -
1280 3369 1310 3418 et
1330 3362 1398 3418 illud
1419 3360 1505 3418 inter·

141 3452 356 3518 pretamentum,
378 3445 522 3500 ministerii
544 3450 572 3497 et
591 3440 769 3497 ordinationis
783 3449 892 3512 partem
907 3459 970 3497 esse
986 3443 1180 3507 necessariam,
1202 3444 1236 3496 de
1250 3449 1397 3514 suggestu,
1420 3443 1506 3497 omnis

141 3525 257 3599 generis
278 3525 433 3588 haereticos
455 3523 526 3579 omni
548 3530 671 3592 tempore
692 3519 829 3575 refutandi
851 3538 911 3575 cum
931 3522 1115 3586 vehementia,
1128 3524 1163 3564 -ἑ
1175 3522 1269 3576 diesen
1283 3518 1435 3576 inmte-sebi
1451 3516 1505 3576 und

141 3604 261 3676 Mangel
277 3635 312 3644 -
328 3605 406 3670 item,
429 3605 500 3676 quod
521 3620 599 3658 nemo
620 3601 704 3672 plane
726 3600 777 3654 sibi
798 3601 958 3669 persuaderi
978 3601 1085 3672 patitur
1105 3600 1217 3657 axioma
1237 3601 1289 3655 hoo
1315 3598 1504 3666 certissimum,

142 3682 263 3756 publicis
285 3685 546 3739 debacchationibus
567 3680 696 3752 instigari
717 3688 746 3734 et
766 3680 886 3752 gliscere
906 3682 998 3735 studia
1012 3694 1108 3751 prara,
1131 3680 1196 3751 quia
1209 3680 1322 3735 nitimur
1335 3680 1364 3734 in
1377 3680 1503 3744 vetitum,

141 3765 273 3830 -item,
298 3767 368 3836 quod
389 3764 457 3819 illud
481 3763 670 3834 „importune”
694 3760 731 3815 sit
750 3761 859 3832 regula,
882 3760 950 3814 illud
971 3777 1036 3815 sero
1060 3760 1251 3832 ,opportune'
1274 3759 1312 3814 sit
1329 3765 1504 3815 tantumex·

141 3844 251 3915 ceptio:
268 3844 393 3899 -inter
413 3845 495 3916 signa
514 3844 604 3899 refero
626 3840 788 3896 imminentis
809 3839 947 3897 interitus.
983 3842 1054 3897 Nam
1075 3859 1113 3896 ex
1133 3841 1187 3895 hac
1207 3839 1366 3897 temeritate
1386 3838 1420 3894 fit
1438 3854 1503 3909 prc-

140 3941 258 3997 gressus
279 3924 308 3979 in
328 3923 540 3995 impudentiam,
571 3940 608 3977 ex
628 3921 683 3975 hac
710 3920 737 3974 in
767 3921 955 3991 impietatem,
984 3935 1044 3976 cum
1073 3919 1182 3975 iuterim
1206 3936 1319 3991 pessum
1340 3919 1363 3974 it
1383 3918 1504 3975 studium

139 4005 218 4059 vitae
241 4003 425 4060 Christianae.
467 4004 512 4059 sic
532 4020 586 4075 ego
606 3999 690 4055 velim
710 4000 819 4056 retundi
840 4000 1045 4068 enthusiastas,
1074 4006 1260 4071 ut'parcatur
1280 3999 1391 4056 interim
1409 3998 1503 4055 verbis

142 4083 300 4154 scripturae
320 4086 354 4138 de
375 4084 584 4140 mortificatione
606 4080 708 4135 veteris
729 4079 827 4134 Adami
849 4080 896 4135 dcc.

231 4179 359 4232 Marcus
377 4180 541 4229 Antonios
561 4177 596 4227 de
615 4177 776 4233 Dominis,
796 4175 994 4240 archiepiscopus
1012 4172 1183 4240 spalatensis,
1211 4188 1284 4240 mem
1310 4174 1448 4240 Keplems,
1474 4175 1504 4225 at

139 4264 218 4314 supra
236 4251 310 4309 dicit,
329 4253 474 4300 monitorem
492 4251 605 4298 nominat
623 4246 722 4297 fidelem
741 4246 895 4304 bichardum,
925 4247 1020 4296 monita
1038 4260 1085 4296 sua
1102 4244 1192 4310 publici
1209 4244 1271 4309 luris
1289 4244 1350 4297 iecit
1367 4251 1427 4296 aute
1444 4256 1502 4310 pru·

139 4322 275 4372 lectionem
293 4324 319 4372 in
337 4322 453 4387 Angliam
472 4318 624 4383 (conscripta
636 4316 749 4368 venetiis
768 4316 792 4366 d.
810 4314 853 4366 20.
867 4317 935 4382 Sept.
950 4314 1041 4378 ruit),
1061 4316 1254 4382 Heidelbergae,
1275 4330 1397 4368 extuans
1414 4316 1502 4381 fugam

138 4406 171 4443 ex
189 4393 248 4442 sede
268 4392 478 4457 archiepiscopali,
497 4391 697 4440 reformationem
715 4390 897 4452 praenuncians
915 4388 1037 4438 eeclesiae
1053 4387 1207 4446 Catholicae,
1227 4387 1330 4438 hortans
1349 4387 1500 4438 ecclesiasti-

138 4477 191 4520 cos,
210 4466 240 4512 ht
256 4465 333 4514 ritsm
352 4470 378 4514 et
395 4477 475 4513 mores
493 4463 519 4511 in
537 4462 640 4511 meliora
656 4466 770 4520 vertam,
792 4466 836 4517 ,ut
848 4459 985 4509 schismata
997 4460 1168 4520 cataractas*
1186 4473 1290 4510 maneas
1307 4456 1500 4522 ,cotpisccpos“

137 4539 168 4582 ut
186 4541 300 4594 caveant.
323 4550 371 4594 ,ne
390 4532 684 4585 excommunicationibus
703 4532 847 4595 importunis
865 4530 1014 4580 charitatem
1031 4530 1174 4595 abrumpere
1192 4536 1292 4580 tentent
1310 4526 1372 4579 w
1410 4525 1499 4589 (Pru-

137 4605 207 4654 misit
225 4606 348 4656 Antonius
365 4605 431 4655 hunc
448 4604 557 4654 libellam
575 4603 640 4652 libris
659 4601 681 4651 X
701 4601 748 4660 ,de
767 4601 905 4666 Republica
923 4600 1118 4652 'aeclesiastica‘
1139 4601 1246 4651 londini
1265 4595 1357 4662 101⁷).

229 4676 299 4727 Haec
317 4678 478 4741 respicientes
496 4686 664 4739 summamque
683 4687 785 4730 eornm,
813 4686 878 4737 qnae
898 4674 988 4721 daton.
1008 4673 1040 4723 de
1057 4673 1171 4722 Dominis
1189 4673 1216 4721 in
1234 4685 1325 4735 opere,
1343 4670 1409 4736 qnod
1427 4668 1501 4720 modo

137 4745 253 4803 diximus,
270 4748 301 4798 de
313 4749 482 4812 episcopomm
493 4748 516 4796 vi
529 4747 555 4796 in
568 4743 733 4811 gubernandis
746 4744 818 4794 rebus
829 4743 945 4807 politicis,
957 4742 1024 4793 banc
1034 4744 1158 4807 rejiciens,
1172 4742 1254 4800 allent,
1267 4741 1366 4797 dando.
1378 4743 1501 4792 rationem

137 4816 262 4870 habentes
280 4832 456 4884 eorumquae
474 4817 597 4882 Keplerns
615 4818 641 4865 in
659 4815 736 4865 literis
755 4816 788 4865 ad
807 4813 913 4864 Βιιιιιι
932 4813 997 4864 datis
1014 4815 1102 4879 paucis
1119 4813 1152 4865 de
1169 4813 1202 4863 D.
1222 4827 1239 4864 a
1255 4810 1349 4863 Melan
1368 4809 1501 4878 (Meggaa

136 4889 293 4955 imperatam
312 4888 436 4943 Matthiae
454 4890 566 4956 magistri
585 4886 669 4949 aulae)
688 4885 769 4942 aliem,
788 4887 870 4936 animo
890 4885 994 4950 desim
1012 4887 1137 4935 luterem
1155 4898 1203 4943 res,
1222 4897 1287 4950 quas
1304 4890 1366 4935 tunc
1385 4882 1501 4934 vannos

1226 4968 1288 5021 ⁴2·
