3278 5542
142 293 208 361 250
691 295 813 362 ΛΜ*
834 295 958 359 ryeuanu

143 459 212 521 fidei
236 467 341 521 auctor
356 465 413 531 est,
434 466 486 519 aut
500 457 692 539 Pythagoras
708 458 744 519 de
770 458 874 520 ordine
898 458 1095 541 sphaerarum
1119 456 1164 519 ita
1188 454 1316 529 censuit,
1342 463 1378 517 ut
1398 455 1496 516 Ptole·

142 568 254 621 maens,
279 549 367 628 idque
392 545 457 610 200
481 548 566 608 annis
591 555 660 609 ante
685 547 714 608 id
738 557 867 627 tempus,
893 549 970 628 quod
995 548 1099 609 harum
1117 545 1331 629 hypothesium
1347 544 1426 606 ortui
1449 545 1497 605 de·

143 640 246 718 signat
259 638 366 700 Ursus.
413 637 455 698 Et
478 636 508 697 id
533 645 590 705 est,
615 637 692 716 qnod
708 637 789 700 Ptol.
805 639 926 717 Almag.
945 637 995 700 lib.
1013 637 1067 699 lX.
1091 655 1158 717 cap.
1178 635 1207 698 l.
1231 634 1341 709 innuit,
1365 652 1433 695 cum
1451 635 1497 710 ait,

142 727 270 799 orbesQ
295 734 327 788 et
350 730 371 804 ζὲ
395 726 437 787 ab
462 726 744 806 antiquioribus
769 726 886 807 quidem
905 727 1109 809 (Pythagora)
1134 725 1189 787 sub
1205 723 1317 797 Solari,
1344 743 1364 784 a
1379 723 1496 803 quibus·

142 816 210 878 dam
223 835 295 877 vero
310 815 528 895 posterioribus
544 815 724 891 (Heraclito,
740 816 877 886 Platone,
892 816 1029 890 Eudoxo,
1049 815 1234 887 Aristotele)
1259 831 1354 892 supra
1368 809 1498 874 Solarem

141 905 327 967 collocatos:
361 911 393 966 et
420 905 546 985 denique
574 912 709 966 vetemm
742 905 925 967 sententiam
954 914 987 966 ut
1017 905 1113 984 magis
1141 903 1332 983 prohabilem
1361 900 1497 981 sequitur.

141 1013 256 1074 negans
287 994 363 1056 certi
392 994 461 1074 quid
491 1014 528 1055 ex
552 993 739 1056 astronomia
767 995 815 1057 hic
838 994 943 1056 haberi
970 1013 1071 1074 posse.
1119 991 1215 1068 Quid,
1250 991 1332 1073 qnod
1355 990 1497 1053 Patricius

141 1084 297 1146 Zoroastri
315 1083 438 1156 Persae,
462 1084 512 1163 qui
535 1083 639 1146 multis
663 1084 772 1146 seculis
796 1084 1000 1165 Pythagoram
1024 1083 1200 1155 antecessit,
1224 1082 1354 1143 eandem
1379 1086 1496 1143 senten·

140 1173 213 1235 tiam
247 1172 375 1247 tribuat,
400 1192 438 1233 ex
466 1172 522 1234 his
537 1173 603 1252 ejus
629 1173 744 1235 verbis:
777 1169 809 1246 ἑξ
831 1173 923 1244 αὐτος
945 1169 1088 1249 ὓπεςησεν
1110 1172 1215 1245 (aliter
1237 1167 1270 1243 ἑξ
1290 1169 1496 1248 maurusam

140 1259 248 1335 ζωτας)
272 1258 400 1338 s'ddopos
422 1259 485 1339 siles
508 1264 737 1339 μοσεμβολησας
763 1286 830 1342 nvp.
879 1261 913 1323 si
937 1261 990 1325 Sol
1019 1262 1048 1323 in
1072 1261 1170 1323 medio
1193 1260 1388 1340 planetarum
1412 1258 1494 1331 (Ter-

141 1371 206 1412 ram
230 1370 336 1430 nempe
360 1351 438 1412 idern
462 1353 625 1413 Zoroaster
649 1352 677 1413 in
702 1372 737 1413 eo
761 1351 874 1426 medio,
900 1354 977 1432 quod
1002 1359 1137 1413 centmm
1161 1358 1218 1424 est,
1244 1349 1409 1423 collocat),
1434 1366 1494 1426 ergo

144 1440 169 1512 Ω
190 1451 221 1502 et
245 1444 266 1517 b
289 1439 370 1502 intra
392 1440 495 1503 Solem
519 1449 613 1503 emat
662 1439 797 1521 Cumque
821 1441 1012 1522 Pythagoras
1035 1460 1054 1502 a
1077 1439 1213 1501 Zabraco
1231 1437 1375 1519 Assyrio,
1401 1437 1494 1517 gen'li

142 1530 296 1591 Zoroastri
328 1529 474 1600 (Patricio
503 1532 666 1604 referente,
701 1540 773 1611 puto
803 1551 840 1592 ex
867 1531 989 1601 Proclo)
1023 1530 1100 1590 hanc
1129 1527 1313 1590 sententiam
1347 1526 1493 1589 hauserit:

140 1617 273 1680 ordinem
302 1618 378 1680 hunc
411 1618 542 1681 indidem
570 1620 708 1685 hausisse
744 1619 906 1682 verisimile
944 1627 1000 1680 est
1057 1616 1202 1688 Quamvis
1239 1615 1291 1696 qui
1324 1627 1399 1695 post
1431 1615 1492 1679 dicti

141 1716 211 1769 sunt
234 1707 452 1790 Pythagoraei,
481 1709 559 1770 hunc
582 1710 724 1789 magistri
747 1709 792 1771 sui
816 1709 950 1770 ordinem
974 1709 1180 1770 deseruerunt.
1227 1706 1277 1769 Illi
1300 1725 1446 1785 namque,
1467 1712 1494 1766 ut

139 1797 230 1877 paulo
253 1806 325 1877 post
346 1797 531 1876 probabitur,
556 1800 681 1861 eandem
707 1806 866 1861 tenuerunt
889 1799 926 1859 de
950 1798 1051 1859 mundi
1076 1799 1172 1859 forma
1194 1795 1383 1875 opinionem,
1417 1794 1492 1874 longe

72 1945 76 1951 .
139 1894 210 1948 aute
233 1886 442 1962 Aristotelem,
468 1907 556 1968 quam
579 1896 651 1967 post
672 1888 870 1950 Aristotelem
894 1887 979 1949 aunis
999 1885 1042 1950 50
1066 1887 1121 1948 sub
1143 1887 1323 1948 Ptolemaeo
1345 1884 1491 1947 Philadel-

139 1976 198 2055 pho
230 1976 428 2038 Aristarchus
457 1976 593 2051 Samius‚
629 1985 661 2039 et
693 1988 797 2039 nostra
828 1986 929 2039 aetate
954 1975 1152 2055 Copemieus,
1187 1975 1252 2056 qui,
1287 1984 1324 2036 ut
1357 1974 1435 2036 haec
1462 1993 1491 2033 er

140 2065 309 2127 Aristotele
333 2075 365 2127 et
389 2066 551 2128 Plutarcho
577 2068 613 2128 de
637 2067 857 2148 Pythagoraeis
881 2074 913 2127 et
936 2086 974 2126 ex
988 2064 1170 2127 Archimede
1195 2066 1231 2127 de
1246 2063 1432 2126 Aristarcho
1452 2063 1490 2125 in·

139 2154 277 2229 belligare
300 2174 467 2234 possemus,
493 2155 715 2218 inventionibus
739 2156 801 2217 suis
826 2155 936 2217 effecit.
983 2153 1050 2226 Quo
1076 2155 1140 2215 loco
1164 2153 1242 2216 alter
1265 2153 1339 2216 Ursi
1363 2171 1446 2215 emur
1464 2169 1489 2212 se

138 2244 249 2323 prodit,
274 2245 322 2323 qui
344 2243 618 2322 Coperuicananrm
633 2245 842 2327 hypothesium
866 2245 1010 2324 originem
1023 2244 1152 2324 primam
1169 2245 1207 2305 ad
1223 2242 1438 2305 Aristarchum
1449 2258 1488 2303 re-

138 2333 208 2406 fert,
233 2350 309 2412 quae
332 2335 426 2396 multo
445 2342 494 2396 est
517 2333 676 2414 antiquior.

226 2421 274 2483 Ao
298 2423 335 2483 de
358 2422 495 2485 Philolao
520 2423 639 2503 quidem
662 2424 878 2506 Pythagorico,
904 2422 953 2503 qui
976 2421 1092 2482 medius
1116 2419 1173 2482 fnit
1197 2419 1400 2483 Aristotelem
1423 2418 1487 2481 inter

138 2518 170 2572 et
192 2511 397 2591 Pythagoram
429 2512 601 2593 primusque
624 2512 828 2595 Pythagorica
850 2511 1005 2592 vulgavit,
1039 2530 1105 2573 cum
1135 2516 1227 2571 antea
1255 2508 1314 2572 nisi
1338 2529 1358 2570 a
1381 2509 1485 2590 Pytha·

138 2599 248 2679 gericis
272 2599 345 2679 ipsis
364 2600 580 2679 ignorarentur,
606 2603 643 2664 de
667 2622 702 2664 eo
727 2603 818 2680 igitur
841 2621 899 2664 non
923 2608 1041 2662 tantum
1064 2601 1189 2662 obscure
1211 2598 1357 2661 Laertius
1381 2596 1487 2667 asserit,

138 2689 272 2751 sensisse
296 2689 419 2751 Terram
439 2692 529 2768 juxta
552 2692 679 2771 primum
704 2691 846 2754 circulum
871 2690 1021 2767 (intellige
1046 2689 1101 2751 sub
1124 2688 1264 2761 zodiaco)
1289 2688 1422 2756 moveri,
1443 2684 1487 2749 ted

138 2777 232 2839 multo
255 2779 421 2842 clarissime
436 2780 626 2856 Plutarchus,
652 2782 736 2860 cnjus
760 2779 853 2840 verba
876 2799 942 2841 cum
957 2777 1142 2857 Copernicus
1165 2779 1231 2858 ipse
1255 2777 1285 2839 in
1310 2776 1487 2856 praelatione

138 2866 237 2947 operis
261 2868 306 2928 sui
330 2870 474 2948 posuerit,
500 2869 605 2931 mirum
625 2871 785 2933 admodum
810 2876 868 2941 est,
892 2889 929 2928 ea
952 2887 1011 2928 non
1026 2867 1137 2946 legisse
1153 2867 1275 2938 Ursum,
1301 2868 1352 2946 qui
1371 2864 1487 2940 lecticae

138 2955 297 3035 Copernioi
320 2959 412 3020 toties
437 2968 468 3020 et
492 2968 650 3039 tantopere
674 2960 834 3039 gloriatur,
864 2977 987 3038 eamque
1011 2956 1154 3019 omissam
1175 2954 1245 3017 aliis
1269 2956 1421 3020 immerito
1442 2971 1487 3014 ex-

137 3046 288 3125 probrat·
316 3047 441 3110 Terram
466 3048 529 3109 cult
551 3049 707 3111 Philolaus
730 3049 809 3128 apud
834 3046 1027 3109 Plutarchum
1057 3046 1086 3106 in
1111 3045 1254 3111 circulum
1276 3045 1395 3106 moveri
1421 3044 1488 3106 circa

18 3200 23 3207 ,
138 3135 238 3212 ignem
252 3135 403 3215 (intellige
419 3135 537 3209 Solem)
560 3138 615 3198 sub
631 3138 754 3199 zodiaco
770 3137 798 3198 in
814 3155 926 3197 rnorem
949 3134 1031 3198 Solis
1045 3143 1076 3197 et
1092 3135 1205 3206 Lunae,
1228 3134 1416 3196 Aristoteles
1431 3150 1488 3193 vero

138 3222 190 3284 lib.
216 3224 255 3284 ll.
285 3224 322 3285 de
346 3226 429 3287 coelo
458 3245 524 3306 cap.
553 3222 602 3288 13.
633 3227 668 3287 de
692 3226 912 3309 Pythagoraeis
940 3226 970 3287 in
1000 3243 1109 3303 genere
1139 3222 1200 3284 sic:
1237 3223 1277 3297 „ii
1303 3224 1354 3303 qui
1379 3221 1488 3285 Italiam

138 3311 280 3386 incolunt,
307 3312 356 3393 qui
379 3314 469 3376 iidem
490 3315 692 3395 Pythagoraei
718 3324 871 3389 vocantur,
897 3314 925 3375 in
949 3314 1047 3375 medio
1070 3312 1169 3392 ignem
1193 3330 1260 3374 esse
1285 3312 1412 3375 dicunt“
1436 3308 1489 3381 (bie

138 3400 240 3463 Solem
261 3402 407 3483 intellige,
432 3424 500 3465 nam
525 3413 556 3466 et
579 3405 691 3467 Thales
713 3403 849 3477 Jonicae,
876 3412 906 3465 et
920 3404 1112 3485 Pythagoras
1135 3402 1263 3463 Italicae
1288 3399 1489 3481 philosophiae

136 3489 286 3570 principes
315 3493 495 3555 occultanda
524 3495 613 3573 vulgo
646 3513 769 3556 suasere
801 3492 1010 3572 philosophiae
1034 3491 1210 3572 mysteria),
1246 3491 1395 3565 „Terram
1417 3505 1489 3559 vero,

136 3599 213 3660 quae
237 3579 277 3642 sit
300 3601 390 3643 unum
412 3591 561 3646 astromm
586 3584 807 3662 (planetarum)
830 3591 913 3644 motu
936 3600 999 3654 suo,
1025 3599 1081 3660 quo
1101 3580 1212 3642 circum
1228 3579 1361 3642 medinm
1376 3581 1489 3649 feratur,

136 3678 242 3731 noctes
265 3678 297 3732 et
321 3671 385 3733 dies
409 3672 560 3734 efficere.“
608 3673 665 3755 Hiq
688 3671 873 3735 Aristoteles
902 3690 960 3732 non
985 3670 1059 3731 bene
1088 3669 1223 3749 percepit
1246 3688 1351 3731 eorum
1374 3677 1490 3732 senten·

137 3759 224 3834 tiam,
259 3769 312 3822 aut
338 3769 421 3822 certe
451 3763 589 3824 defectus
618 3771 682 3836 est,
713 3780 799 3841 quem
833 3760 875 3821 sic
904 3759 1049 3822 restituo:
1084 3759 1207 3819 Terram
1230 3766 1314 3819 motu
1337 3778 1410 3834 suo,
1441 3772 1491 3836 quc

137 3848 248 3908 circum
271 3849 400 3912 medium
424 3852 550 3926 feratur,
576 3871 699 3925 annum,
726 3869 783 3929 que
808 3869 878 3911 vero
902 3851 983 3911 circa
1006 3867 1091 3910 suum
1115 3866 1217 3921 axem,
1248 3856 1357 3910 noctes
1380 3856 1414 3911 et
1434 3844 1491 3907 dies

137 3936 266 3998 efficere.
313 3939 432 4017 Pergit:
469 3949 649 4019 „praeterea
682 3940 772 4002 aliam
801 3940 924 4000 Terram
958 3936 1141 3999 contrariam
1170 3936 1374 4012 fabricantur,
1409 3953 1489 4017 quam

135 4023 283 4106 ἀηιχθων
304 4030 446 4089 vocant.“
493 4030 559 4090 Hac
583 4049 657 4091 voce
680 4030 798 4092 Lunam
821 4027 1000 4106 significant,
1025 4033 1187 4105 propterea
1210 4025 1290 4104 qnod
1314 4044 1384 4088 cum
1404 4027 1492 4088 Terra

137 4114 242 4175 eodem
274 4115 345 4176 orbe
375 4116 616 4181 circumvehatur
652 4128 683 4180 et
714 4124 838 4199 propter
872 4117 982 4178 multas
1011 4115 1076 4193 ejus
1105 4133 1171 4176 oum
1199 4114 1294 4178 Terra
1325 4129 1491 4179 communes

137 4203 321 4277 affectiones,
346 4205 382 4266 de
407 4206 513 4286 quibus
536 4215 689 4269 testantur
713 4205 814 4287 optici.
862 4205 1046 4267 Aristoteles
1061 4222 1141 4278 vero,
1166 4202 1216 4282 qui
1240 4204 1296 4265 h'oc
1316 4224 1377 4266 non
1395 4202 1490 4284 capis·

136 4291 199 4367 bat,
224 4293 442 4357 absurditatem
466 4297 635 4358 sententiae
659 4297 809 4358 ominatus
833 4295 963 4375 subjicit,
988 4293 1089 4373 „quod
1114 4311 1171 4354 non
1192 4302 1341 4372 quaerant
1365 4292 1492 4357 rationes

135 4390 168 4444 et
189 4402 312 4457 causas
346 4384 385 4446 ad
409 4404 545 4466 eaquae
574 4393 722 4465 apparent
748 4385 903 4446 reddenda
930 4392 962 4446 et
989 4382 1166 4456 efficienda,
1197 4382 1252 4443 sed
1283 4383 1324 4445 ad
1346 4400 1491 4463 praecem·

136 4481 243 4552 septas
267 4493 340 4535 suas
364 4475 511 4552 quasdam
535 4474 690 4554 opiniones
715 4483 746 4537 et
768 4473 1016 4536 ratiocinationes
1040 4471 1107 4549 ipsa
1126 4471 1336 4551 phaenomena
1350 4472 1493 4535 violenter

137 4562 363 4624 accommodent
387 4569 419 4624 et
443 4563 602 4626 conciliare
626 4563 804 4626 conentur.“
849 4563 927 4625 Esse
943 4571 1043 4624 autem
1058 4559 1156 4640 ignem
1171 4559 1397 4641 Pythagoraeis
1411 4560 1491 4632 idem,

138 4650 217 4730 quod
240 4650 360 4726 Solem,
390 4672 428 4713 ex
451 4653 635 4730 argumentis
659 4673 762 4715 eorum
786 4662 927 4731 apparet,
961 4671 1036 4732 quae
1060 4648 1104 4710 sic
1129 4648 1268 4728 proponit
1290 4650 1491 4715 Aristoteles:

137 4733 254 4813 ‚,'videri
278 4759 349 4802 vero
374 4742 472 4820 possit
494 4742 597 4804 multis
621 4743 713 4804 etiam
737 4743 820 4814 aliis,
850 4761 907 4802 non
938 4740 1069 4802 dandum
1092 4740 1203 4799 Terrae
1235 4740 1334 4801 locuru
1358 4739 1492 4809 medium.

136 4828 165 4890 si
187 4828 432 4910 probabilitatem
459 4831 593 4914 aliquam
622 4850 681 4894 non
705 4851 744 4895 ex
766 4830 997 4915 apparentibus,
1030 4828 1086 4891 sed
1113 4847 1152 4890 ea
1174 4827 1345 4895 redonibus
1374 4837 1492 4913 captare
