3278 5542
784 320 874 365 cosma
888 312 986 367 Ursum
1234 388 1239 405 ,
1422 313 1484 381 251

122 471 230 534 velint.
277 471 315 534 m
330 473 419 549 enim,
444 474 524 554 qnod
546 480 596 538 est
608 474 917 554 praestantissimum,
941 475 1187 540 honestissimum
1203 477 1301 539 locum
1316 464 1488 557 dariopor-

123 569 202 634 tere,
226 561 328 640 ignem
342 581 416 624 rem
429 563 525 625 Terra
537 564 824 644 praestantiorem.“
852 565 925 635 (Hic
940 564 966 625 si
980 566 1144 644 expendas,
1169 585 1226 629 non
1242 585 1311 627 esse
1324 575 1489 646 praestan-

122 649 184 712 tins
209 650 302 713 ullum
325 670 433 732 corpus
456 652 523 732 ipso
546 652 618 715 Sole
642 652 671 714 iu
695 656 760 715 toto
784 655 903 727 mundo,
928 654 989 717 vire
1013 656 1181 734 argumenti
1206 654 1330 719 mirifice
1353 656 1487 736 augebis,

123 748 155 801 et
178 740 252 820 qnid
275 740 327 802 ille
344 740 424 822 ignis
439 739 489 817 sit,
514 741 693 822 intelliges.)
740 743 917 817 „Terminos
933 762 1003 804 vero
1018 742 1170 823 digniores
1189 743 1381 823 interjectis“
1404 749 1491 817 (sunt

123 828 205 891 enim
236 829 325 910 qnasi
354 829 476 910 quidam
500 831 589 906 lines,
629 849 704 911 quos
734 832 813 894 alios
842 851 899 895 uon
937 832 1049 896 habent
1077 835 1279 913 quantitates,
1316 833 1384 896 finis
1416 848 1490 896 vero

122 937 245 999 semper
268 919 473 1000 praestantior
486 938 532 996 eo,
557 921 643 1001 enjus
666 921 732 983 linis
756 923 832 995 est.)
869 921 1070 996 „Extremum
1088 942 1160 984 vero
1178 923 1280 986 mundi
1305 932 1336 986 et
1350 924 1489 998 medinm,

122 1016 278 1084 scutrum,
307 1027 377 1070 esse
399 1008 545 1071 terminos
568 1010 698 1072 omnium
722 1011 855 1073 locomm
878 1011 1136 1087 intermediorum,
1160 1013 1192 1074 in
1217 1013 1322 1093 quibus
1345 1013 1489 1093 planetas

123 1104 155 1160 st
177 1095 236 1159 Sol
260 1096 350 1176 vulgo
382 1098 586 1174 collocantnr3
619 1119 712 1180 qnare
736 1107 871 1162 centrum
895 1109 927 1163 et
950 1100 1094 1163 extimam
1119 1101 1306 1182 superficiem
1330 1122 1398 1164 esse
1422 1103 1491 1164 loca

125 1187 233 1250 mundi
274 1186 553 1267 praestantissima.
609 1188 658 1251 Ex
692 1189 799 1269 quibus
833 1190 1045 1252 concludentes
1076 1210 1133 1253 non
1165 1199 1275 1271 putant
1303 1192 1426 1253 Terram
1460 1191 1490 1253 in

124 1276 278 1358 sphaerae
309 1276 476 1339 meditullio
500 1277 648 1352 1000ιο00,
682 1279 736 1339 sed
759 1279 864 1358 Ignem
888 1278 1033 1354 (Solem).
1059 1271 1216 1343 ‘Censent
1243 1282 1403 1363 praeterea
1426 1281 1489 1362 Py·

124 1366 305 1446 megensi,
335 1385 386 1441 eo,
420 1366 498 1446 qnod
522 1367 659 1446 parsit,
693 1367 822 1429 maxime
846 1367 976 1430 omnium
999 1369 1143 1432 custodiri
1175 1370 1205 1431 id
1229 1371 1308 1451 qnod
1331 1371 1373 1433 sit
1395 1369 1491 1432 totius

124 1454 261 1519 universi
282 1454 490 1535 praecipuum,
515 1454 645 1518 medinm
668 1476 740 1519 vero
763 1457 836 1519 talis
859 1457 900 1519 sit
924 1457 1007 1519 locus
1031 1459 1134 1538 (quem
1156 1467 1190 1521 et
1211 1458 1298 1522 Jovis
1322 1458 1490 1521 custodiam

124 1543 247 1618 dieunt)
276 1543 344 1606 ideo
373 1544 473 1623 ignem
496 1543 631 1619 (Solem)
654 1556 758 1608 tenere
787 1545 864 1609 hanc
891 1547 1043 1626 regionem
1068 1549 1250 1622 (centrnm):
1285 1548 1379 1622 sicut,
1412 1549 1491 1627 qnod
1567 1558 1571 1565 '

125 1633 271 1696 ahsolme
294 1633 425 1696 medium
448 1634 568 1708 dicitur,
593 1634 624 1697 id
648 1642 697 1696 est
720 1643 752 1697 et
774 1635 991 1715 magnitudinis
1013 1645 1047 1698 et
1068 1638 1112 1700 rei
1136 1645 1167 1700 et
1182 1647 1310 1700 naturas
1328 1635 1490 1699 medium.“

124 1721 216 1795 Quae
241 1731 421 1803 argumenta
443 1723 558 1786 diluere
582 1732 708 1787 conatur
730 1725 916 1787 Aristoteles
940 1725 987 1786 his
1010 1727 1127 1789 verbis:
1159 1728 1281 1807 „atqui,
1312 1727 1397 1788 utin
1422 1725 1491 1789 eni-

124 1813 281 1877 mantibus
309 1831 367 1874 non
396 1811 477 1874 idem
500 1822 549 1875 est
578 1813 718 1876 animalis
748 1824 779 1876 et
802 1814 935 1895 corporis
963 1815 1107 1892 medinm,
1139 1816 1185 1878 ita
1214 1815 1429 1895 multomagis
1452 1816 1490 1877 ds

124 1910 193 1966 tote
218 1902 303 1965 coelo
328 1902 420 1965 etiam
444 1903 647 1982 oogitandum.
695 1902 798 1975 Quare
822 1923 879 1965 non
904 1923 979 1983 opus
1004 1913 1062 1979 est,
1086 1914 1188 1985 ntpro
1203 1905 1401 1967 universitate
1424 1913 1490 1966 tre-
1602 1918 1607 1934 ·

124 1990 243 2074 pident,
268 2000 322 2053 aut
343 1991 528 2073 praesidinm
551 1993 590 2054 ad
614 2000 749 2055 centmm
765 1994 930 2056 collocent:
956 1994 1024 2073 quin
1046 1996 1147 2074 potius
1161 1994 1291 2056 medinm
1306 1994 1377 2056 illud
1393 2014 1490 2074 quae-

124 2091 215 2155 rent,
248 2082 338 2161 quale
357 2081 404 2143 sit
435 2088 468 2142 et
489 2080 550 2144 nbi.
597 2082 731 2144 Medium
759 2083 837 2145 enim
867 2090 898 2144 et
926 2083 1094 2162 pretiosum
1122 2085 1195 2146 illud
1223 2083 1401 2164 principium
1430 2091 1488 2145 est.

125 2169 170 2236 At
199 2170 331 2233 medinm
359 2169 416 2233 loci
443 2170 550 2233 ultimo
585 2188 675 2253 quam
707 2172 852 2252 principio
884 2172 1013 2234 similius
1046 2163 1173 2235 videtur.
1225 2172 1358 2235 Medium
1386 2172 1489 2251 utique

127 2260 318 2334 terminatur,
344 2268 509 2323 extremum
532 2279 604 2323 vero
629 2262 779 2324 terminat
824 2260 1038 2325 Praestantins
1061 2271 1172 2337 antem,
1198 2262 1277 2344 qnod
1292 2261 1491 2342 comprehen-

127 2351 173 2413 dit
197 2358 231 2412 et
253 2348 332 2426 linit,
362 2367 450 2430 qnam
475 2351 554 2430 quod
576 2350 685 2414 linitur.
732 2352 798 2412 Hoc
823 2351 902 2412 enim
931 2353 1077 2425 materis,
1107 2352 1182 2414 illud
1207 2352 1342 2414 essentia
1364 2368 1490 2430 cumpo-

128 2440 179 2503 slti
205 2438 287 2501 est.“
333 2438 569 2518 (Aequinocatio
583 2439 613 2500 in
628 2459 701 2502 voce
725 2440 910 2515 ‚,medium,“
934 2442 1012 2519 qnod
1027 2441 1249 2524 Pythagoraeis
1273 2450 1322 2502 est
1345 2448 1489 2513 centrum,

128 2526 292 2592 Aristoteli
316 2527 421 2608 quovis
444 2528 506 2590 alio
529 2528 617 2590 modo
640 2530 777 2592 sumitur.
825 2527 911 2600 Quas
933 2529 960 2591 si
984 2531 1119 2605 tollatur,
1145 2530 1287 2593 coincidit
1310 2529 1490 2594 Aristotelis

128 2625 342 2699 argumentum
366 2636 432 2679 cnm
455 2617 600 2692 adverso,
630 2637 743 2699 proque
766 2619 989 2701 Pythagoraeis
1013 2629 1070 2683 est.
1117 2621 1196 2683 Nam
1218 2620 1249 2682 id
1274 2620 1418 2692 medinm,
1451 2619 1488 2680 de

129 2726 185 2790 qno
210 2707 265 2782 illi,
290 2706 338 2770 hie
362 2707 440 2788 apud
464 2706 663 2770 Aristotelem
686 2709 813 2770 extremi
837 2708 985 2771 rationem
1006 2711 1150 2782 obtinet.)
1196 2710 1281 2771 Haec
1309 2709 1361 2771 ille
1386 2716 1491 2770 eontra

128 2797 375 2881 pythagoraeos,
405 2795 445 2857 ad
468 2815 546 2877 quae
569 2799 752 2878 respondere
781 2818 836 2859 nec
859 2797 980 2859 difficile
1005 2806 1065 2873 est,
1095 2817 1151 2860 nee
1178 2806 1281 2860 tamen
1310 2798 1397 2877 hujus
1421 2797 1489 2860 loci.

127 2884 190 2951 ssd
214 2885 430 2965 hincapparet
451 2885 584 2966 ipsomm
608 2887 761 2949 sententia
785 2887 820 2947 de
846 2887 911 2948 loco
934 2887 1123 2965 potissimum
1143 2887 1256 2949 Terrae
1280 2895 1367 2948 extra
1388 2885 1489 2947 mnndi

127 2974 271 3039 medinm.
317 2972 388 3036 Jsm
413 2975 505 3036 etde
528 2977 715 3055 motnipsos
739 2976 864 3038 ulterius
896 2976 1067 3038 audiamus:
1100 2975 1186 3051 „Sed
1210 2975 1258 3055 qni
1282 2995 1348 3037 eam
1370 2976 1401 3037 in
1425 2993 1492 3036 ms-

122 3065 177 3128 dia
201 3063 305 3126 mnndi
329 3064 401 3125 aeds
429 3064 560 3126 locatam
583 3084 652 3126 esse
675 3073 803 3144 negant,
837 3065 949 3127 circum
975 3066 1105 3127 medium
1132 3085 1199 3127 sam
1221 3065 1302 3126 rolri
1332 3073 1490 3126 asserunt:

122 3172 225 3236 neque
249 3153 327 3215 hanc
350 3154 457 3228 solnm,
482 3154 535 3215 sed
561 3173 626 3215 eam
649 3155 751 3227 etium,
778 3174 853 3234 quae
878 3154 905 3215 ei
929 3157 1059 3217 adversa
1083 3163 1131 3217 est
1146 3156 1278 3229 (Lunam
1301 3153 1491 3216 manifestis·

118 3244 218 3317 mma)
243 3242 492 3323 quemadmodum
514 3244 605 3324 paulo
630 3252 700 3305 ante
724 3243 888 3306 diximus.“
934 3246 976 3307 Et
998 3244 1161 3323 interjecta
1176 3244 1301 3307 aliomm
1321 3243 1490 3306 sententia:

118 3333 232 3408 „Nam
255 3331 325 3412 qula
346 3331 443 3394 Terra
466 3351 524 3394 non
549 3340 597 3394 est
619 3342 754 3394 nentrum
779 3335 969 3411 (punctum),
994 3354 1060 3396 cnm
1075 3341 1171 3396 totum
1187 3334 1281 3413 ipsius
1298 3333 1490 3413 hemisphae-

118 3423 204 3486 rium
234 3421 340 3483 ebsit“
364 3420 531 3501 (intellige,
564 3423 658 3483 etiam
687 3423 804 3485 illorum
834 3423 1044 3498 concessione,
1073 3424 1124 3504 qui
1148 3424 1273 3485 Terram
1302 3425 1332 3484 in
1361 3423 1491 3484 medinm
1538 3441 1541 3446 ·

118 3511 231 3575 nundi
256 3509 409 3584 referunt)
432 3510 528 3586 „nihil
553 3518 663 3591 potant
685 3512 860 3591 prohibere,
896 3514 1052 3592 quominus
1084 3513 1291 3592 phaenomena
1315 3512 1493 3590 contingant

118 3598 216 3664 uobis
241 3605 328 3661 extra
351 3600 509 3662 centrum“
534 3602 608 3670 (non
631 3607 749 3663 tantum
781 3620 840 3663 uns
863 3601 1087 3664 semidiametro
1111 3602 1240 3675 Terrae,
1270 3602 1323 3662 sed
1347 3607 1491 3680 qnantum

118 3688 207 3752 luter
235 3684 339 3751 Solem
368 3696 401 3750 et
427 3688 552 3751 Terram
580 3691 722 3762 interest)
755 3689 1001 3764 ‚,hahitantibus,
1034 3690 1174 3752 similiter
1204 3709 1240 3750 ac
1272 3691 1297 3751 si
1332 3690 1361 3749 in
1393 3688 1492 3750 medio

118 3777 226 3840 Terra
250 3785 342 3839 esset.
389 3777 468 3840 Nam
490 3797 528 3840 ne
553 3795 629 3840 nunc
653 3779 795 3858 quidem“
819 3779 864 3851 (id
889 3787 947 3852 est,
971 3798 1008 3839 ne
1032 3779 1152 3859 quidem
1176 3779 1202 3841 si
1224 3779 1317 3840 Terra
1339 3778 1370 3839 in
1394 3775 1491 3837 medio

118 3867 331 3948 relinquatur)
355 3867 535 3948 „quicquam
563 3868 696 3929 notabile
721 3868 813 3942 effici,
841 3869 912 3929 dnm
937 3868 1059 3929 dimidia
1083 3868 1229 3930 diametro
1260 3890 1276 3928 a
1301 3874 1405 3929 centro
1433 3865 1490 3927 ab·

118 3959 267 4019 snmus‘·
311 3956 399 4019 Haec
422 3957 459 4017 de
482 3957 706 4039 Pythagoraeis
729 3957 930 4027 Aristoteles,
960 3958 1022 4019 lere
1046 3958 1168 4038 quidem
1189 3957 1278 4038 plora
1301 3965 1332 4018 et
1355 3955 1491 4034 explice-

118 4046 221 4118 tiora,
257 4064 345 4126 quam
370 4046 408 4107 de
432 4046 613 4108 Aristarcho
637 4046 846 4110 Archimedes.
892 4044 979 4116 Quae
1004 4047 1030 4108 si
1053 4046 1181 4126 legisset
1204 4047 1316 4116 Ursus,
1342 4045 1491 4125 Uopemi·

118 4150 274 4198 unarum
298 4135 443 4215 originem
457 4153 515 4197 non
535 4137 573 4197 ad
590 4132 802 4197 Aristarchum
816 4144 888 4215 post
901 4136 1111 4213 Aristotelem,
1135 4138 1189 4198 sed
1216 4137 1253 4198 ad
1268 4136 1439 4197 Philolaum
1461 4141 1494 4194 et

125 4224 350 4307 Pythagoricos
373 4224 463 4304 longo
487 4233 558 4286 ante
574 4225 774 4287 Aristotelem
797 4225 961 4287 retulisset
1007 4226 1115 4306 Neque
1138 4232 1240 4288 tamen
1254 4244 1359 4286 omnes
1372 4223 1491 4306 Pytha-

130 4312 224 4395 gorici
249 4313 300 4396 qni
323 4313 420 4376 secuti
444 4320 515 4375 sunt
542 4314 619 4376 haec
643 4312 774 4376 Philolai
797 4324 922 4377 tenuere
944 4315 982 4375 de
1005 4316 1114 4377 mundo
1138 4314 1372 4396 conceptionem.
1418 4313 1491 4374 Es·

126 4403 249 4465 doxns
273 4402 352 4464 enim
376 4399 511 4477 Ouidius,
532 4404 597 4483 jam
620 4403 760 4465 Platonis
784 4411 817 4465 et
830 4403 1008 4465 Aristotelis
1028 4411 1211 4466 coaetaneus
1233 4411 1266 4465 et
1286 4404 1350 4483 ipss
1375 4401 1491 4483 Pytha-

126 4491 260 4572 goricus,
285 4492 366 4572 apud
389 4491 587 4554 Aristotelem
611 4493 754 4573 principis
778 4492 970 4575 Pythagorae
994 4493 1179 4555 sententiam
1200 4494 1324 4573 propius
1347 4490 1491 4570 sequitur,

127 4581 158 4643 in
181 4595 367 4661 consume,
399 4581 478 4662 quod
501 4579 561 4644 und
588 4600 655 4644 cnm
677 4582 730 4643 illo
752 4582 880 4654 statuit,
912 4582 1027 4644 moveri
1059 4581 1171 4644 Solem.
1219 4582 1265 4642 De
1290 4599 1348 4661 qno
1372 4589 1405 4642 et
1427 4580 1493 4659 ejas

126 4677 303 4733 sausoure
327 4668 490 4751 Galippo
515 4688 582 4734 cnm
605 4672 702 4735 Ursus
729 4688 785 4752 pro
808 4671 951 4733 lihertate
975 4690 1031 4732 sua
1052 4671 1198 4745 affirmet,
1231 4671 1336 4751 quibus
1360 4670 1407 4731 nsi
1427 4668 1493 4731 sint

130 4758 358 4841 hypothesibus,
383 4759 530 4840 ignorari;
555 4767 588 4822 et
607 4768 710 4823 tamen
731 4759 839 4840 paucis
855 4759 1035 4839 interjectis,
1059 4761 1166 4822 eadem
1180 4759 1375 4822 asseuerandi
1389 4766 1491 4820 terse-

127 4846 237 4925 timos,
269 4854 433 4933 mrpstos
465 4849 505 4912 ab
535 4848 599 4914 illis
630 4848 837 4914 eomenmicos
864 4866 884 4912 s
910 4848 1134 4934 Pythagorasis,
1161 4856 1195 4913 et
1221 4847 1396 4930 ffrppsrcho
1424 4865 1492 4908 cnm
