3278 5542
656 115 818 167 Prooemium·
1377 115 1420 184 67

47 278 141 321 menta
157 280 205 321 ιιιιι
221 286 337 323 nussum
355 274 479 324 subtilitas
496 260 543 324 h‘oe
562 275 710 340 investigare
729 276 836 337 poterit,
860 274 926 339 qnod
944 274 1068 339 Keplerus
1084 276 1207 334 intenditr
1235 290 1295 327 m
1316 279 1338 327 sl
1360 292 1419 327 oon·

47 343 156 391 trarim
174 342 278 393 firmiter
294 344 421 409 probetur,
444 346 522 393 omnis
541 344 671 409 (lopernici
689 348 840 395 astronomia
857 345 928 395 valde
947 354 1064 412 suspecta
1087 348 1141 396 erlt.
1168 346 1261 397 Dubito
1279 354 1421 412 praeterea,

49 425 86 461 an
104 412 166 461 talis
184 414 308 478 Inquisitio
327 414 360 464 ad
379 417 555 465 astronomiam
573 418 704 481 quicquam
724 423 852 480 apportet,
883 418 930 466 nisi
955 431 987 466 ea
1015 418 1047 467 ad
1065 418 1189 481 perlectas
1207 420 1325 469 scientias
1344 415 1421 483 (qnod

50 484 152 534 ridetur
170 484 269 542 conen)
287 493 452 535 eonvertatur.

109 555 194 605 linio
212 557 412 619 innixuslndicio
434 558 620 607 Hermastus
637 559 764 622 rospondit
780 557 889 621 Keplero
908 557 931 607 d.
953 556 994 606 15.
1012 558 1067 608 Oct.
1089 557 1159 608 tots
1175 560 1242 610 bnnc
1260 561 1286 609 in
1303 560 1421 610 modurn:

51 626 108 676 Das
127 625 173 675 leh
191 626 248 676 dem
266 627 346 677 Herrn
364 628 411 677 ani
425 629 478 678 sein
497 643 530 678 an
548 629 614 679 mich
630 633 719 695 jungat
736 629 830 694 gethan
849 630 983 680 Schreihen
1011 646 1038 679 so
1063 631 1138 695 lango
1157 631 1215 680 Zeit
1239 632 1309 681 nicht
1331 638 1421 697 genut-

51 704 150 753 srortet,
170 699 204 747 ist
223 712 269 747 ans
287 698 464 765 eingeialleuer
481 700 637 758 Kranlrheit,
657 702 735 751 damit
752 701 792 750 ich
810 700 916 750 helsden
935 716 1049 766 genesen
1068 703 1120 751 und
1139 702 1230 751 darant
1245 702 1424 754 anbeiohlener

52 769 143 827 Italas,
163 769 244 818 daron
263 768 304 819 ich
322 777 372 819 erat
389 771 482 820 wieder
498 771 564 820 nach
582 772 652 821 Hans
671 772 788 838 gelangt,
816 772 913 821 bishero
938 773 1085 821 serblieben.
1123 772 1181 822 Und
1199 772 1258 822 thiro
1277 773 1344 823 mich
1363 775 1423 825 aher

53 841 138 890 seinse
164 853 198 889 an
224 840 291 889 mich
317 842 516 907 abgegangenen
542 841 702 902 Schreibens,
731 843 854 893 darinnen
882 857 908 892 er
935 843 1000 891 mich
1024 845 1092 892 selne
1120 844 1275 893 vorhabeude
1294 846 1377 894 studia
1394 861 1421 895 ao

53 909 206 962 vertraulieh
225 910 354 969 berichtet,
372 926 438 977 gana
457 914 555 962 bound·
575 914 627 963 und
647 914 779 963 dienstlich
797 914 936 964 bedanhen.

126 982 184 1032 Wia
202 982 244 1031 ich
262 982 305 1032 des
322 983 403 1033 Herrn
422 1000 627 1050 vergenomrnene
650 987 835 1035 ohservationes
859 986 989 1042 verstehe,
1017 986 1118 1035 niirden
1146 985 1274 1044 dadurch,
1303 987 1348 1035 ani
1373 987 1422 1036 den

53 1054 109 1103 rari
129 1052 164 1102 Er
181 1054 322 1103 sensibilem
340 1054 506 1105 differentiam
524 1072 554 1105 ex
573 1058 742 1107 observatione
762 1055 954 1119 deprehendiren
977 1057 1087 1111 hbnnte.
1117 1057 1161 1107 des
1190 1056 1319 1122 copemici
1343 1057 1421 1121 hypo·

54 1124 139 1174 theses
158 1126 278 1181 evertirt,
297 1125 411 1175 sintemal
431 1126 581 1190 (loperuicua
599 1129 801 1191 praesupponirt,
831 1127 895 1191 quod
923 1127 1042 1177 distantia
1069 1129 1134 1177 inter
1161 1127 1243 1178 Solem
1269 1137 1295 1177 et
1320 1128 1423 1179 Terram

54 1196 87 1245 ad
114 1197 309 1245 immensitatem
336 1197 462 1246 stellarum
490 1198 593 1247 lixarum
612 1200 745 1249 existimari
773 1207 888 1263 nequeat.
926 1198 983 1247 Und
1009 1197 1129 1262 gehtrten
1161 1198 1227 1249 dazn
1257 1200 1422 1249 instrumenta

54 1280 169 1332 magna,
189 1275 281 1317 exacta
297 1273 324 1316 et
341 1269 558 1326 reodhestissima,
577 1271 688 1321 dedurcb
715 1284 775 1319 man
798 1270 863 1320 auch
882 1268 914 1319 ad
932 1270 1048 1332 scrupula
1067 1272 1158 1333 prima,
1186 1270 1224 1321 rel
1243 1273 1319 1320 etiarn
1338 1276 1422 1335 parter

55 1338 153 1403 ιιίςιιιι
172 1338 279 1402 sompnii
297 1339 368 1402 primi
386 1342 499 1402 praecise
518 1342 656 1392 obserriren
675 1342 776 1390 hdnnte.
805 1340 848 1390 Da
865 1342 909 1390 der
926 1340 990 1391 Herr
1009 1341 1165 1406 dergleichen
1183 1341 1236 1399 hat,
1256 1343 1344 1391 nimmt
1355 1340 1422 1392 mich

56 1408 182 1466 Wunder,
201 1423 240 1457 no
259 1408 318 1457 oder
335 1412 380 1459 nie
400 1425 426 1460 er
445 1411 485 1460 die
504 1413 607 1461 erobert.
645 1412 735 1461 Wollte
753 1428 815 1477 gem
832 1415 934 1471 nissen,
955 1414 997 1471 ob,
1022 1415 1068 1462 wie
1087 1413 1138 1461 und
1156 1414 1181 1461 in
1201 1428 1253 1463 vas
1270 1412 1359 1463 Wehrt
1375 1427 1421 1463 nn·

57 1478 198 1544 geilhrlicb
216 1479 373 1545 dergleichen
392 1497 424 1530 zu
442 1482 588 1532 behommen
607 1485 660 1533 sein
678 1483 802 1532 mbchten.

127 1550 215 1601 Wann
233 1550 289 1600 dem
306 1550 388 1601 Herrn
406 1554 431 1601 in
449 1553 521 1602 rebus
539 1555 724 1604 mathematicis
751 1554 810 1604 oder
833 1554 898 1603 euch
920 1555 971 1603 suis
990 1555 1076 1603 studiis
1099 1560 1126 1604 et
1143 1554 1353 1604 observationibus
1370 1568 1422 1605 vu

57 1622 198 1687 amlanget,
217 1622 274 1672 that
291 1622 325 1671 ldr
341 1625 388 1672 mir
406 1625 445 1673 ein
464 1625 626 1675 sonderbares
640 1626 763 1680 Gelallen.
783 1626 816 1675 da
834 1626 867 1674 Er
885 1625 951 1674 mich
969 1626 1057 1675 dessen
1076 1625 1242 1691 remttndigt,
1261 1625 1312 1676 nnd
1331 1626 1365 1675 da
1381 1625 1424 1676 ich

56 1693 110 1745 tino
128 1693 200 1743 kann
217 1693 292 1743 hiesu
309 1694 335 1743 in
354 1696 402 1744 eim
421 1695 480 1745 oder
498 1696 576 1746 ander
593 1696 658 1761 Weg
676 1696 801 1745 verbulicn
819 1711 894 1759 seyn,
913 1696 959 1746 bat
976 1697 1010 1746 Er
1028 1696 1094 1746 mich
1112 1698 1176 1746 darn
1194 1697 1277 1761 villig.
1314 1695 1370 1746 Wie
1381 1696 1423 1746 ich

57 1764 110 1815 lma
129 1764 200 1814 dana
218 1764 369 1816 heundliche
388 1764 606 1833 Dienrrsilligkoit
623 1783 654 1817 ru
673 1769 791 1817 erweisen
809 1769 913 1834 geneigt
931 1768 1060 1818 serbleibe.
1135 1766 1229 1818 Datum
1248 1765 1293 1817 dte.

129 1922 152 1972 Ε
171 1922 309 1988 Kepleri
326 1927 486 1989 responsione
502 1926 568 1977 haec
587 1925 717 1976 addimus:

148 2116 286 2180 Salutem
311 2119 340 2180 iu
366 2118 486 2182 Christo
509 2120 679 2182 Mediatore
703 2128 735 2181 et
757 2119 940 2183 Redemtore
965 2129 1067 2184 nostro
1092 2121 1188 2183 unico.

150 2242 272 2304 Litcras
296 2253 374 2317 tuas,
397 2243 502 2324 Magn.
527 2244 593 2318 Vir,
623 2241 672 2306 15.
698 2242 767 2307 Oct.
792 2243 932 2324 scriptas,
957 2242 987 2307 5.
1012 2244 1085 2307 Dec.
1111 2246 1221 2325 accepi.
1247 2244 1422 2327 Recupera-

60 2340 124 2393 tam
148 2330 252 2411 itaque
275 2332 489 2406 valetudinem,
514 2334 683 2395 confectum
707 2334 835 2396 feliciter
857 2335 930 2403 iter,
955 2341 987 2396 et
1009 2335 1138 2396 reditum
1162 2336 1199 2395 ad
1224 2334 1340 2397 nobiles
1365 2333 1420 2395 de-

61 2421 147 2483 licias
172 2438 268 2482 rerum
292 2421 571 2483 mathematicorum
594 2422 650 2484 tibi
673 2424 818 2502 gratulor.

150 2506 241 2578 Quod
264 2528 347 2571 meas
370 2511 480 2572 stellae
503 2511 616 2590 polaris
640 2511 867 2573 observationes
891 2511 1012 2585 attinet,
1036 2512 1062 2573 si
1083 2511 1210 2572 antehac
1234 2530 1292 2572 non
1312 2510 1421 2580 monui,

64 2606 144 2661 certe
165 2597 232 2676 jam
254 2600 419 2680 praeterire
448 2618 507 2661 non
534 2618 672 2680 possum,
705 2600 859 2663 inductum
883 2619 929 2661 me
952 2599 982 2660 in
1006 2600 1083 2660 hanc
1113 2600 1312 2679 suspicionem
1336 2607 1422 2661 certa

63 2699 94 2749 et
112 2687 252 2749 dimensa
274 2688 375 2767 aliqua
393 2688 632 2763 ratiocinatione,
658 2689 785 2764 scilicet,
809 2699 844 2750 ut
866 2706 943 2768 quae
967 2688 1043 2749 ratio
1068 2697 1117 2750 est
1140 2689 1219 2750 orbis
1235 2688 1358 2748 Terreni
1382 2688 1421 2749 ad

63 2776 164 2838 orbem
195 2774 384 2853 Saturnium,
415 2777 521 2838 eadem
551 2786 681 2857 ponatur
708 2779 785 2840 ratio
818 2777 899 2839 orbis
923 2775 1048 2839 Saturni
1076 2777 1114 2838 ad
1149 2777 1252 2837 orbem
1286 2778 1419 2839 lixarum.

63 2864 157 2926 Esset
180 2865 273 2942 igitur
295 2865 518 2927 semidiameter
540 2866 635 2940 orbis,
660 2868 709 2947 qni
734 2868 856 2929 Terram
881 2867 978 2939 vehit,
1002 2867 1041 2927 ad
1065 2865 1320 2928 semidiametrnm
1343 2867 1422 2928 fixa-

63 2974 126 3015 rum
150 2954 358 3034 snbcentupla,
380 2956 449 3035 qnia
472 2955 574 3016 estad
594 2956 850 3018 semidiametrum
870 2954 994 3018 Saturni
1013 2955 1206 3034 subdecupla.
1238 2955 1323 3016 Haec
1342 2955 1421 3017 ratio

63 3044 88 3103 si
110 3062 186 3105 vera
208 3044 264 3118 sit,
289 3043 459 3106 differentis
482 3044 674 3106 altitudinum
698 3045 883 3106 diversarum
906 3044 1015 3106 stellae
1039 3044 1151 3124 polaris
1175 3044 1233 3105 crit
1255 3062 1348 3124 prope
1372 3042 1421 3105 di-

23 3192 41 3207 ,
63 3133 184 3194 midium
209 3133 345 3212 gradum.
391 3133 458 3194 Hac
480 3142 644 3214 praeeunte
669 3134 785 3195 ratione
809 3134 924 3195 accinxi
949 3153 995 3194 me
1020 3134 1059 3195 ad
1083 3133 1310 3196 observandum.
1342 3133 1423 3196 Nam

63 3222 100 3282 ad
124 3221 278 3287 dimidium
302 3221 428 3301 gradum
451 3222 615 3283 notandum
637 3243 696 3285 non
720 3223 796 3284 adeo
820 3240 928 3302 magno
952 3223 1151 3284 instrumento
1175 3242 1248 3301 opus
1263 3232 1320 3283 est.
1354 3222 1420 3282 Da·

62 3311 107 3371 bis
135 3310 230 3390 igitur
259 3311 380 3372 reniam
408 3311 493 3385 mibi,
530 3311 580 3391 qui
610 3313 648 3373 ad
677 3312 914 3391 speculationem
941 3312 982 3385 (si
1013 3330 1066 3391 pro
1091 3312 1239 3392 dignitate
1264 3311 1329 3390 quis
1355 3330 1421 3371 eam

62 3407 195 3461 tractare
223 3398 310 3473 velit)
333 3399 576 3473 subtilissimam,
604 3401 669 3463 rudi
694 3402 891 3463 instrumento
920 3401 1045 3462 accessi.
1092 3401 1172 3463 Nam
1201 3400 1279 3479 quod
1303 3398 1340 3459 de
1364 3400 1420 3460 ob-

62 3488 231 3549 servatorio
263 3506 328 3550 meo
360 3489 499 3569 quaeris,
529 3491 715 3569 respondeo,
745 3490 894 3568 prodiisse
925 3490 997 3551 illud
1030 3508 1067 3550 er
1095 3489 1202 3549 eadem
1225 3487 1358 3560 cilicina,
1383 3506 1422 3549 ex

62 3595 121 3657 qna
142 3575 307 3657 primorum
328 3585 485 3656 pareutum
509 3580 628 3658 tuguria
651 3579 798 3658 prodiere.
846 3578 974 3640 Suffecit
1005 3577 1084 3639 enim
1111 3576 1184 3638 mibi
1207 3576 1420 3657 qualecumque

61 3666 293 3728 instrumentum
325 3665 366 3727 sd
396 3665 550 3729 dimidium
578 3669 704 3748 gradum
730 3669 779 3728 vel
804 3666 998 3729 asserendum
1029 3666 1078 3728 vel
1103 3666 1283 3745 negandum.
1330 3664 1422 3727 Etsi

63 3755 132 3817 mihi
156 3775 215 3816 non
239 3755 380 3829 sufficiat,
403 3764 507 3817 tamen
529 3757 689 3818 carendum
713 3764 762 3818 est
784 3756 984 3837 exquisitiori,
1011 3756 1079 3836 quia
1102 3773 1197 3834 neque
1223 3754 1295 3814 mihi
1322 3754 1421 3816 Attali

62 3854 131 3905 sunt
155 3862 239 3924 opes,
263 3862 359 3925 neque
381 3844 557 3906 Alexander
579 3845 759 3926 discipulus,
784 3864 878 3927 neque
903 3845 1072 3907 Praxiteles
1096 3844 1210 3924 opifer,
1236 3862 1331 3923 neque
1354 3842 1420 3904 Re-

62 3933 247 4010 giomontani
270 3952 386 3996 manus.
432 3932 475 3995 Et
496 3943 599 3995 tamen
623 3936 797 4015 quantulum
820 3935 891 3996 mibi
915 3953 1016 3996 arcum
1040 3933 1198 4008 indicavit,
1229 3933 1265 3992 de
1290 3951 1325 3992 eo
1350 3951 1420 3993 arcu

62 4032 162 4083 certus
187 4040 263 4084 sum.
309 4022 345 4083 ld
376 4028 411 4084 ιιι
437 4030 525 4085 tanto
554 4022 695 4084 libentius
724 4024 795 4085 milri
819 4024 944 4097 credas,
977 4023 1146 4085 describam
1178 4022 1418 4083 instrumentum.

63 4110 241 4190 Spectatum
264 4110 389 4174 admissi
411 4111 504 4174 risum
527 4113 657 4173 teneatis
682 4113 789 4175 amici:
815 4111 891 4175 Cum
915 4131 973 4172 non
989 4118 1072 4174 esset
1090 4111 1162 4172 mihi
1179 4111 1255 4172 alius
1275 4110 1420 4171 materiae

63 4201 149 4281 copis
173 4219 262 4280 qnam
286 4199 369 4280 ligni,
394 4200 501 4262 scirem
524 4220 595 4262 vero
619 4210 768 4263 tnnresere
793 4209 824 4263 et
846 4202 962 4264 hiscere
995 4200 1095 4262 omnia
1118 4199 1235 4261 omnino
1259 4199 1343 4277 ligna
1365 4215 1419 4275 pro

64 4291 179 4352 ratione
202 4288 283 4351 airis
306 4289 337 4350 in
361 4290 475 4351 latum:
500 4290 568 4352 ideo
592 4290 780 4352 machinatus
804 4310 869 4352 sum
892 4291 955 4352 tale
977 4291 1218 4361 instrumentum,
1238 4288 1324 4367 cujus
1343 4305 1419 4368 quse

64 4390 164 4441 certae
188 4384 221 4440 et
241 4384 419 4440 constantes
441 4396 511 4439 esse
535 4378 688 4442 debebant
711 4380 822 4454 lineae,
861 4400 879 4440 a
907 4379 1091 4458 longitndine
1124 4386 1156 4440 et
1177 4377 1259 4438 libris
1283 4376 1347 4437 sire
1369 4375 1420 4437 filo

66 4465 134 4547 ligni
167 4467 400 4530 sustinerentur.
447 4467 641 4548 Triangulum
673 4469 775 4550 itaque
804 4466 842 4538 6.
867 4466 904 4542 8,
932 4466 973 4530 10
1002 4469 1112 4548 pedum
1135 4466 1241 4529 struxi.
1288 4466 1367 4527 h'am
1390 4464 1421 4525 hi

67 4557 176 4619 numeri
199 4556 329 4620 omnium
352 4555 519 4619 certissime
543 4559 673 4638 produnt
695 4567 808 4620 rectum
832 4557 983 4638 angulum.
1030 4557 1065 4618 Id
1087 4556 1269 4634 triangulum
1297 4576 1316 4615 a
1338 4561 1421 4615 recto

68 4646 172 4727 angulo
195 4644 350 4726 suspendi,
373 4646 454 4709 hlmn
472 4665 539 4709 cnm
562 4648 773 4728 perpendiculo
797 4666 835 4709 ex
858 4647 964 4708 eodem
987 4654 1070 4708 recto
1086 4647 1195 4725 angulo
1219 4643 1336 4719 demisi,
1361 4641 1420 4723 by-

1164 4748 1207 4799 5*
