3278 5542
733 326 896 378 Prooemim
1430 323 1495 391 233

124 487 208 536 intuo
221 485 304 538 libello
317 487 404 546 edidit,
426 500 535 539 menon
548 493 614 546 sunt,
636 503 683 540 neo
705 489 781 539 etiam
803 501 836 539 ea
857 489 911 552 ipsa
923 487 1047 554 iutelligit,
1070 488 1107 538 ita
1130 493 1241 552 atquae
1260 487 1398 538 bonasunt
1418 489 1495 547 ineo.

123 559 176 621 lpse
198 557 271 608 salsis
292 559 372 608 verbis
393 566 522 624 proponat
559 559 643 610 Multa
664 560 809 624 a'l'ychone
829 560 905 610 habet
927 566 953 610 et
973 576 1016 625 pro
1037 561 1088 609 suis
1107 560 1228 619 venditat,
1250 573 1315 625 quae
1332 561 1358 609 in
1371 559 1496 624 Tychonis

124 629 184 678 libro
208 629 255 679 tibi
276 632 419 680 monstravi.
468 631 657 698 Triangulorum
684 634 759 696 ipsius
782 633 895 682 doctriua
915 632 975 681 nihil
998 630 1155 681 memorabile
1176 631 1254 681 habet
1280 632 1345 696 qnod
1366 647 1416 681 non
1438 633 1497 683 alibi

123 699 213 750 molins
227 701 345 766 scriptum
358 708 446 753 exstet.
484 701 557 764 Quae
577 719 634 753 vero
653 704 679 753 in
693 718 724 752 aa
737 705 868 752 observatu
888 704 964 768 digna
976 709 1042 756 sunt.
1065 705 1118 769 ipse
1140 719 1190 753 uon
1208 703 1330 767 intelligit,
1353 704 1409 753 ideo
1432 704 1495 755 false

124 779 150 822 et
169 773 258 836 inepte
276 775 399 837 proponit.
436 773 527 824 hiirnm
549 775 678 841 ergomihi
692 775 824 832 rideretur,
847 776 867 824 si
888 790 904 824 a
923 781 950 824 te
970 790 1043 839 super
1064 781 1134 824 astra
1155 776 1190 824 sio
1208 772 1358 824 eveheretur.
1397 775 1494 840 Dignus

123 845 210 908 itaque
225 851 301 902 meet
325 851 353 895 ut
365 847 544 910 conuaipsurn
559 853 585 895 te
597 861 726 911 purgares.
746 847 811 911 quod
832 854 877 897 tua
897 846 1054 901 humanitate
1076 852 1206 909 tantopere
1221 847 1338 900 abutitur.
1360 847 1418 911 quia
1439 861 1496 896 vera

123 929 174 964 nou
186 916 273 977 medo,
289 922 316 966 te
336 917 475 968 irfinsrnodi
496 919 647 967 ornamentis
669 919 748 982 ipsum
765 919 842 968 luisse
865 918 1002 984 dignatum.
1025 917 1057 978 (E
1077 919 1154 968 literis
1173 918 1196 967 d.
1217 918 1240 967 d.
1263 915 1303 965 ll.
1320 916 1371 967 Jul-
1391 915 1446 978 98.)

196 1055 295 1117 Quibus
316 1055 477 1122 Koplorus
496 1057 560 1111 haec
579 1059 707 1124 respondit
728 1057 771 1121 (ex
790 1073 829 1124 ep.
852 1060 875 1110 (l.
898 1057 922 1109 9.
938 1059 1000 1110 Dec.
1023 1058 1056 1109 98
1079 1061 1147 1110 data.
1181 1058 1266 1123 Comp.
1286 1076 1310 1125 p.
1330 1055 1363 1107 99
1383 1066 1410 1109 et
1428 1055 1495 1116 sib:

215 1200 369 1281 Tychouis
393 1200 498 1263 literas
521 1203 651 1264 nondum
675 1202 752 1272 vidi,
772 1221 906 1265 mearum
930 1203 969 1264 ad
993 1202 1077 1263 illurn
1102 1203 1257 1283 exemplar
1281 1202 1360 1281 apud
1383 1210 1414 1263 te
1439 1221 1494 1263 er·

124 1296 209 1352 stare
234 1290 363 1369 gaudeo.
409 1291 488 1352 Nam
511 1291 655 1372 prodigus
679 1311 744 1353 sum
767 1291 936 1354 verborum.
984 1290 1100 1370 Scripsi
1110 1293 1265 1372 profecto,
1292 1311 1349 1371 quo
1368 1311 1415 1352 me
1439 1311 1493 1353 ca·

125 1379 225 1440 laurus
258 1379 402 1454 ducebat,
436 1389 544 1441 contra
576 1382 727 1459 quemad
760 1389 878 1442 tantum
901 1381 996 1443 virum
1025 1381 1135 1443 decuit.
1182 1380 1293 1442 Earum
1327 1382 1403 1442 adeo
1436 1399 1495 1441 non

124 1467 249 1529 memini
273 1468 412 1547 amplius.
459 1470 585 1532 Utinam
607 1470 787 1531 observator
811 1470 1062 1549 diligentissimus
1087 1471 1158 1530 olim
1181 1490 1200 1529 a
1219 1490 1266 1531 me
1281 1477 1381 1532 motae
1407 1469 1496 1531 dubi·

124 1556 254 1619 tationis
279 1558 316 1618 de
346 1557 414 1618 fixis
447 1559 629 1619 mentionem
654 1560 778 1620 faceret.
827 1557 996 1621 Observavi
1026 1579 1082 1639 ego
1111 1559 1263 1637 triangulo
1288 1559 1354 1620 rudi
1380 1559 1496 1640 (qualia

125 1648 210 1709 luere
226 1645 472 1709 Patriarohamm
496 1647 642 1709 adiluvio
657 1649 792 1728 tuguria)
822 1646 913 1712 ¹597.
934 1647 1070 1721 Octobri,
1097 1648 1269 1722 Decembri,
1297 1646 1391 1712 1598.
1408 1649 1496 1710 Mar·
1524 1645 1532 1657 '

125 1735 179 1809 tio,
205 1734 390 1814 Septembri.
436 1737 570 1798 Primam
590 1737 698 1799 falsam
715 1738 808 1799 fuisse
832 1758 996 1799 consensus
1015 1738 1203 1822 sequentium
1234 1745 1376 1801 testatur.
1414 1738 1494 1800 Nam

126 1825 152 1887 si
176 1844 239 1904 qua
263 1834 312 1886 est
335 1825 504 1888 differentia
528 1826 697 1888 altitudinis
720 1827 844 1888 marum
870 1828 997 1889 diversis
1023 1825 1093 1887 anni
1112 1827 1306 1906 temporibus,
1331 1826 1385 1888 illa
1399 1826 1496 1888 minor

127 1922 175 1976 est
209 1921 353 1977 sextante
382 1915 510 1994 gradus3
543 1935 613 1977 nam
647 1917 813 1996 quadrante
846 1937 912 1978 meo
946 1918 1087 1995 scrupula
1111 1917 1280 1978 consectari
1312 1936 1369 1977 non
1399 1915 1493 1995 potui.

127 2003 195 2084 Ego
220 2022 292 2064 vero
324 2003 481 2084 exprime
509 2004 589 2066 falsa
619 2005 830 2067 observatione
858 2005 978 2085 putavi,
1012 2005 1210 2068 differentiam
1240 2007 1302 2066 sore
1337 2005 1495 2067 semissem

127 2093 255 2174 gradus.
304 2091 337 2154 Si
359 2093 389 2153 iu
413 2093 517 2172 primis
541 2101 574 2155 et
596 2096 732 2174 partibus
756 2095 843 2175 primi
867 2096 1030 2174 majoribus
1050 2095 1133 2155 nulla
1153 2102 1201 2154 est
1217 2095 1396 2168 differentia,
1423 2114 1495 2155 sane

128 2191 242 2261 stege
267 2182 426 2262 plurimum
451 2183 602 2246 movebor.
650 2182 727 2254 Quis
752 2185 829 2246 enlm
853 2185 972 2258 credat,
1005 2192 1122 2244 tantam
1148 2203 1214 2245 esse
1238 2184 1363 2244 finarum
1388 2183 1496 2244 altitu·
1556 2214 1561 2223 ,

129 2271 241 2333 dinem.
269 2276 386 2344 (Spectat
397 2279 435 2330 his
446 2281 570 2345 Keplerus
584 2282 767 2331 ohservationes
780 2283 867 2333 stellae
880 2283 980 2347 polaris,
993 2297 1057 2347 quae
1070 2281 1186 2346 leguntur
1198 2296 1273 2345 supra
1286 2297 1310 2346 p.
1326 2277 1381 2341 42.)

219 2360 270 2422 Ad
294 2360 433 2424 Ursum
460 2361 567 2441 scripsi
603 2382 681 2423 anno
706 2360 759 2426 95.
789 2373 926 2439 aestate,
960 2364 1133 2445 priusquam
1158 2363 1326 2442 Tubiugaru
1351 2363 1493 2425 venirem.

128 2450 254 2530 Imulit
277 2470 324 2511 me
349 2449 469 2530 quidam
493 2470 530 2511 ex
553 2452 728 2531 proceribus
752 2453 919 2533 Waganus,
941 2452 988 2533 qui
1014 2471 1079 2514 cum
1104 2453 1238 2514 crebrius
1263 2452 1393 2532 Progam
1418 2472 1494 2513 veu-

128 2538 211 2611 titet,
244 2539 274 2601 in
299 2539 427 2602 hominis
460 2541 600 2602 notitiam
624 2542 708 2602 veuit
738 2561 862 2622 eumque
894 2542 1013 2622 plurimi
1047 2542 1129 2603 iacit.
1178 2541 1400 2622 Argumentum
1432 2542 1494 2603 tale

129 2630 203 2702 fere,
230 2629 317 2708 quale
342 2626 372 2688 iu
396 2628 547 2711 Tychouis
571 2630 715 2709 epistola:
745 2650 812 2692 curu
836 2631 878 2693 sit
900 2631 947 2693 vir
968 2631 1087 2711 publice
1112 2637 1218 2704 notus,
1245 2650 1282 2692 ex
1306 2632 1391 2709 cujus
1416 2631 1494 2692 scri-

127 2718 190 2798 ptis
225 2717 341 2780 discam
375 2720 533 2797 (quantum
557 2718 654 2781 obiter
685 2719 833 2782 volvendo
867 2720 1035 2799 intelligere
1068 2720 1251 2802 potuerim),
1286 2720 1352 2781 idco
1382 2739 1429 2781 me
1462 2728 1496 2782 ut

129 2807 309 2885 discipulum
334 2815 365 2868 et
384 2807 527 2886 juvenem
551 2808 680 2887 abipso
704 2810 818 2888 majore
843 2818 951 2897 ¹aetate
975 2817 1079 2889 petere
1104 2828 1260 2871 censuram
1285 2827 1374 2886 super
1397 2827 1493 2887 nego-

128 2897 171 2960 tio
195 2895 216 2959 5
242 2915 407 2976 corporum,
434 2897 512 2976 quod
536 2897 725 2976 paucissimis
749 2899 849 2961 verbis
874 2908 906 2960 et
929 2899 1060 2960 numeris
1085 2898 1245 2959 delineavi.
1294 2898 1327 2959 Si
1352 2898 1422 2977 quid
1447 2897 1494 2957 hic

130 2996 178 3048 est
200 2984 397 3056 adulationis,
421 2986 484 3065 ejus
508 2988 627 3066 culpam
650 2986 729 3066 gerit
753 2989 894 3068 splendor
918 2990 1004 3050 aulae
1030 2986 1217 3062 Caesareae,
1242 2996 1274 3047 et
1297 2987 1363 3065 ejus
1390 2992 1494 3048 secta-

130 3083 185 3151 tor,
221 3094 306 3136 meus
335 3075 435 3136 fautor
456 3075 625 3155 Wagauus.
671 3077 747 3137 Post
779 3077 992 3158 sesquiannum
1023 3076 1194 3157 respoudit,
1229 3077 1413 3155 exemplaria
1436 3075 1495 3137 mei

131 3165 224 3226 libelli
248 3171 368 3242 petens,
391 3164 531 3244 misitque
547 3165 772 3243 chronologiam
796 3181 881 3228 suam
899 3167 927 3228 in
948 3169 1044 3228 forma
1060 3166 1188 3249 patenti.
1235 3165 1400 3245 Rescripsi,
1427 3164 1494 3226 misi

130 3254 328 3332 exemplaria.
376 3253 491 3314 Laudis
520 3253 546 3314 si
571 3253 641 3334 quid
661 3255 765 3316 addidi
790 3257 884 3335 (quod
909 3257 1025 3332 nescio,
1057 3276 1127 3316 nam
1152 3277 1170 3316 a
1193 3264 1224 3316 te
1254 3256 1341 3316 modo
1365 3255 1494 3317 descen-

131 3337 267 3423 deram),
296 3343 327 3403 id
351 3342 465 3404 factum
489 3361 598 3403 censeo
625 3341 750 3425 propter
777 3346 893 3424 priores
925 3347 1040 3407 literas.
1087 3345 1170 3406 Movi
1194 3346 1339 3424 quaedam
1364 3345 1494 3406 chrono-

131 3433 246 3513 logica,
271 3431 392 3510 placere
416 3431 487 3492 mihi
513 3432 588 3507 dixi,
623 3434 701 3512 quod
724 3453 783 3494 non
807 3444 951 3515 sequatur
974 3434 1098 3496 fictitios
1121 3435 1189 3497 illos
1214 3442 1343 3495 autores.
1391 3433 1495 3495 Mirari

131 3541 173 3583 me
199 3521 263 3583 dini
285 3519 482 3598 multiplicem
505 3522 569 3601 ejus
595 3523 765 3596 lectionem,
790 3525 840 3604 qui
864 3524 1089 3604 chronologiam
1113 3525 1206 3585 talem
1229 3523 1361 3584 scribere
1384 3531 1494 3602 potue-

131 3611 176 3674 rit.
226 3610 307 3672 Petii
331 3609 468 3672 omuibus
492 3611 600 3683 modis,
624 3619 658 3673 ut
681 3632 837 3674 cessuram
860 3613 890 3673 in
916 3612 1049 3674 libellum
1072 3632 1168 3673 meum
1184 3612 1383 3673 mihimittat.
1422 3612 1494 3672 ldeo

131 3701 207 3761 enirn
238 3699 411 3761 institutam
443 3699 691 3778 publicationem,
726 3712 759 3763 ut
784 3723 850 3764 cum
884 3722 980 3763 rerum
1009 3702 1112 3764 barum
1137 3702 1302 3763 scientibus
1332 3699 1493 3780 disputem.

132 3787 242 3863 Oravi,
278 3797 312 3850 ut
335 3789 471 3870 Tycboni
499 3788 602 3852 mittat
625 3791 791 3871 exemplar,
826 3792 947 3871 ejusque
978 3810 1083 3871 opera,
1120 3792 1145 3852 si
1170 3810 1229 3870 qua
1263 3790 1389 3862 habeat,
1423 3788 1495 3848 milri

132 3880 236 3942 mittat
267 3878 342 3939 meis
376 3877 513 3940 nummis.
561 3880 686 3955 Postea,
723 3889 793 3942 ante
819 3900 928 3942 annum
952 3881 1070 3960 opinor,
1102 3898 1167 3941 cum
1192 3878 1265 3941 nihil
1285 3877 1491 3956 responderet,

132 3978 160 4031 at
183 3987 287 4031 coram
312 3976 415 4029 nostro
439 3969 621 4043 monetario,
646 3970 695 4049 qui
718 3970 837 4050 Pragae
862 3978 942 4045 erat,
968 3990 1014 4031 me
1039 3970 1210 4044 laudasset,
1236 3987 1351 4031 rursum
1376 3966 1494 4047 scripsi,

131 4077 240 4138 urgens
264 4056 393 4135 petitam
417 4076 583 4119 censuram.
630 4058 822 4139 Exprobravi
852 4060 908 4139 ipsi
932 4067 1160 4140 praeposteram
1191 4056 1420 4130 abstinentiam,
1446 4056 1495 4136 qui

131 4166 267 4209 nummos
299 4167 318 4207 a
350 4144 484 4209 Caesare
518 4156 659 4228 acceptos
692 4150 792 4211 soleat
824 4151 873 4222 (ut
904 4150 952 4211 hic
976 4150 1116 4230 ajebaut)
1150 4149 1301 4210 remittere
1336 4146 1394 4216 illi,
1428 4165 1495 4207 curu

130 4243 235 4316 posset
259 4235 296 4297 iis
320 4236 498 4301 benefacere
522 4237 688 4299 studiorum
713 4240 873 4301 eorundem
888 4239 1053 4300 cultoribus
1073 4247 1105 4300 et
1122 4238 1204 4300 milri.
1251 4238 1335 4298 Haec
1351 4236 1395 4298 ita
1405 4237 1494 4315 jocu-

130 4326 245 4390 lariter.
294 4323 356 4386 Sed
386 4324 458 4387 nihil
487 4327 652 4406 respondit.
701 4326 734 4390 Si
759 4328 829 4408 quid
853 4328 896 4390 illi
930 4328 959 4389 iu
985 4348 1019 4389 os
1044 4347 1108 4389 sum
1139 4329 1273 4388 locutus:
1307 4326 1386 4386 male
1411 4323 1493 4396 lacit,

129 4416 176 4496 qui
201 4416 233 4476 id
258 4415 297 4476 ad
321 4434 392 4476 suos
416 4433 514 4477 mores
539 4423 570 4478 et
593 4415 723 4478 animum
747 4418 850 4491 trahit,
876 4418 954 4497 quod
975 4436 1031 4495 ego
1056 4417 1175 4496 iugenio
1200 4415 1300 4478 tribui.
1347 4413 1432 4475 Nihil
1456 4412 1494 4472 ad

128 4525 175 4566 me
199 4503 355 4585 pertinuit,
383 4503 452 4583 quid
476 4505 527 4566 ille
551 4506 668 4568 furatus
692 4525 730 4567 ex
752 4507 878 4568 aliorum
902 4506 1055 4568 laboribus
1079 4517 1171 4579 esset,
1197 4505 1394 4584 exprobrare:
1419 4521 1494 4563 cau-

129 4614 197 4657 sam
228 4612 329 4655 meam
363 4592 422 4674 egi.
468 4592 530 4656 Sed
554 4595 630 4657 bene
655 4595 765 4657 habet:
800 4596 849 4676 qui
877 4596 1053 4675 discipulum
1078 4615 1110 4657 se
1134 4596 1200 4674 ejus
1231 4594 1386 4675 professus
1418 4598 1494 4658 erat,

126 4703 196 4746 eum
216 4682 351 4764 judicem
375 4702 409 4745 se
432 4683 512 4745 iuter
536 4692 568 4746 et
582 4685 754 4766 'lurchonem
778 4685 897 4765 publice
922 4689 1067 4747 ostentat.
1116 4683 1262 4746 Gratulor
1285 4680 1356 4743 mihi
1380 4681 1416 4742 de
1435 4680 1494 4740 ho-

125 4768 200 4836 nore
225 4791 382 4847 concesso,
406 4790 463 4853 quo
488 4773 518 4835 iu
537 4782 690 4854 posterum
713 4781 783 4836 utar
806 4774 942 4836 candide.
989 4773 1178 4854 Discipulum
1193 4772 1297 4840 audiit,
1322 4769 1392 4851 quid
1407 4768 1497 4843 exul<

123 4862 204 4927 tat?
251 4859 287 4925 si
314 4860 450 4945 jndicem
478 4880 525 4924 me
558 4864 760 4951 appellasset,
795 4864 897 4930 forsan
927 4863 1008 4930 aliud
1032 4862 1186 4948 quippiam
1213 4860 1372 4924 audiisset.
1419 4855 1496 4923 Cum
