3278 5542
148 304 210 373 l38
656 302 771 365 Mrwfl
788 299 990 367 merffl

146 464 179 540 5)
203 475 326 523 centrum
347 467 425 538 plani
446 465 549 520 cubici:
573 472 709 535 eruntque
731 463 828 518 talium
848 462 982 518 linearum
1003 480 1064 528 sex,
1087 471 1118 517 et
1140 463 1210 519 sitam
1233 463 1357 535 undique
1380 462 1498 534 sibiipsi

145 551 249 693 smmis).
270 628 340 691 Quia
352 628 381 681 in
394 627 536 697 pyramide
550 643 601 695 per
615 625 687 678 hunc
701 623 829 677 vitiosum
843 622 925 676 situm
939 624 1107 693 impedimur,
1127 632 1161 678 ut
1173 623 1263 679 media
1277 624 1372 679 latera
1386 640 1498 696 nequea-

146 728 205 767 mm
222 726 354 857 gum
369 804 435 842 sane
450 785 536 839 etiam
555 786 581 838 in
602 784 745 855 pyramide
767 782 941 837 invenientur
960 791 1079 853 quatuor
1097 783 1188 839 media
1205 785 1301 839 latera
1306 798 1316 854 3
1341 791 1410 839 tuno
1422 784 1499 843 aliu

144 871 213 926 situs
227 871 378 941 figurarum
393 869 419 921 in
434 884 465 920 se
480 874 573 920 mutuo
587 864 719 933 respiciet
732 864 811 935 leges
826 862 1032 933 inscriptionum
1045 864 1286 935 geometricorum.

224 946 245 1014 l)
270 950 331 1003 Non
351 954 468 1018 possunt
488 945 598 1015 inquam
618 961 770 1016 congruere
791 944 884 997 latera
898 943 977 997 unius
992 943 1084 999 omnia
1097 945 1234 999 lateribus
1249 945 1378 1009 alterius,
1399 944 1499 1001 mininie

143 1031 260 1085 omnium
275 1028 435 1101 pyramidis.
477 1024 589 1080 Scilicet
612 1024 671 1078 ideo
686 1040 808 1096 congrue
831 1023 896 1092 poni
918 1041 972 1078 non
993 1032 1118 1094 possunt,
1142 1025 1208 1096 quia
1229 1024 1339 1081 initium
1362 1024 1499 1096 positionis

142 1128 196 1165 non
211 1110 314 1165 factum
328 1118 373 1163 est
385 1107 527 1179 regulare.

221 1202 262 1275 ns)
285 1206 338 1261 Hic
358 1205 484 1276 equidem
507 1203 647 1274 legitimus
671 1208 785 1260 duorum
805 1206 902 1260 borum
923 1221 1068 1273 corporum
1088 1205 1158 1259 situs
1172 1210 1218 1258 est
1237 1204 1274 1259 ad
1292 1220 1323 1259 se
1343 1210 1452 1259 mutuos
1471 1210 1498 1259 sl

143 1289 266 1343 octaedri
280 1287 359 1350 situs,
375 1285 420 1356 qui
434 1287 474 1338 sic
489 1285 658 1348 adsciscitur,
674 1285 836 1358 illegitimus
850 1294 903 1340 est.

220 1381 251 1448 n)
277 1383 392 1439 Omnino
407 1383 495 1436 multa
509 1389 626 1444 restant,
643 1400 696 1453 quo
711 1382 800 1436 minus
816 1383 869 1435 boc
883 1381 973 1435 dicere
988 1380 1133 1450 possimus.
1175 1380 1247 1435 Nam
1259 1378 1340 1442 situs,
1367 1379 1414 1451 qui
1426 1378 1496 1449 polos

141 1464 187 1519 bic
200 1464 305 1535 signat.
323 1462 487 1535 illegitimus
502 1470 554 1516 est.
597 1463 740 1525 Quatenus
755 1479 820 1516 vero
840 1462 867 1516 in
883 1463 998 1524 duobus,
1022 1462 1194 1515 dodecaedro
1208 1469 1239 1514 et
1255 1459 1413 1522 ioosaddro,
1436 1459 1496 1514 situs

141 1552 186 1599 est
200 1543 348 1615 legitimus,
366 1543 479 1597 totidem
492 1551 609 1612 possunt
623 1560 684 1596 esse
693 1543 760 1612 poli,
783 1549 850 1612 quot
865 1543 962 1613 anguli
979 1543 1070 1613 huJ'us,
1094 1543 1181 1611 plana
1194 1539 1278 1603 illius,
1299 1539 1443 1594 duodecim
1456 1556 1496 1601 sa,
1536 1550 1539 1563 ¹

142 1641 228 1696 quare
247 1641 334 1677 zonae
357 1622 536 1677 intermediae
557 1640 616 1676 sex.
658 1625 749 1677 Erunt
767 1622 853 1695 igitur
868 1623 964 1677 incerti
979 1624 1121 1692 planetae,
1144 1637 1271 1692 quorsum
1290 1628 1369 1675 eant.
1412 1621 1442 1673 ln
1454 1634 1497 1690 ge·

141 1720 207 1759 nere
222 1705 319 1758 obstat
331 1704 391 1766 boo,
408 1704 479 1773 quod
493 1704 599 1775 figurae
614 1703 687 1758 istae
700 1703 772 1756 reali
787 1703 843 1756 situ
857 1703 978 1772 partium
992 1706 1028 1758 ad
1042 1720 1073 1757 se
1087 1710 1181 1756 mutuo
1202 1718 1256 1755 non
1270 1708 1339 1755 sunt
1352 1715 1499 1770 expressae

142 1785 169 1838 in
188 1785 294 1847 mundo,
319 1785 367 1836 sed
389 1784 477 1837 solum
494 1783 636 1852 proportio
657 1782 763 1837 orbium
786 1783 944 1855 figuralium
965 1784 1049 1837 exiis
1070 1785 1198 1837 desumta
1218 1781 1246 1835 in
1266 1782 1349 1835 orbes
1369 1780 1500 1834 coelestes

141 1864 194 1919 suit
208 1865 349 1918 translata
357 1880 539 1933 numerusque
551 1863 657 1918 orbium
676 1880 694 1917 a
711 1864 808 1935 figuris
823 1863 999 1918 constitutus.
1041 1863 1155 1918 Rectius
1170 1861 1256 1933 igitur
1277 1862 1352 1916 banc
1366 1860 1505 1932 quaestio·

141 1962 215 2000 nem:
238 1961 298 1998 cur
321 1945 410 1997 hauc
429 1944 556 2013 potius,
579 1960 679 2014 quam
701 1943 910 1998 aliamviam
925 1951 1077 1998 currant
1097 1944 1282 2013 planetae,
1304 1950 1340 1996 ut
1358 1942 1504 1995 absurdus

140 2024 309 2096 repellimus.
352 2024 422 2078 Nam
437 2041 497 2078 ourn
516 2032 592 2077 esset
605 2025 632 2078 in
647 2024 800 2079 intentione
813 2024 866 2078 Dei
886 2024 1012 2086 circulus,
1036 2023 1154 2078 motibus
1176 2024 1355 2092 planetarum
1375 2034 1504 2075 neeessa-

139 2105 204 2168 rius,
227 2104 268 2159 illi
282 2106 359 2159 Deus
383 2121 433 2175 per
447 2104 628 2158 intentionem
647 2104 798 2159 constituto
818 2104 963 2159 materiale
983 2112 1013 2158 et
1036 2104 1180 2159 stellatum
1201 2101 1378 2171 sphaericum
1392 2101 1512 2155 circuns-

136 2185 216 2255 jeoit.
259 2185 317 2239 Nec
335 2184 471 2239 dubitatio
492 2183 588 2255 aliqua
600 2184 691 2239 Deum
711 2186 746 2238 ab
767 2200 851 2253 opere
874 2184 998 2247 retinuit,
1023 2184 1178 2255 quominus
1201 2182 1308 2237 initium
1327 2179 1391 2250 ejus
1413 2181 1514 2235 moen

139 2272 243 2335 possim,
264 2264 343 2334 quasi
357 2265 416 2319 sine
430 2264 552 2325 retinam
575 2281 637 2318 narn
653 2272 718 2318 tuno
732 2281 830 2334 corpus
844 2265 950 2318 nullum
968 2265 1189 2333 praeexistebat
1214 2262 1294 2331 cnjus
1314 2262 1366 2315 ille
1384 2261 1530 2332 partim

139 2352 269 2415 respectu
292 2344 441 2398 dubitaret
484 2344 610 2413 Spatium
634 2361 698 2398 vero
722 2343 781 2399 sine
805 2361 918 2413 corpore
939 2359 1012 2413 pura
1025 2351 1070 2397 est
1091 2343 1219 2414 negatio:
1244 2341 1371 2412 satisque
1386 2339 1534 2395 rationu*

140 2427 233 2479 estad
248 2424 402 2478 laciendum
417 2423 523 2478 initium
547 2424 573 2477 in
588 2423 693 2479 infinito
717 2424 811 2486 nihilo,
834 2426 880 2479 vel
903 2424 1029 2496 cogitare
1054 2424 1154 2478 leviter
1175 2425 1210 2476 de
1224 2422 1332 2493 aliquo:
1358 2420 1539 2477 talearum

140 2506 294 2575 cogitatum
312 2503 373 2573 jam
396 2504 492 2557 statim
515 2503 626 2557 inlinitis
650 2505 734 2560 modis
749 2513 793 2557 est
814 2504 1012 2574 praestantius,
1037 2504 1144 2574 reliquo
1164 2501 1270 2557 infinito
1284 2518 1340 2556 non
1354 2510 1431 2565 actu,
1455 2514 1539 2555 nee!

139 2584 281 2647 existenti,
296 2601 348 2637 nec
361 2584 503 2655 cogitato,
523 2591 553 2639 et
566 2583 606 2637 sio
620 2585 695 2652 prius
711 2585 758 2640 illo
780 2594 810 2639 et
824 2585 901 2639 initio
916 2594 1021 2655 aptum.
1063 2586 1160 2655 Neque
1169 2600 1236 2637 vero
1249 2582 1355 2653 primus
1365 2598 1422 2653 ego
1436 2598 1539 2639 sum-

141 2665 187 2736 qui
210 2670 253 2719 ine
274 2664 362 2733 ipsum
383 2664 437 2719 hac
460 2663 550 2719 inutili
565 2665 727 2733 quaestione
746 2665 882 2737 fatigavi:
907 2683 965 2719 cur
989 2665 1136 2718 seilicet
1159 2664 1224 2719 bac
1245 2663 1437 2717 traduotus
1459 2661 1539 2716 sifi

140 2744 324 2806 zodiacus,
350 2762 419 2798 cum
443 2743 601 2814 potuerit
624 2744 713 2808 alia,
744 2745 832 2800 locis
856 2744 1041 2799 infinitis?
1082 2743 1209 2799 Invenias
1233 2741 1350 2797 similem
1370 2742 1456 2811 hujus
1477 2741 1539 2795 is!

54 2844 58 2850 ’
139 2825 271 2881 Aristot:
287 2824 575 2894 curhancpotius
591 2823 623 2877 in
639 2825 779 2898 plagam
799 2832 883 2879 eant
900 2826 1086 2895 planet-ae,
1109 2841 1208 2895 quam
1228 2822 1260 2877 iu
1274 2821 1354 2892 ejus
1369 2830 1539 2878 contra-

139 2905 240 2961 riam?
280 2906 352 2959 Nam
366 2923 401 2958 ne
414 2903 460 2959 hic
474 2904 581 2975 quidem
595 2904 667 2959 ratio
682 2914 727 2960 est
740 2907 800 2960 ulla
814 2905 893 2960 unius
916 2922 984 2975 prae
1000 2906 1098 2969 altero,
1123 2921 1184 2959 cum
1202 2900 1289 2958 onmis
1303 2902 1389 2965 linea,
1415 2900 1539 2975 longi-

139 2984 241 3040 tudinis
256 2985 420 3049 conditione,
442 2987 510 3039 dues
525 2985 653 3040 obtineat
664 2987 776 3058 plagas,
792 3003 863 3058 quae
879 2995 944 3040 sunt
958 2985 1073 3041 inrecta
1093 3001 1188 3038 versus
1203 2985 1270 3037 duos
1285 2981 1349 3052 ejus
1364 2983 1494 3039 terminos
1504 3012 1539 3067 ς

140 3067 256 3120 Fatetur
280 3065 387 3135 quidem
411 3064 448 3118 ibi
463 3064 629 3118 Aristoteles
654 3065 681 3119 in
700 3084 812 3137 genere,
838 3084 892 3119 non
907 3065 1024 3120 omnium
1045 3066 1168 3120 rationes
1191 3065 1287 3118 eodem
1306 3064 1387 3117 modo
1410 3070 1539 3135 quaer!

139 3161 236 3214 posse:
262 3145 386 3199 adoritur
409 3152 502 3198 tamen
527 3145 716 3215 quaestionem
739 3146 825 3199 hanc:
850 3154 978 3200 naturam
994 3146 1036 3200 ait
1056 3145 1129 3200 inter
1148 3143 1294 3214 possibilia
1307 3159 1422 3213 semper
1435 3134 1539 3215 quod

140 3224 272 3296 optimum
291 3223 412 3294 eligere:
437 3224 533 3279 melius
552 3241 618 3279 vero
638 3242 708 3290 esse,
733 3233 766 3280 ut
785 3226 912 3282 ferantur
932 3225 1024 3280 sidera
1046 3226 1073 3280 in
1098 3227 1213 3297 plagam
1234 3222 1404 3295 dignioremr
1429 3214 1539 3294 caui

139 3303 293 3373 digniorem
306 3321 368 3357 esse
382 3303 498 3376 plagam
511 3321 644 3374 prorsum,
668 3322 749 3376 quam
763 3314 922 3361 retrorsum.
958 3305 1093 3361 Ridicule.
1131 3306 1202 3359 Nam
1221 3303 1297 3375 prius
1316 3319 1402 3375 quam
1416 3312 1539 3359 mom-

139 3391 223 3445 esset,
238 3390 340 3438 neutra
354 3384 451 3455 plaga,
473 3402 561 3455 neque
577 3402 710 3454 prorsum,
734 3404 824 3456 neque
847 3393 997 3441 retrorsum
1021 3387 1179 3448 dicebatur;
1202 3382 1368 3454 principium
1389 3383 1526 3455 petitur.

139 3466 299 3535 Argutatur
313 3463 421 3533 quidem
439 3480 457 3517 a
471 3464 646 3519 similitudine
660 3466 751 3520 mundi
766 3484 826 3520 oum
849 3465 1023 3528 animalibus,
1043 3465 1176 3520 animalia
1189 3482 1250 3521 curn
1270 3463 1368 3534 plagis
1382 3464 1443 3519 suis
1455 3476 1529 3519 set

139 3544 228 3598 ideam
242 3544 333 3599 mundi
348 3551 484 3598 statuens.
526 3545 611 3615 Atqui
626 3563 733 3600 rursum
747 3546 910 3617 principium
924 3546 1037 3616 petitur.
1078 3546 1183 3600 Demus
1204 3543 1277 3599 enirn
1299 3545 1518 3600 mundonem

139 3624 243 3679 factum
266 3626 301 3679 ad
320 3624 524 3680 similitudinem
544 3625 684 3688 animalis;
709 3626 783 3680 dicat
805 3627 892 3698 igitur
911 3626 987 3696 prius
1005 3629 1040 3679 de
1055 3625 1115 3696 ipso
1130 3624 1251 3688 animali,
1273 3640 1323 3677 cur
1346 3622 1515 3681 boemicis

137 3721 271 3775 prorsum,
287 3705 355 3759 illud
371 3713 537 3768 retrorsum;
560 3714 590 3761 et
603 3723 657 3760 non
667 3706 801 3769 vicissim;
824 3707 876 3760 boc
890 3713 941 3770 est,
963 3724 1011 3761 cur
1025 3706 1096 3760 oculi
1111 3722 1246 3776 auresque
1266 3710 1297 3758 et
1309 3720 1395 3760 nares
1410 3710 1442 3760 et
1454 3704 1510 3759 lin·

136 3802 196 3857 gua
216 3794 246 3841 et
259 3805 290 3840 os
314 3803 409 3840 versus
424 3785 572 3857 imaginem
593 3785 621 3840 in
635 3788 747 3855 speculo
763 3787 926 3858 dirigantur,
946 3786 1129 3848 brachiorum,
1153 3801 1279 3840 manuum
1299 3784 1501 3857 digitorumque

137 3865 248 3920 articuli
271 3867 395 3920 illorsum
417 3866 572 3930 flectantur,
597 3868 697 3935 pedum
719 3867 831 3937 palmae
855 3867 979 3921 illorsum
1002 3868 1199 3927 extendantur.
1225 3871 1255 3918 et
1273 3882 1328 3919 non
1345 3865 1448 3936 potius,
1461 3870 1501 3919 ut

136 3944 264 4016 iruaginis
279 3946 307 4000 in
320 3946 434 4015 speculo
448 3948 571 4001 membra
585 3949 690 4009 eadem,
713 3955 888 4001 retroversus
902 3947 1051 4002 bominem:
1077 3945 1169 4016 potuit
1183 3943 1255 3999 enim
1274 3944 1362 4001 etiam
1376 3945 1417 4000 sio
1430 3944 1497 4001 fleri:

136 4024 189 4078 boc
211 4034 263 4088 est,
288 4025 381 4095 potuit
395 4042 449 4088 cor,
465 4029 536 4096 quod
551 4044 622 4081 nunc
637 4032 682 4081 est
704 4027 731 4081 in
746 4027 868 4092 sinistra,
894 4027 1025 4081 collocari
1047 4026 1074 4080 in
1089 4028 1163 4088 sede,
1189 4042 1273 4096 quam
1286 4042 1361 4081 nuno
1374 4034 1498 4096 putamus

136 4107 273 4160 dextram.
314 4106 353 4160 Et
369 4112 402 4159 ut
415 4112 524 4160 constet
537 4106 609 4160 ratio
624 4107 651 4161 in
666 4109 718 4161 hac
732 4107 795 4161 idea
808 4103 907 4171 mundi,
931 4107 1015 4177 quid?
1038 4123 1074 4160 an
1088 4124 1143 4161 non
1159 4122 1246 4177 aeque
1265 4104 1350 4161 facile
1364 4105 1499 4161 contraris

136 4184 228 4255 potuit
241 4185 302 4254 ejus
325 4186 360 4239 ad
374 4187 468 4240 latera
491 4186 581 4239 mundi
604 4187 663 4240 lieri
687 4188 857 4257 applicatio?
879 4187 942 4258 quid
966 4186 1115 4257 impedivit,
1141 4204 1193 4257 quo
1208 4184 1297 4241 minus
1311 4185 1456 4241 sinistram
1469 4186 1499 4241 ad

137 4263 275 4319 meridiem
290 4266 425 4328 tenderet,
441 4266 570 4320 dextram
584 4268 620 4321 ad
634 4268 861 4336 septentrionem,
882 4269 990 4338 quando
1005 4269 1108 4338 plagas
1122 4264 1213 4322 mundi
1228 4264 1330 4320 metari
1340 4265 1428 4337 jussa
1440 4270 1500 4321 estt

137 4344 177 4399 sic
194 4343 267 4400 enim
287 4343 386 4399 faciem
405 4345 536 4400 vertisset
550 4345 577 4399 in
591 4347 716 4418 plagam,
741 4364 812 4417 quac
827 4348 905 4401 nobis
920 4365 992 4401 nuno
1006 4363 1120 4401 occasus
1139 4345 1254 4408 (licitum
1278 4346 1317 4399 sic
1336 4346 1502 4402 contrariam

136 4425 229 4479 sidera
242 4425 359 4496 plagam
373 4441 497 4494 prorsum
506 4426 683 4497 ¹habuissent,
708 4426 735 4480 in
755 4444 836 4499 quem
855 4427 973 4482 motibus
994 4427 1050 4481 suis
1074 4428 1230 4482 tenderent.
1273 4427 1390 4481 Rectius
1410 4426 1502 4499 itaque

136 4506 339 4576 supersedisset
358 4504 526 4560 Aristoteles
546 4506 684 4560 solutione
708 4507 791 4576 hujus
806 4507 918 4577 ineptae
934 4506 1117 4578 quaestionis,
1142 4522 1210 4560 suae
1224 4505 1310 4575 ipsius
1326 4504 1504 4563 admonitioni

138 4586 342 4656 obtemperans.
372 4584 444 4640 Nam
458 4585 530 4641 inter
544 4603 592 4647 eo,
609 4603 679 4658 quae
694 4587 786 4641 omnia
799 4606 836 4641 er
852 4603 941 4657 aequo
956 4588 1118 4657 contingere
1133 4594 1256 4656 possent,
1281 4594 1387 4643 nstura
1399 4588 1505 4645 nullan

135 4665 241 4721 invenit
254 4665 376 4721 melioris
391 4673 421 4720 et
434 4665 580 4721 deterioris
595 4666 767 4729 electionem,
792 4667 845 4720 hoc
859 4667 930 4720 enim
944 4667 1061 4722 involvit
1080 4666 1333 4722 contradictionem.
1378 4668 1506 4731 Quinimo

136 4744 175 4799 sio
189 4751 429 4817 argumentemur:
453 4763 513 4801 oum
528 4763 576 4800 ens
592 4764 647 4800 non
661 4754 726 4800 ente
740 4753 875 4817 praestet,
896 4750 1013 4801 nondum
1028 4747 1115 4819 igitur
1129 4747 1269 4801 existente
1284 4750 1394 4813 mundo,
1422 4766 1506 4822 qnae·

135 4842 243 4899 cunque
257 4824 318 4897 ejus
332 4825 423 4899 plaga
434 4843 520 4897 prosa
533 4832 669 4898 concepta
683 4826 836 4891 titinius,
860 4826 911 4881 illa
928 4829 1048 4899 potiores
1072 4844 1144 4883 nuno
1157 4845 1197 4883 ex
1209 4843 1262 4883 sua
1274 4834 1358 4899 perte
1379 4830 1508 4885 rationu
