3278 5542
485 339 569 406 capnt
586 341 676 392 xxm.
1200 340 1262 407 187

106 501 229 565 estabiles,
252 519 307 556 non
321 503 389 558 dari.
418 505 481 557 Jam
495 503 621 557 effabiles
636 496 737 557 noritur
751 522 787 558 an
807 502 969 566 ineffabiles.
992 503 1032 557 sic
1051 502 1264 572 dijudicandum:

106 598 135 637 m
147 598 336 652 apogaeorum
350 590 380 637 et
394 583 589 655 perigaeorum
606 584 806 653 proportiones,
831 593 889 638 tarn
913 584 1046 647 binorum,
1071 599 1153 653 quam
1173 583 1267 655 singni-

106 661 227 725 trebiros,
250 670 316 717 sunt
330 664 400 717 enim
428 666 571 718 desumtae
586 683 623 718 ex
637 665 800 739 harmoniis,
823 673 853 717 et
866 664 934 716 illae
948 673 1014 719 sunt
1027 680 1119 717 omnes
1134 663 1267 727 affabiles,

107 758 127 796 a
139 750 170 796 et
183 742 320 796 concinnis
335 744 514 798 inservientia
528 746 679 798 intervalla
694 744 792 799 omnia.
814 744 911 813 ltaque
929 744 976 796 lib.
992 745 1026 797 V.
1044 743 1267 798 Harmonicorum

119 822 168 878 48.
184 839 277 876 omnes
292 823 319 876 lri
335 832 424 877 motus
440 824 496 877 suis
511 825 629 878 numeris
644 824 769 903 expressi
785 831 815 877 et
829 823 905 877 effati
920 829 993 877 sunt.
1013 824 1126 877 Numeri
1141 823 1213 877 enim
1227 824 1267 877 illi

106 901 311 972 ‚intelligendi
340 904 402 956 Jam
423 921 488 957 vero
510 904 709 972 periodicorum
733 912 884 974 temporum
909 902 981 957 inter
1005 921 1034 957 se
1058 903 1200 974 proportio
1224 910 1269 957 est

106 981 195 1044 itate,
219 999 290 1051 quac
314 990 358 1037 cst
380 990 409 1036 et
432 990 551 1037 motuum
574 984 731 1039 mediorum.
760 986 852 1038 Motus
868 999 933 1035 vero
956 982 1035 1037 medii
1049 982 1220 1053 participant
1233 985 1267 1035 de

106 1062 181 1115 retice
195 1061 266 1115 inter
281 1070 430 1125 extremas,
447 1063 585 1132 aphelium
601 1072 630 1117 et
643 1065 823 1134 perihelium;
840 1065 910 1133 quod
925 1063 1041 1117 medium
1057 1070 1102 1115 ost
1115 1062 1187 1116 inter
1201 1064 1267 1116 effa·

106 1141 193 1203 minos,
210 1143 336 1196 effabile:
353 1143 521 1213 participant
535 1146 611 1197 etde
627 1145 714 1198 medio
728 1145 800 1198 inter
814 1145 924 1197 eosdem
938 1142 1116 1214 geometrico.
1142 1145 1182 1196 At
1195 1142 1267 1196 inter

106 1221 180 1275 uiuos
201 1239 254 1275 non
276 1230 320 1275 ost
338 1240 446 1293 sempor
467 1224 578 1277 ell'abile
601 1226 716 1279 medium
737 1224 944 1295 geometricum.
974 1223 1046 1277 Sunt
1069 1221 1155 1292 igitur
1177 1230 1266 1276 motus

106 1301 175 1355 uedii
189 1301 342 1355 ineffabiles
364 1310 393 1357 et
423 1303 709 1359 incommensurabiles
723 1294 849 1357 ¹motibus
868 1303 1000 1356 extremis
1016 1303 1190 1372 planetarum
1211 1319 1266 1355 om·

106 1382 221 1435 larmon.
237 1382 285 1435 lib.
302 1384 335 1436 V.
351 1399 414 1452 cap.
431 1384 458 1437 ll.
475 1400 552 1453 prop.
569 1380 614 1438 48.
635 1387 700 1438 Cum
716 1391 810 1438 autom
824 1401 843 1437 a
857 1382 939 1452 priori
955 1382 1033 1436 nulla
1047 1381 1084 1434 sit
1098 1382 1179 1445 ratio,
1196 1399 1266 1452 quae

120 1461 231 1525 medios.
255 1465 303 1517 sed
324 1480 384 1517 cum
402 1463 531 1517 resiliant
551 1464 654 1535 singuli
674 1483 712 1519 ex
731 1464 788 1518 suis
808 1463 926 1517 motibus
945 1461 1086 1525 extremis,
1112 1479 1166 1516 non
1186 1470 1268 1516 erunt

106 1558 137 1595 na
151 1542 224 1595 inter
238 1560 267 1595 so
283 1542 390 1612 quidem
404 1545 678 1615 commensurabiles;
702 1544 808 1597 nullum
822 1542 893 1595 enim
908 1542 1077 1603 ordinatum,
1101 1547 1133 1595 ut
1146 1542 1265 1594 effabili·

106 1620 194 1675 ‚intere
218 1624 298 1676 solet.
336 1623 428 1685 Quare
452 1641 540 1693 nequo
566 1625 670 1694 periodi
695 1630 846 1694 temporum
865 1623 937 1676 inter
956 1639 986 1675 se
1005 1621 1264 1674 commensurabiles

106 1701 210 1772 .igitur
224 1703 292 1756 data
309 1703 435 1772 perfecta
453 1713 574 1759 motuum
596 1703 809 1773 apocatastasis,
835 1719 906 1772 quae
930 1719 979 1772 pro
997 1702 1051 1755 fine
1070 1709 1191 1755 motuum
1210 1701 1264 1754 for·

105 1781 179 1836 onali
193 1782 291 1836 haberi
307 1782 404 1852 possit.

106 1861 189 1935 gitur,
213 1863 308 1925 lector,
334 1878 450 1916 examen
471 1862 560 1916 libelli
580 1863 641 1927 mei,
666 1863 709 1917 cui
730 1863 827 1917 titulus
843 1877 860 1915 a
874 1859 1007 1931 Mysterio
1022 1858 1264 1931 Cosmographico,

106 1947 146 1997 rte
160 1957 246 1995 annos
265 1944 300 1998 10
315 1943 342 1996 in
358 1944 458 1997 comm.
472 1943 570 1997 Martis
586 1951 659 2014 part.
676 1944 724 2007 111,
739 1960 833 1998 rerum
848 1948 913 1995 ante
927 1939 1154 1994 Harmonicorum
1167 1937 1264 1993 editio·

106 2020 136 2075 ‚io
149 2022 269 2076 examini
285 2040 339 2076 non
353 2023 415 2077 mis.
445 2024 537 2085 Quare
551 2024 604 2077 flue
624 2021 846 2079 commentationi
865 2019 992 2090 imposito
1013 2027 1206 2077 convertamur
1228 2020 1264 2073 ad

106 2100 115 2155 i
136 2101 236 2156 librum
256 2103 369 2157 claudit.
