3278 5542
617 325 649 377 de
664 327 737 377 ratas
757 326 917 393 nocuum
1383 325 1448 398 ⁸22

106 483 168 544 lem
191 490 295 544 tamen
317 482 404 562 ponit
425 502 526 559 unum,
550 481 639 564 idque
663 485 742 546 inter
765 487 880 547 rariora
902 488 1041 569 prodigia
1061 492 1164 553 relert.
1212 492 1316 570 Nuper
1339 500 1371 552 et
1393 510 1448 554 eo·

106 587 152 631 res
178 571 219 632 ab
241 571 381 633 Hoenloe
400 571 503 650 junior
525 573 706 646 affirmavit,
732 593 764 634 se
789 575 886 655 ipsum
911 596 968 637 non
992 579 1038 640 ita
1060 579 1174 659 pridem
1198 587 1356 659 expertum
1380 598 1448 642 esse

106 677 187 722 urae
212 667 325 722 motum
349 661 378 721 in
403 661 576 724 Hollandia.
624 662 670 723 De
694 681 787 725 causa
809 671 911 725 terrae
934 654 1065 729 mota'um
1091 667 1144 730 tibi
1169 686 1227 729 non
1247 667 1368 748 penitus
1392 688 1447 731 as·

106 749 214 811 entier.
261 750 371 810 Forma
396 749 464 827 ipsa
487 761 596 822 motus,
622 770 709 831 quern
733 752 901 831 perhibent,
927 756 1083 819 reclamat.
1131 744 1357 819 Concussiones
1379 774 1448 819 esse

106 845 241 911 cuntur,
275 831 388 918 eaeque
417 839 604 918 frequentes,
639 841 789 922 etiamque
819 852 963 904 tremores
988 844 1138 906 interdum
1163 863 1272 907 annum
1295 845 1446 926 integrum

106 937 242 989 rantes.
290 925 371 989 Sane
396 945 543 990 cavernas
568 930 713 991 accedere
736 930 774 990 ad
798 948 907 992 causas
936 933 1060 1011 partim,
1096 952 1153 994 nou
1186 943 1234 995 est
1260 934 1445 1010 incredibile,

106 1015 138 1077 sd
174 1016 238 1091 ita,
273 1024 305 1077 nt
335 1015 536 1079 cuniculorum
570 1018 784 1080 artelactnmm
818 1037 966 1081 cavernae
999 1032 1179 1084 concurrunt
1212 1023 1250 1084 ad
1275 1024 1447 1085 eversiones

106 1105 211 1180 ’cluna
236 1124 295 1167 non
319 1105 397 1184 quod
423 1106 580 1168 materiam
606 1106 684 1169 arcis
709 1109 847 1188 excipere
871 1109 1019 1184 debeant,
1051 1111 1104 1171 sed
1129 1119 1162 1173 ut
1185 1113 1339 1191 pulverem
1363 1112 1446 1174 acci·

106 1202 174 1255 ‚ant
198 1204 231 1256 et
253 1193 452 1256 concludant:
488 1204 587 1257 terrae
614 1205 745 1257 motuum
771 1215 841 1257 vero
866 1206 898 1259 et
922 1199 1122 1262 cuniculorum
1148 1200 1217 1262 mihi
1242 1217 1352 1263 causae
1375 1218 1448 1281 par-

106 1283 202 1345 mirer
226 1283 375 1344 ridentur.

156 1388 343 1439 Fabricius:
374 1389 411 1438 Ex
428 1389 553 1438 montanis
572 1387 634 1438 locis
652 1388 707 1452 plus
726 1398 843 1454 vaporum
868 1391 899 1440 ad
924 1392 1002 1442 nubes
1027 1392 1212 1442 constituendas
1236 1392 1350 1457 produci,
1376 1394 1450 1458 qud

106 1461 212 1512 runaut.
239 1461 264 1510 in
289 1474 318 1510 eo
342 1459 388 1511 tibi
405 1474 455 1510 nox
480 1461 610 1510 assentior.
647 1459 737 1509 Nonne
756 1475 823 1525 aqua
841 1463 914 1512 citius
932 1464 957 1511 in
976 1468 1058 1513 aerem
1078 1464 1193 1527 vapidum
1211 1464 1350 1522 resolvitur.
1376 1479 1450 1528 qnam

106 1530 159 1582 ida
176 1530 223 1581 illa
240 1531 296 1582 loca
313 1531 430 1596 quidquid
448 1530 564 1583 exhalare
583 1530 705 1594 possunt?
743 1531 772 1581 ln
790 1534 915 1584 montanis
933 1534 994 1584 loeis
1013 1541 1058 1585 ant
1070 1535 1172 1587 radiens
1185 1548 1288 1598 vapores
1307 1536 1378 1586 citius
1391 1550 1449 1587 cou-

106 1609 236 1668 cgantnr.
256 1617 329 1668 qnam
348 1603 374 1650 in
392 1615 473 1666 aquae
492 1601 628 1665 superficie.

161 1671 235 1733 Quod
254 1674 279 1722 ln
298 1672 385 1723 Danla
404 1678 448 1722 ant
464 1670 525 1723 locis
543 1674 673 1722 maritimis
692 1673 745 1737 plns
764 1676 906 1724 serenitatis
925 1677 965 1733 sit,
985 1690 1059 1740 quam
1078 1678 1103 1726 in
1116 1675 1245 1734 Bohernla,
1263 1675 1330 1726 hanc
1349 1688 1451 1726 causam

106 1750 141 1796 κ
160 1749 235 1808 pato,
264 1744 328 1808 qnod
353 1749 398 1795 ant
421 1746 516 1794 amari
533 1744 626 1793 sublati
649 1758 752 1808 raporos
770 1751 898 1795 ventorum
923 1748 1193 1810 septentrionalinmri
1220 1747 1268 1796 allo
1287 1747 1450 1803 abducantur.

106 1823 129 1867 rt
149 1817 171 1865 ai
189 1822 265 1866 nocta
292 1831 388 1868 rursum
411 1814 530 1866 decidant
554 1816 579 1866 in
603 1816 683 1879 ipsam
707 1830 788 1880 aquae
807 1817 962 1880 superficiem
981 1818 1102 1868 incidant.
1139 1819 1168 1868 In
1188 1819 1388 1868 montanismo
1407 1818 1449 1868 de·

106 1887 201 1943 duta
219 1901 321 1971 raperes
340 1901 384 1970 per
401 1893 550 1970 postumum
568 1886 645 1953 frigus
662 1902 712 1936 non
730 1889 848 1938 uniuntur
866 1890 956 1938 montis
974 1891 1127 1954 superficiei,
1148 1897 1247 1954 propter
1264 1889 1386 1940 diversam
1403 1903 1449 1940 na·

106 1957 578 2094 fflfiogquvlffaqlmmffi
594 1965 814 2092 iiffirireiiba,
834 2043 908 2094 qnam
926 2038 1041 2082 montosa
1059 2031 1129 2089 loca,
1154 2037 1214 2095 puto
1232 2037 1318 2081 tamen
1336 2030 1399 2081 haec
1419 2029 1451 2081 ab

106 2099 161 2151 nia
178 2101 265 2149 fortine
284 2100 364 2158 affici,
392 2113 466 2164 qnam
490 2112 594 2164 aquam,
626 2101 685 2164 qnia
709 2100 771 2150 radii
791 2100 854 2152 Solis
880 2102 918 2151 rel
933 2108 1059 2153 astrorum
1081 2104 1106 2152 in
1131 2109 1199 2152 terra
1222 2103 1314 2152 firmius
1337 2102 1450 2158 haerent,

106 2185 164 2225 nm
182 2187 208 2222 rn
227 2186 300 2236 aqna

177 2261 382 2341 Keplerus:
420 2262 590 2323 Meteora
613 2260 804 2340 potissimum
827 2280 865 2322 ex
889 2260 1041 2323 montanis
1066 2260 1257 2334 deduxersm,
1282 2259 1399 2321 ratione
1419 2267 1451 2321 et

106 2351 277 2431 xperientia
309 2350 564 2412 concurrentibus.
611 2349 725 2429 Negas.
773 2350 895 2412 Montes
929 2349 975 2411 ais
1000 2349 1156 2429 lapideos:
1192 2347 1324 2427 accipio;
1362 2356 1449 2410 tanto

106 2440 224 2521 ptiores
257 2439 348 2519 igitur
381 2440 419 2500 ad
452 2439 581 2500 calorem
617 2437 789 2518 demiurgon
814 2438 1046 2513 continendum,
1081 2456 1169 2518 quam
1203 2437 1309 2498 molles
1342 2457 1448 2518 aquae.

106 2530 170 2590 lana
194 2529 258 2604 sine
282 2527 383 2590 calore
406 2529 511 2608 opilioe
536 2545 593 2588 non
609 2526 746 2589 elicietur
762 2528 931 2590 exsudatio.
963 2525 1107 2590 Concedo
1132 2526 1186 2588 tibi
1211 2545 1299 2600 sane,
1326 2527 1353 2588 si
1378 2544 1446 2587 mo-

108 2617 193 2679 nium
226 2637 368 2697 vaporum
401 2616 647 2689 consideramus,
681 2635 767 2695 quem
792 2615 844 2678 Sol
870 2616 965 2691 elicit,
999 2616 1067 2694 plns
1100 2615 1209 2676 elicere
1240 2616 1269 2676 in
1293 2614 1449 2695 superlicio

106 2705 195 2768 raris.
242 2706 304 2781 At,
340 2715 484 2786 qnantum
508 2713 574 2778 eet,
611 2704 807 2785 perexiguum
831 2713 897 2781 est,
931 2722 988 2766 non
1019 2704 1135 2784 tangit,
1171 2704 1228 2764 nisi
1252 2704 1448 2782 superficiem.

106 2794 182 2868 lnod
206 2813 278 2857 vero
303 2795 413 2858 sudant
438 2803 574 2868 montes,
612 2800 677 2855 toto
701 2813 827 2873 corpore
858 2794 987 2862 sudant,
1021 2793 1196 2855 stimulante
1221 2792 1315 2854 totius
1339 2793 1450 2854 Terrae

106 2883 209 2964 erpori
234 2885 335 2946 calore
359 2883 474 2958 innato,
500 2883 600 2944 numia
622 2883 808 2963 pervadente
832 2882 1019 2963 penetralia,
1045 2900 1103 2943 non
1127 2889 1162 2943 nt
1185 2880 1266 2942 Solis
1290 2881 1374 2943 calor
1396 2900 1450 2942 sn·

106 2972 241 3036 erficiem
266 2972 479 3052 depopulante.
527 2971 610 3032 Nihil
634 2970 682 3032 hic
707 2979 809 3045 astra,
844 2972 902 3033 nisi
937 2971 1016 3050 quod
1046 2970 1239 3031 modulantur
1269 2969 1450 3032 cantilenam

106 3072 194 3143 ptam
218 3062 287 3123 huic
311 3061 428 3123 animae
452 3061 605 3136 terrestri,
631 3061 722 3122 talem
747 3069 861 3134 tamen,
889 3068 930 3134 ut,
956 3060 1015 3120 nisi
1039 3059 1140 3120 anima
1164 3059 1231 3138 ipsa
1254 3058 1314 3119 virn
1338 3058 1452 3120 habeat

106 3151 231 3214 dhane
256 3150 438 3213 cantilenam
464 3167 533 3211 sese
561 3150 785 3218 commovendi,
820 3150 932 3212 frustra
966 3165 1033 3210 eam
1067 3149 1105 3209 ab
1139 3148 1231 3210 astris
1264 3155 1449 3228 expectaret.

106 3241 135 3302 le
158 3259 197 3304 ne
221 3259 363 3320 quaeras,
398 3240 475 3301 unde
500 3246 588 3299 tanta
621 3238 681 3300 illis
705 3239 856 3301 montibus
889 3239 976 3318 copia
1001 3238 1165 3318 aquarum?
1211 3236 1297 3299 Unde
1322 3253 1450 3316 namque

106 3259 177 3412 cpia
201 3328 261 3390 illis
285 3328 324 3390 ad
347 3327 492 3409 perennia
516 3326 663 3389 flumina?

178 3414 294 3492 Citius,
327 3417 440 3497 inquis,
474 3435 554 3497 aqna
577 3415 738 3479 resolvitur
766 3416 794 3477 in
821 3436 975 3496 vaporem,
1008 3433 1097 3496 quam
1127 3414 1229 3476 terrai
1279 3413 1342 3474 lmo
1367 3430 1449 3488 vero,

106 3505 223 3580 'abrica
249 3514 332 3569 terra
355 3526 503 3588 nunquam
527 3506 690 3568 resolvitur
714 3506 742 3566 in
766 3524 911 3586 vapores,
946 3504 1000 3566 sed
1024 3523 1113 3585 aqua,
1137 3510 1170 3564 et
1193 3522 1230 3564 ea
1253 3501 1372 3581 quidem
1399 3501 1449 3563 in-

106 3595 207 3660 erdnnr
230 3596 393 3672 sulferata,
418 3596 591 3676 purulente,
617 3596 698 3656 ranis
724 3601 776 3655 aut
800 3594 936 3673 frugibus
961 3602 1013 3654 ant
1037 3591 1187 3671 lapidibus
1211 3596 1336 3662 onusta,
1371 3599 1448 3668 quat

106 3682 262 3764 rodigiosa
285 3693 365 3747 sunt.
414 3683 502 3756 Quod
533 3685 559 3746 si
594 3685 684 3749 maris
719 3684 813 3743 moles
847 3683 876 3743 in
907 3681 1065 3762 complexu
1097 3679 1177 3741 illius
1211 3678 1330 3740 animae
1355 3686 1447 3751 esset,

106 3773 190 3836 secio
215 3793 253 3835 an
277 3773 344 3854 plns
369 3773 409 3835 sit
434 3773 626 3848 exhalatura,
657 3791 746 3852 quarn
765 3771 831 3851 jam
855 3771 979 3832 exhalat
1003 3769 1120 3832 marina
1144 3788 1233 3851 aqua,
1259 3784 1314 3845 per
1338 3784 1447 3828 caver-

106 3871 266 3929 aetenae
291 3863 455 3925 sublimata
485 3869 518 3923 et
540 3863 569 3922 in
594 3863 746 3924 fluminum
770 3860 917 3940 originem
947 3858 1123 3921 constillare
1145 3866 1265 3937 parata.
1314 3854 1358 3915 Tu
1382 3854 1447 3935 ipse

106 3951 243 4017 enrictus
262 3951 379 4026 fateris,
405 3950 507 4014 nubila
531 3951 743 4030 utplurimum
769 3950 797 4011 in
818 3950 969 4011 montibus
990 3968 1067 4009 esse.
1118 3943 1253 4008 Causam
1277 3962 1335 4005 non
1352 3963 1449 4024 quae-

106 4040 346 4105 'nnecessaricr
379 4041 478 4123 potuit
502 4040 579 4105 enim
603 4039 657 4101 tibi
682 4039 820 4101 sufficere
844 4039 919 4101 haec
943 4037 1130 4121 hypothesis.
1179 4035 1313 4104 Montes,
1337 4032 1446 4112 inquis,
1540 4103 1541 4107 η

106 4128 180 4195 nidi
204 4139 285 4193 sunt.
330 4130 430 4209 Euge!
465 4124 644 4200 Metuerani,
668 4137 702 4191 ut
725 4127 781 4189 hoc
806 4146 942 4208 negares.
990 4126 1101 4188 Addo:
1136 4143 1208 4205 ergo
1232 4122 1345 4186 humidi
1368 4130 1448 4185 sunt.

106 4211 217 4299 legas?
254 4218 341 4282 Unde
366 4238 438 4299 ergo
463 4218 605 4281 flumina?
644 4214 762 4287 Quodsi
786 4225 817 4278 et
840 4217 930 4279 calidi
954 4225 986 4279 et
1001 4213 1122 4287 humidi,
1148 4231 1283 4287 curnon,
1309 4219 1343 4272 ut
1358 4210 1445 4286 ollae,

106 4326 218 4390 apores
242 4309 404 4371 exhalent?
452 4306 532 4380 Quid
556 4307 603 4368 vis
627 4305 779 4387 amplius?
827 4305 889 4368 Sed
917 4306 979 4380 dic,
1015 4305 1091 4384 age!
1131 4303 1202 4384 quid
1225 4301 1300 4382 ipsis
1322 4300 1449 4384 prodest

106 4393 191 4464 tior?
238 4395 346 4473 Calor,
381 4397 496 4477 inquis,
531 4415 637 4458 crassa
661 4395 763 4457 nubila
786 4395 915 4457 attrahit
938 4396 976 4456 ad
1001 4413 1089 4466 sese;
1124 4393 1168 4454 ita
1191 4389 1338 4472 loqueris,
1363 4408 1398 4449 ac
1421 4389 1448 4449 'si

106 4486 192 4550 abila
214 4505 268 4567 per
293 4481 357 4550 100
381 4485 521 4548 milliaria
545 4505 564 4546 a
586 4484 737 4546 montibus
762 4491 869 4546 exorta
894 4482 1152 4565 peregrinationes
1176 4481 1205 4543 in
1227 4479 1448 4542 mediterranea

106 4576 266 4651 tetitnant,
300 4585 449 4656 noctuque
490 4575 568 4654 apud
602 4566 756 4634 convalles
792 4575 820 4634 in
854 4574 1012 4654 complexu
1041 4571 1184 4632 montium
1209 4569 1292 4629 velut
1315 4565 1447 4645 hospitio

106 4662 287 4746 lcipiantnr.
334 4662 391 4726 Dic
415 4680 505 4744 crgo,
530 4671 604 4745 quot
627 4660 741 4724 dierum
765 4662 893 4725 nubibus
917 4662 976 4724 iter
1000 4668 1108 4722 estex
1133 4658 1238 4738 Belgio
1262 4656 1290 4718 in
1317 4653 1447 4717 Sueviae

106 4754 230 4823 nostes?
260 4771 332 4834 ergo
357 4763 390 4816 et
412 4761 474 4818 tarn
498 4751 548 4814 diu
573 4749 733 4815 sitiendum
758 4745 908 4826 Sueviae,
932 4750 1027 4813 donec
1051 4749 1125 4811 haec
1149 4745 1255 4830 hydria
1279 4764 1316 4808 ex
1340 4743 1446 4823 Belgio

106 4843 214 4909 uiae?
259 4842 355 4906 Plane
388 4842 486 4905 nudus
517 4848 584 4902 stas
616 4840 656 4902 mi
678 4841 821 4915 l'abrici3
858 4859 987 4920 vapores
1019 4838 1102 4899 intra
1129 4836 1216 4898 unius
1239 4852 1333 4914 saepe
1355 4833 1447 4895 horae
