3278 5542
232 314 295 382 rra
738 312 1068 381 sanemur-tus

230 473 398 556 octangnli,
430 472 552 536 suntin
576 472 672 552 gradu
694 472 856 534 remotiore
880 480 912 534 et
935 472 1136 537 irrationales.
1184 468 1221 547 3)
1249 468 1367 548 Causa,
1397 472 1472 554 qnia
1496 471 1585 535 trinus

231 584 296 627 curn
321 562 432 633 sextili,
458 562 636 643 quadratum
659 580 727 624 cum
750 562 898 643 quadrato
922 562 1055 624 efficiunt
1075 570 1190 626 rectum
1209 561 1363 641 angulum,
1386 560 1468 624 radii
1489 560 1587 641 reliqui

231 654 312 715 nullo
336 659 426 732 pacto
450 670 517 714 cum
540 650 602 713 ulla
632 660 754 730 recepta
779 650 869 712 linea.
916 645 952 723 t)
981 650 1212 732 imperiectaB
1240 651 1340 713 mollis
1368 658 1419 712 est
1447 649 1585 731 quodam·

231 743 318 805 modo
342 739 496 821 perfecta,
532 739 601 821 quia
634 739 728 801 utitur
755 740 860 800 eadem
891 738 1037 802 divisione
1065 759 1132 802 cnm
1161 739 1304 820 perfectis
1333 745 1367 802 et
1392 746 1445 801 ost
1471 738 1588 801 dimidia

231 831 345 913 quinta.
393 829 479 892 Unde
504 846 562 890 non
586 828 706 904 mirum,
739 829 833 890 solam
857 846 895 889 ex
918 829 1102 909 imperfectis
1125 828 1308 909 respondere
1331 827 1472 910 aspectui
1495 826 1587 901 alicui,

231 940 273 982 sc.
300 917 418 992 sextili,
451 917 501 997 qui
530 917 633 979 itidem
662 924 711 979 est
738 916 879 978 dimidius
908 916 1015 979 trinus.
1063 916 1193 979 Ceterae
1223 917 1300 978 enim
1329 936 1385 979 nec
1409 925 1503 997 aptae
1525 923 1589 978 snut

230 1007 259 1071 in
284 1005 513 1081 duodenarium,
552 1025 607 1068 uec
636 1006 761 1085 perfecti
790 1005 916 1085 alicujus
943 1025 1014 1086 pars
1043 1014 1122 1068 suut.
1169 1005 1205 1080 5)
1234 1006 1372 1087 Denique
1398 1023 1458 1066 sex
1486 1005 1588 1085 trigoni

231 1096 342 1176 anguli,
370 1103 498 1176 quatuor
521 1095 669 1175 quadrati,
695 1103 758 1155 tres
773 1093 939 1172 sexanguii,
965 1103 997 1155 et
1020 1096 1135 1157 dnobus
1159 1088 1354 1157 semicirculis
1377 1093 1589 1174 comprehensa

230 1188 288 1248 duo
313 1185 415 1266 spatia
438 1184 564 1264 implent
587 1201 704 1246 omnem
728 1184 756 1244 in
786 1182 911 1262 planitie
938 1184 1043 1246 locum.
1091 1185 1135 1245 At
1157 1191 1220 1245 tres
1243 1184 1345 1264 anguli
1369 1181 1398 1243 iu
1424 1181 1585 1263 quinquen·

232 1275 301 1355 gulo
332 1274 463 1336 minores
492 1279 562 1334 sunt
595 1280 723 1352 quatuor
755 1272 864 1345 rectis,
901 1280 1030 1351 quatuor
1062 1280 1133 1334 sunt
1159 1272 1302 1350 majores.
1348 1271 1439 1335 Unde
1468 1277 1503 1333 et
1522 1269 1588 1332 iilud

230 1371 331 1447 patet,
361 1380 452 1441 qnare
476 1380 531 1422 nec
555 1360 827 1440 octangularis,¹¹)
856 1378 911 1421 nec
935 1361 1207 1439 duodecangularis
1232 1356 1408 1437 radius,¹¹¹¹)
1440 1376 1498 1424 nec
1518 1359 1587 1421 nllus

231 1451 413 1531 reliquorum
428 1458 577 1529 operetur.
615 1451 717 1528 Atque
742 1448 789 1510 hic
814 1449 876 1509 iere
901 1468 1008 1528 separo
1033 1469 1142 1511 causas
1167 1458 1343 1530 aspectuum
1367 1449 1587 1511 scansiscon-

232 1536 454 1612 cordianumfl)
494 1536 584 1600 Certe
608 1538 686 1599 enim
712 1557 787 1617 qnae
813 1557 851 1599 ex
875 1539 993 1617 angulis
1017 1539 1061 1612 tit,
1085 1538 1215 1617 genuina
1237 1538 1331 1600 radiis
1356 1546 1405 1599 est
1429 1537 1585 1601 ratiocina-

231 1622 350 1702 Ιιίο;““““)
374 1646 442 1690 cum
464 1634 588 1706 propter
611 1626 751 1704 angulum
775 1627 804 1688 in
828 1637 938 1706 puncto
963 1627 1129 1708 superficiei
1158 1626 1311 1688 Terrenac
1334 1625 1461 1701 iactum,
1485 1626 1516 1689 in
1537 1642 1585 1705 quo

232 1718 405 1791 miscentur,
431 1716 545 1777 existat
569 1715 714 1795 operatio,
740 1734 798 1776 non
824 1732 895 1777 vero
920 1726 1044 1796 propter
1067 1716 1192 1795 figuram
1214 1715 1245 1776 in
1265 1715 1389 1778 zodiaco
1408 1716 1522 1778 circulo
1539 1712 1606 1783 de,

233 1806 395 1886 scriptam,
432 1824 507 1885 quae
541 1803 755 1883 imaginatione
788 1805 889 1884 potins
920 1823 1007 1884 quam
1037 1805 1080 1866 rei
1103 1805 1233 1866 veritate
1257 1812 1389 1867 constat.
1399 1800 1435 1880 ¹¹)
1479 1801 1584 1866 Divisio

232 1914 304 1957 vero
328 1893 395 1956 fidis
419 1894 526 1954 necin
555 1893 665 1954 circulo
696 1892 744 1967 fit,
779 1912 833 1955 nec
861 1894 979 1972 angulis
1008 1894 1121 1967 utitur,
1157 1894 1210 1955 sed
1239 1893 1381 1973 inplano
1403 1900 1583 1974 perrectum

234 1984 342 2046 lineam
366 1981 527 2063 perficitur.
576 1983 708 2042 Possunt
732 1989 831 2043 tamen
858 1981 1047 2044 nihilomiuus
1079 1990 1111 2043 et
1140 1983 1374 2044 concordantiae
1398 1994 1433 2045 et
1456 1988 1582 2063 aspectus

233 2073 343 2134 habere
367 2089 521 2134 commune
546 2071 634 2150 quid,
660 2070 738 2150 qnod
762 2070 868 2132 eadem
893 2071 1029 2151 utrinque
1055 2078 1210 2145 causatur,
1236 2080 1270 2132 nt
1292 2090 1385 2151 supra
1408 2071 1530 2134 dictum.
1539 2069 1581 2139 ¹¹¹)

233 2162 268 2224 ld
293 2181 363 2222 vero
393 2160 520 2222 aliorum
548 2159 715 2220 industriae
744 2158 877 2240 relinquo
902 2161 1106 2222 scrutandum.
1153 2160 1321 2221 Ptolemaei
1343 2161 1480 2236 Musica,
1520 2175 1581 2239 quae

233 2250 491 2330 Regiomontanns
511 2267 579 2309 cum
599 2247 788 2327 expositione
809 2248 966 2330 Porphyrii
990 2250 1125 2310 editurus
1150 2256 1225 2324 erat,
1251 2249 1307 2311 sed
1330 2250 1464 2312 nondum
1487 2264 1581 2311 excuu
1629 2322 1631 2331 Ι

234 2336 393 2402 Cardenus
418 2337 546 2410 asserit,
578 2336 607 2398 in
639 2336 696 2397 hac
725 2337 853 2398 materia
879 2338 982 2416 procul
1012 2337 1101 2399 dubio
1125 2346 1294 2401 versantur.
1305 2341 1351 2412 ¹¹)
1397 2338 1480 2400 Vide
1502 2337 1578 2399 etiam
1629 2344 1631 2419 ξ

235 2427 305 2507 quid
329 2445 366 2488 er
389 2424 525 2487 Euclidis
549 2424 675 2487 Musicis
699 2425 756 2486 huc
779 2426 885 2488 referri
907 2428 1069 2507 possit.⁰⁰)

654 2602 699 2664 IN
724 2599 863 2664 cAPUT
885 2600 1176 2665 nnonscrutntt

760 2723 875 2774 uersu
893 2724 1071 2776 auouorus.

315 2828 348 2903 a)
368 2835 429 2889 Hoc
442 2833 537 2887 thema
552 2849 590 2887 ex
603 2833 728 2902 professo
744 2833 862 2887 tractavi
877 2834 904 2887 in
919 2834 990 2888 libro
1005 2836 1039 2887 de
1054 2835 1140 2890 stella
1153 2851 1232 2899 nora,
1257 2835 1339 2907 inque
1352 2854 1489 2908 responso
1502 2840 1535 2894 ad
1547 2838 1583 2892 ola

231 2915 311 2985 jecta
328 2914 449 2976 Rtslini3
474 2930 571 2983 nempe
587 2920 706 2985 quatuor
720 2913 828 2983 quidem
849 2914 942 2968 circuli
964 2915 1069 2968 zodiaci
1084 2917 1254 2987 quadrantes
1274 2918 1422 2973 monstrari
1437 2936 1457 2974 a
1469 2918 1584 2975 conditio·

234 2997 316 3051 nibus
330 2997 444 3049 duorum
458 3000 588 3057 motuum,
613 2993 702 3047 diurni
716 2994 828 3048 etSolis
844 2995 936 3057 annui,
963 3010 1031 3064 quas
1056 3003 1209 3066 sequuntur
1232 2996 1316 3050 etiam
1339 2998 1451 3054 luminis
1474 3007 1505 3054 et
1525 3000 1585 3055 cale

235 3075 363 3131 factionis
385 3081 493 3128 metae:
525 3080 556 3127 at
579 3075 761 3143 quadrantum
784 3074 956 3146 singulorum
981 3075 1193 3130 subdivisionem
1216 3077 1244 3130 in
1264 3083 1345 3131 terna
1370 3079 1499 3150 praecise
1520 3080 1589 3152 signs

235 3155 305 3210 nihil
319 3155 378 3209 tale
392 3172 443 3207 nec
456 3171 494 3207 ex
508 3158 583 3207 motu
598 3170 649 3207 nec
663 3171 700 3207 ex
713 3154 817 3208 uiribus
833 3155 944 3216 habere,
961 3155 1039 3223 cujus
1055 3156 1169 3210 effectus
1183 3156 1289 3210 censeri
1303 3159 1401 3229 possit,
1423 3159 1478 3214 nisi
1491 3166 1588 3215 tantm

235 3234 474 3308 generalissimam
497 3233 573 3286 illam
593 3233 804 3298 distinctionem,
830 3234 925 3304 quanti
947 3234 1163 3306 uniuscujusque
1186 3236 1214 3289 in
1236 3235 1407 3307 principium,
1434 3240 1551 3295 medium
1568 3246 1591 3293 at

235 3316 328 3369 tinem:
353 3329 421 3384 quas
436 3320 529 3367 tanum
544 3322 640 3382 partes
655 3314 734 3368 nulla
747 3315 899 3368 necessitas
918 3314 1003 3383 jubet
1022 3317 1154 3386 aequales
1168 3333 1230 3370 esse
1254 3332 1288 3371 ac
1308 3335 1343 3372 ne
1365 3325 1465 3388 partes
1479 3321 1590 3392 quidem:

236 3395 338 3450 sufficit
352 3393 431 3456 onim,
457 3399 490 3447 ut
509 3408 560 3462 pro
574 3394 662 3447 medio
677 3401 825 3449 censeatur
838 3402 900 3449 tota
914 3396 1074 3465 quadrantis
1097 3396 1181 3462 linea,
1205 3413 1257 3467 pro
1276 3398 1412 3469 principio
1432 3406 1465 3454 et
1480 3400 1536 3455 tine
1548 3403 1592 3456 dat

236 3476 328 3530 lineae
343 3473 453 3528 termini
467 3489 517 3527 seu
531 3481 644 3543 puncta,
660 3490 731 3544 qnae
746 3492 800 3528 non
814 3483 880 3530 sunt
893 3492 960 3544 pars
974 3467 1106 3531 deiinea.

316 3552 346 3621 b)
368 3553 495 3609 Ridicula
516 3554 583 3609 milui
606 3554 746 3608 renuntia
768 3555 879 3619 excidit,
904 3573 969 3610 rere
993 3573 1049 3610 non
1063 3556 1213 3612 sententia.
1256 3556 1327 3620 Quid
1347 3559 1421 3613 eninr
1435 3566 1491 3624 est,
1514 3560 1596 3617 uitii

236 3643 377 3707 praeter
391 3634 524 3690 omnia?
564 3635 734 3698 Numeratin,
757 3636 829 3690 actio
844 3635 951 3698 mentis,
967 3638 1127 3706 supervenit
1141 3637 1224 3691 rebus
1239 3636 1372 3702 omnibus,
1392 3638 1494 3696 divinis
1508 3648 1540 3697 et
1551 3642 1596 3697 hu·

236 3717 340 3773 manis:
365 3716 452 3779 nulla,
468 3733 502 3769 ne
517 3715 659 3770 levissima
672 3715 781 3787 quidem
794 3716 932 3769 distinctio
948 3723 1000 3780 est,
1026 3734 1076 3770 seu
1090 3716 1184 3779 realis,
1207 3734 1256 3770 seu
1276 3717 1468 3774 intentione-lis
1491 3719 1542 3789 (sit
1554 3722 1599 3777 ilis

236 3796 341 3868 primae
356 3796 401 3850 vel
413 3797 558 3860 secundae,
574 3797 621 3849 rel
635 3795 746 3860 tertiae,
762 3797 806 3851 rel
822 3804 924 3866 quotae
941 3795 1012 3849 libet
1025 3792 1201 3866 intentionis)
1221 3813 1291 3867 quae
1306 3814 1361 3851 non
1375 3802 1518 3870 quandam
1532 3802 1599 3857 sirni-

237 3877 382 3931 litudinem
402 3876 509 3930 habeat
532 3893 591 3929 cum
615 3875 747 3929 divisione
771 3882 866 3930 rectae
885 3877 912 3929 in
936 3882 1041 3945 partes.
1083 3877 1161 3941 Vide,
1186 3893 1257 3948 quae
1281 3878 1314 3930 de
1328 3880 1449 3934 numeris
1464 3880 1601 3954 disputari

238 3956 286 4011 lib.
302 3957 349 4010 lv.
364 3955 590 4010 Harmonicorum
606 3957 673 4024 Cap.
688 3957 709 4010 L
752 3957 812 4010 Hoc
831 3962 925 4010 autem
946 3956 1012 4010 mihi
1026 3963 1088 4010 erat
1107 3957 1135 4010 in
1150 3957 1249 4021 ammo,
1274 3974 1334 4011 cum
1348 3959 1421 4013 hanc
1435 3962 1601 4025 sententiam

238 4035 423 4104 conciperem:
446 4034 574 4105 quidquid
589 4042 750 4089 numeratur
765 4053 782 4090 a
796 4037 874 4090 nobis
891 4031 1017 4106 (praeter
1031 4036 1136 4091 divinas
1152 4038 1286 4106 personas
1306 4037 1334 4092 in
1347 4038 1395 4094 SS.
1410 4040 1603 4109 Trinitatalid

237 4121 395 4186 respectum
410 4114 530 4185 aliquem
544 4115 649 4169 habere
664 4116 887 4185 quantitativum,
902 4118 1003 4171 saltem
1017 4117 1045 4170 in
1059 4116 1213 4172 intentione
1227 4120 1408 4176 numerantis.

319 4190 348 4262 c)
371 4195 426 4249 Per
440 4195 664 4265 imaginationem
678 4196 756 4265 plani
771 4213 821 4265 per
831 4197 967 4251 sectiones
982 4197 1047 4251 illas
1061 4199 1182 4252 laterum
1200 4204 1231 4253 et
1249 4215 1301 4268 per
1313 4205 1439 4255 centrum
1451 4202 1605 4273 figurarit!

239 4274 358 4329 omnium
371 4275 493 4329 traducti
516 4284 546 4329 et
566 4292 654 4345 usque
668 4277 719 4330 sub
738 4278 810 4330 fixas
834 4278 953 4341 extensi,
979 4278 1058 4347 cujus
1082 4279 1168 4332 sectio
1183 4280 1379 4348 cum-sphaera
1391 4282 1515 4338 iixarum
1527 4284 1605 4340 nuliis

239 4355 351 4426 peperit
365 4354 393 4408 in
407 4355 585 4424 conceptione
600 4356 652 4409 illa
665 4356 830 4425 eclipticam.

320 4430 352 4505 d)
375 4435 405 4490 si
424 4431 550 4489 nimirum
568 4453 605 4490 ex
619 4442 714 4491 centro
729 4437 862 4492 communi
876 4438 1028 4508 figurarum
1042 4444 1136 4492 rectae
1154 4454 1206 4508 per
1219 4439 1355 4493 sectiones
1369 4439 1438 4495 dicti
1450 4442 1533 4513 plani
1547 4431 1607 4501 ού

239 4516 376 4571 lateribus
390 4517 540 4588 figurarum
554 4516 701 4585 ejiciantur
714 4533 800 4588 nsque
815 4518 866 4572 sub
880 4518 964 4581 fixas;
981 4520 1134 4573 addendum
1147 4525 1254 4573 autem:
1274 4519 1303 4574 Si
1317 4518 1403 4575 etiam
1416 4538 1514 4578 omnes
1529 4524 1606 4596 quiu-

240 4613 294 4669 que
316 4597 425 4668 agonas
448 4596 500 4650 tali
523 4596 673 4669 irregulari
695 4597 751 4651 situ
774 4597 889 4652 invicem
911 4604 1090 4669 coaptentur,
1125 4605 1158 4653 ut
1180 4598 1352 4670 singularum
1375 4599 1490 4673 singula
1514 4605 1609 4661 latera

240 4676 409 4732 sectionibus
424 4675 481 4731 suis
495 4681 573 4730 stent
585 4676 613 4730 in
627 4693 683 4730 una
696 4669 748 4732 tuli
762 4685 840 4732 recta
853 4679 942 4733 linea:
964 4686 1032 4733 tunc
1049 4679 1120 4733 enim
1139 4679 1267 4733 zodiacus
1287 4680 1477 4752 distinguetur
1498 4683 1530 4740 in
1543 4700 1608 4757 par·

242 4761 286 4812 tes
300 4757 382 4823 tales,
406 4773 476 4830 quas
495 4774 549 4811 non
564 4757 677 4813 metitur
696 4757 750 4812 nisi
764 4765 873 4814 centum
888 4767 918 4813 et
931 4759 1062 4814 vicesima
1081 4758 1176 4814 totius.
1220 4760 1287 4814 Cum
1305 4768 1400 4816 autern
1413 4760 1485 4817 situs
1500 4763 1559 4820 ista
1573 4764 1610 4821 sit

240 4835 415 4911 ἰποςιιιιιίι,
436 4837 576 4910 regularis
590 4854 657 4895 vero
679 4856 730 4909 per
751 4841 870 4912 angulos
884 4840 1049 4896 dodecatdri
1072 4846 1103 4894 et
1124 4839 1261 4897 ioosatdri
1284 4847 1400 4897 somnos
1422 4843 1560 4919 unisque
1580 4846 1611 4902 ia
