3262 5550
638 336 643 344 ·
697 301 780 368 capas
797 304 833 354 11.
1383 308 1446 375 125
1552 315 1555 322 '

114 460 191 522 rcnlo
215 479 352 539 gressum
376 462 497 522 firmans
522 463 570 534 (ut
594 461 659 541 ipse
682 460 813 535 Rhetico
838 462 936 524 dicere
961 463 1067 525 solitus
1093 466 1155 537 est)
1173 459 1214 537 ⁸¹)
1245 465 1324 527 felici
1349 469 1445 548 magis

114 568 173 610 ram
198 550 358 611 confidenti
381 551 555 629 conjectura
569 552 737 623 constituit,
763 560 853 631 atqne
878 551 921 613 ita
944 570 1012 612 sese
1036 551 1147 614 habere
1171 554 1308 631 credidit,
1335 574 1371 616 ea
1395 557 1444 618 in-

114 657 170 700 ram
196 640 297 699 omnin
321 640 486 700 rationibus
511 661 528 700 a
551 640 652 718 priori,
678 663 695 700 a
715 641 825 712 causis,
850 661 868 701 a
892 639 1053 702 creationis
1079 641 1147 702 idea
1171 641 1308 705 deductis
1332 645 1444 708 rectis-

114 745 156 787 me
180 729 349 790 constituta
373 747 440 789 esse
465 728 735 806 deprehendantur.

169 817 253 877 Nam
281 819 306 878 si
335 817 400 897 quis
431 816 655 896 philosophicas
684 819 760 879 istas
794 816 926 879 rationes
955 818 1019 879 sine
1049 817 1216 881 rationibus
1240 827 1272 882 et
1294 822 1359 882 solo
1383 821 1444 885 risu

114 905 220 984 cipere
244 914 335 985 atque
359 906 479 967 eludere
503 906 639 980 voluerit,
664 915 826 986 propterea
849 907 928 986 quod
947 925 1040 968 novus
1060 907 1146 968 homo
1167 909 1222 970 sub
1241 910 1326 970 linem
1351 930 1441 973 secu·

114 1013 187 1063 rum,
212 995 385 1056 tacentibus
410 994 470 1056 illis
488 995 697 1074 philosophiae
712 994 870 1057 luminibus
888 994 1028 1073 antiquie,
1055 997 1264 1076 philosophica
1282 997 1348 1059 iata
1370 1017 1442 1079 pro·

114 1102 200 1156 ram,-
211 1083 256 1144 illi
272 1102 328 1162 ego
343 1084 458 1158 ducem,
483 1091 636 1145 auctorem
660 1093 690 1145 et
713 1092 1020 1163 praemonstratorern
1044 1104 1082 1145 err
1106 1085 1317 1166 antiquissimo
1341 1091 1443 1150 seculo

114 1172 229 1233 oferam
249 1172 516 1253 Pythagoram:
541 1173 625 1251 cnjus
644 1174 740 1235 multa
763 1174 792 1234 in
809 1172 920 1234 scholis
939 1173 1059 1248 mentio,
1086 1174 1164 1253 quod
1188 1194 1253 1236 cunr
1279 1185 1441 1254 praestan-

114 1279 152 1322 tm
176 1261 296 1322 videret
319 1261 446 1341 quinque
476 1265 651 1341 corporum,
685 1262 776 1323 simili
806 1261 896 1341 plane
923 1262 1040 1323 ratione
1065 1271 1136 1323 ante
1160 1263 1206 1324 bis
1230 1264 1312 1325 mille
1336 1284 1441 1339 annos,

116 1368 230 1410 annno
246 1368 311 1428 ego,
337 1348 493 1412 Creatoris
508 1368 579 1411 cura
598 1370 654 1411 non
679 1351 831 1429 indignum
856 1351 1007 1412 censuerit
1030 1351 1067 1412 ad
1092 1351 1144 1413 illa
1168 1352 1326 1433 respicere,
1353 1363 1442 1436 atque
1539 1428 1543 1435 Ι

114 1439 167 1500 bns
192 1438 413 1500 mathematicis
437 1436 561 1520 physice
585 1448 677 1500 etex
703 1460 758 1501 sna
783 1439 918 1520 qualibet
936 1439 1120 1520 proprietate
1141 1441 1347 1503 accidentaria
1370 1462 1441 1504 cen-

114 1527 144 1589 is
173 1546 224 1588 res
249 1547 306 1589 non
331 1528 563 1589 mathematicas
589 1529 871 1590 accommodaverit.
910 1527 1034 1590 Terram
1058 1528 1135 1591 enirn
1161 1530 1236 1592 cubo
1261 1531 1441 1611 aequipara-

114 1618 177 1693 μ’)
203 1617 274 1696 quia
298 1616 417 1678 stabilis
442 1627 577 1698 uterque,
603 1619 681 1697 quod
705 1628 807 1679 tamen
827 1618 864 1678 de
883 1617 958 1678 cubo
978 1637 1036 1678 non
1055 1618 1173 1697 proprie
1194 1618 1311 1683 dicitur.
1347 1618 1441 1682 Coelo

114 1706 269 1768 >caedrum
293 1706 386 1776 dedit,
412 1705 482 1785 qnia
496 1715 651 1787 utrumque
667 1706 807 1769 volubile.
841 1706 907 1785 lgni
927 1706 1103 1788 pyramida,
1117 1708 1187 1787 quia
1211 1708 1285 1769 baec
1308 1708 1441 1771 volantis

114 1793 199 1856 riculi
215 1794 325 1855 forma:
350 1794 465 1874 reliqua
489 1795 546 1857 duo
570 1813 697 1874 corpora
720 1796 799 1857 inter
822 1814 921 1856 aerem
946 1805 978 1856 et
1001 1815 1109 1876 aquarn
1131 1796 1293 1873 distribuit,
1319 1804 1442 1877 propter

114 1883 204 1945 nilem
234 1884 372 1963 utrinqne
405 1903 471 1945 cnm
504 1884 611 1945 ricinis
641 1886 859 1963 cognationem.
905 1882 966 1946 Sed
991 1885 1068 1946 enim
1093 1882 1278 1964 (lopemicns
1307 1886 1352 1959 illi
1375 1885 1440 1946 viro

114 1972 182 2046 fnit,
209 1973 258 2051 qui
282 1973 373 2051 prius,
400 1973 470 2052 quid
494 1982 578 2034 esset
601 1974 630 2033 in
655 1974 774 2048 mundo,
801 1973 933 2034 diceret:
959 1973 1072 2054 absque
1096 1992 1131 2034 en
1155 1994 1213 2035 non
1238 1974 1354 2050 luisset,
1381 1975 1439 2036 du-

113 2079 153 2123 rm
178 2079 237 2121 non
263 2071 328 2137 est,
354 2063 422 2142 quin
447 2080 538 2141 quare
562 2069 660 2137 esset,
690 2061 872 2131 invenisset,
901 2070 991 2142 atque
1016 2062 1089 2124 ha'ec
1113 2064 1262 2124 coelorum
1285 2063 1439 2144 proportio

114 2169 134 2212 n
158 2158 233 2210 nota
257 2170 333 2212 nunc
358 2159 456 2226 esset,
482 2170 569 2230 quam
593 2151 660 2230 ipsa
683 2152 810 2231 quinque
835 2168 974 2230 corpora,
1006 2159 1068 2212 tam
1091 2150 1163 2213 item
1187 2162 1325 2231 recepta,
1350 2171 1438 2233 quam

114 2259 130 2300 c
164 2247 332 2318 temporum
363 2240 488 2302 decursu
519 2239 645 2302 invaluit
673 2238 726 2301 illa
759 2241 795 2300 de
828 2237 910 2301 Solis
942 2249 1024 2302 motu
1057 2240 1151 2321 deque
1186 2240 1285 2320 quiete
1309 2241 1438 2303 Telluris

114 2347 185 2390 mro.

162 2417 277 2479 Verum
301 2435 358 2495 age
381 2417 429 2478 vel
459 2417 580 2478 tandem
610 2416 814 2497 experiamur,
847 2425 944 2478 utrum
972 2418 1052 2478 inter
1080 2416 1168 2479 orbes
1192 2415 1351 2497 Copernici
1375 2419 1437 2505 sint

114 2526 149 2568 ae
174 2524 332 2586 corporum
356 2506 576 2585 proportiones.
610 2507 658 2566 Ac
681 2505 767 2566 initio
787 2524 849 2568 rem
866 2505 1066 2568 crassinscule
1081 2525 1266 2568 censeamus.
1300 2505 1436 2568 Maxima

114 2596 286 2658 ¹‚tantiarnm
310 2594 480 2656 differentia
503 2595 532 2655 in
558 2592 725 2672 Copernico
749 2604 798 2663 est
821 2595 899 2656 inter
921 2594 1028 2656 Jovem
1053 2604 1085 2656 et
1108 2596 1256 2669 Martem,
1289 2604 1323 2657 ut
1350 2595 1435 2658 videa

123 2683 328 2764 explicatione
353 2683 563 2764 hypothesium
588 2683 662 2744 Tab.
687 2681 726 2745 10
751 2691 783 2744 et
806 2683 885 2744 infra
908 2703 973 2763 cap.
1002 2679 1042 2746 14
1067 2693 1098 2746 et
1125 2683 1174 2747 15.
1222 2684 1332 2745 Martis
1356 2685 1435 2747 enirn

114 2775 220 2835 ‚tantia
244 2793 262 2832 a
286 2771 358 2834 Sole
382 2792 440 2834 non
465 2781 577 2852 aequat
604 2771 726 2834 tertiam
748 2780 866 2851 partem
889 2771 1008 2834 Joviae.
1056 2771 1228 2843 Quaeratnr
1250 2772 1341 2849 igitur
1364 2791 1433 2834 cor·

114 2883 135 2937 s,
157 2865 237 2943 quod
251 2862 414 2923 maximam
429 2861 504 2923 facit
518 2861 717 2923 differentiam
732 2861 811 2923 inter
825 2861 925 2923 orbern
941 2863 1195 2941 circumscriptum
1210 2869 1241 2922 et
1255 2861 1433 2940 inscriptum

114 2953 270 3013 incedatur
293 2950 379 3011 nobis
403 2951 477 3011 haec
500 2972 678 3032 καταχρησις
708 2969 813 3012 cavum
841 2969 894 3029 pro
923 2951 1019 3012 solido
1050 2950 1207 3023 censendi)
1221 2949 1251 3023 ¹¹)
1282 2950 1360 3030 qnod
1386 2959 1433 3011 est

115 3042 256 3104 raedrum
281 3040 344 3100 sive
368 3039 510 3121 pyramis.
548 3039 607 3101 Est
622 3040 721 3118 'igitur
745 3041 823 3101 inter
839 3038 947 3100 Jorem
972 3048 1003 3100 et
1020 3040 1153 3102 Martem
1175 3038 1318 3121 pyramis.
1357 3039 1434 3101 Post

114 3150 123 3193 r
156 3133 319 3192 maximam
353 3129 467 3190 faciunt
499 3128 894 3190 differentiam'distantiae
923 3127 1043 3208 Jupiter
1073 3137 1105 3191 et
1127 3127 1288 3191 Saturnus.
1335 3128 1432 3209 Hujus

114 3240 149 3282 m
174 3220 226 3282 ille
249 3217 340 3298 paulo
363 3218 431 3299 plns
455 3217 608 3289 dimidium
632 3224 753 3297 aequat.
800 3215 915 3279 Similis
948 3226 1076 3298 apparet
1107 3218 1137 3280 in
1172 3217 1239 3280 cubi
1267 3215 1372 3279 intimo
1401 3225 1432 3278 et

114 3309 181 3372 imo
206 3309 277 3370 orbe
302 3306 480 3369 differentia.
528 3304 644 3368 Cubnm
668 3306 759 3386 igitur
782 3304 931 3368 Satnmus
956 3307 1067 3383 ambit,
1092 3308 1185 3369 cubus
1208 3305 1323 3369 Jovem.

155 3397 305 3477 Aequalis
330 3398 391 3458 lere
415 3395 569 3476 proportio
594 3404 642 3457 est
664 3396 744 3459 inter
763 3396 913 3458 Venerem
937 3406 970 3459 et
992 3395 1181 3471 Mercurium,
1206 3415 1261 3457 nec
1285 3393 1432 3458 absimilis

114 3507 146 3551 er
170 3488 258 3550 orbes
282 3486 428 3547 octaedri.
476 3485 581 3546 Venus
605 3485 695 3563 igitur
718 3484 774 3546 hoc
799 3504 906 3565 corpus
929 3485 1038 3558 ambit,
1061 3485 1228 3549 Mercurius
1251 3484 1358 3547 induit.

157 3576 305 3656 Reliquae
329 3575 408 3636 duae
432 3573 642 3654 proportiones
673 3573 752 3634 inter
774 3575 927 3635 Venerem
954 3582 987 3635 et
1009 3574 1152 3649 Terram,
1185 3574 1264 3635 inter
1296 3575 1372 3635 hanc
1401 3581 1433 3635 et

114 3675 201 3728 ntem
224 3665 364 3726 minimae
387 3671 472 3737 sunt,
504 3671 534 3724 et
559 3663 620 3723 lere
652 3663 809 3742 aequales,
840 3682 945 3742 nempe
969 3663 1093 3725 interior
1116 3662 1275 3724 exterioris
1300 3661 1432 3723 dodrans
1512 3675 1517 3681 “

114 3774 120 3816 t
142 3756 198 3816 bes
224 3750 291 3836 (Ἄ,
313 3750 378 3831 Ἄ).
414 3754 446 3814 ln
463 3752 619 3814 icosaedro
634 3760 667 3813 et
685 3752 874 3812 dodecaodro
890 3760 960 3813 sunt
983 3751 1076 3813 etiam
1101 3751 1242 3831 aequales
1267 3750 1431 3812 distantiae

114 3863 204 3907 orum
229 3844 361 3917 orbium,
387 3851 419 3904 et
441 3842 632 3920 proportione
657 3849 781 3901 utuntur
804 3840 926 3901 minima
949 3840 1028 3901 inter
1051 3841 1166 3921 reliqna
1187 3839 1338 3919 regularia
1361 3856 1430 3900 cor-

114 3954 151 3995 ·a.
195 3932 296 4003 Quare
321 3930 482 3994 verisimile
507 3940 564 4005 est,
588 3931 719 3991 Martem
744 3928 856 3992 ambire
880 3929 1005 3990 Terram
1027 3930 1178 3991 mediante
1203 3930 1349 3991 alterutro
1372 3928 1430 3989 ho-

114 4043 129 4084 n
155 4041 321 4102 corporum,
346 4023 469 4083 Terram
495 4028 595 4081 autem
610 4041 629 4080 a
644 4018 765 4081 Venere
780 4025 969 4093 summotam,
995 4019 1146 4081 mediante
1170 4018 1293 4098 reliquo.
1328 4016 1430 4089 Quare

115 4112 184 4194 quis
210 4132 247 4173 ex
270 4131 316 4173 me
341 4118 478 4192 quaerat,
502 4129 555 4171 cur
578 4109 640 4171 sint
664 4116 779 4169 tanturn
803 4127 858 4169 sex
873 4107 961 4170 orbes
976 4108 1113 4182 mobiles,
1137 4106 1335 4187 respondebo,
1361 4106 1431 4188 quia

114 4221 124 4263 r
149 4210 293 4280 oporteat
315 4200 416 4279 plnres
432 4198 560 4279 quinque
574 4197 783 4277 proportiones
799 4215 876 4271 esse,
901 4196 1028 4259 totidem
1052 4216 1169 4276 nempe,
1193 4205 1267 4277 quot
1280 4196 1431 4275 regularia

114 4300 136 4353 rt
155 4291 186 4351 in
206 4291 335 4352 mathesi
351 4307 486 4368 corpora.
520 4286 583 4349 Sex
607 4294 706 4348 antem
730 4286 850 4348 termini
873 4295 1082 4348 consummant
1103 4287 1180 4349 hunc
1203 4286 1429 4366 proportionum

114 4398 229 4443 nerum.
