3278 5542
138 323 209 395 230
737 319 901 373 Prooemium.

138 487 200 543 satis
218 485 343 551 intelligo,
369 482 413 532 sed
437 482 478 534 ille
501 481 592 532 labitur
610 482 636 530 in
654 480 744 531 renites
770 480 943 531 absurditates.
983 480 1078 530 Durum
1103 484 1169 530 vltra
1189 495 1216 531 er
1233 480 1281 529 vol
1306 479 1357 542 bey
1375 477 1493 543 Ceperuici

137 556 313 623 hypothesibus
331 554 455 621 gepliben,
474 554 511 602 bis
530 569 556 602 er
575 553 670 603 bessers
689 552 781 603 lunden
799 551 862 607 hott,
881 551 1019 602 sonderlich
1037 551 1093 601 weil
1110 553 1179 602 aeine
1198 551 1351 616 hypotheses
1369 553 1394 600 iu
1407 551 1492 601 calcuh

138 621 302 690 tamnomico
327 626 397 676 mehr
419 626 457 674 uit
478 626 525 673 mit
542 623 595 674 sich
613 626 730 689 pringen.
758 623 825 673 daun
844 623 973 686 Copemici
990 624 1140 687 hypotheses
1163 623 1237 673 auch.
1275 623 1310 673 Es
1328 628 1396 672 ure
1419 623 1493 673 besses

137 701 178 753 fils
202 699 273 760 ihus,
300 713 326 751 er
344 689 414 747 hetta
438 697 483 747 das
501 697 552 747 lert
571 694 668 760 Capitol
687 695 849 760 ruderwegen
868 695 1001 761 galuren,
1029 695 1098 744 wtird
1116 695 1182 744 ihme
1201 694 1282 745 selber
1305 693 1340 744 sil
1358 692 1435 745 Muto
1451 695 1492 745 rud

138 772 236 834 arbeytt
253 771 389 835 vergebens
407 766 526 826 machon,
546 767 595 817 rud
614 766 678 817 doch
696 767 734 816 uit
752 766 864 817 erhalten
882 773 982 831 mbgen‚
1002 767 1033 816 ob
1052 782 1078 816 er
1096 765 1171 817 sebon
1191 766 1240 817 deu
1260 765 1490 831 Landgrsffeudar·

137 843 198 895 llber
216 857 273 897 aum
291 839 448 892 Schirmhem
468 853 657 906 angenommen.

208 912 323 977 Denique
341 913 364 963 d
385 909 426 960 28.
448 909 505 961 Oct.
524 910 589 961 haec
607 910 749 974 perscripsit
766 909 832 958 idem
850 908 983 958 Roeslinus
1002 908 1152 959 Maestlino:
1172 905 1303 968 Quantum
1322 922 1354 959 ex
1366 907 1491 959 husam·

137 985 263 1055 intelligo,
291 986 418 1048 utriusque
438 989 464 1032 et
482 982 606 1045 Tychouis
625 987 650 1031 et
668 980 786 1043 Raymari
813 981 863 1030 iere
887 987 925 1030 est
943 996 996 1030 una
1015 988 1041 1030 et
1059 981 1147 1031 eadem
1165 980 1293 1029 sonando
1316 978 1349 1029 de
1367 986 1491 1042 systemaa

136 1056 235 1114 mundi,
265 1062 291 1107 et
316 1056 443 1105 amborum
468 1053 572 1104 eaedem
594 1053 646 1103 iere
669 1051 827 1116 hypotheses.
874 1051 1006 1101 Confessus
1031 1052 1130 1117 quidem
1153 1050 1212 1100 mihi
1231 1057 1270 1100 est
1295 1049 1451 1114 Raymsrus.
1472 1067 1491 1103 se

137 1127 261 1192 Tychonls
280 1126 424 1191 discipulum
443 1125 518 1175 luisse
536 1124 575 1174 rel
592 1126 674 1188 potius
692 1123 835 1186 Tychonem
854 1136 900 1173 sua
918 1138 993 1186 opera
1010 1124 1035 1173 in
1055 1122 1212 1174 observandis
1232 1130 1258 1172 et
1272 1121 1432 1173 cdculsndis
1448 1122 1490 1186 plo

137 1206 252 1251 uentum
270 1200 376 1249 motibus
394 1211 466 1246 usum
483 1196 573 1250 luisse.
600 1196 644 1246 sed
660 1195 803 1258 Pythonem
822 1194 924 1245 alterius
943 1210 998 1245 esse
1016 1196 1157 1246 sententiae
1176 1193 1278 1244 dicebat
1298 1201 1327 1244 et
1344 1194 1491 1259 proximesd

137 1270 276 1321 Ptolemaei
299 1268 447 1333 hypotheses
471 1268 604 1324 accedere;
631 1273 657 1318 et
679 1267 790 1317 addebat
815 1266 890 1315 etiam
909 1266 1051 1329 Tychonem
1074 1267 1100 1316 in
1119 1272 1173 1316 arte
1196 1265 1268 1315 illum
1285 1280 1339 1324 nou
1358 1280 1415 1316 esse
1431 1281 1491 1331 pum

137 1342 208 1393 multi
227 1342 376 1398 existiment,
395 1339 546 1404 astrologum
563 1340 643 1403 potius
662 1353 716 1389 esse
735 1352 809 1401 quarn
828 1343 1008 1396 astronomum,
1028 1353 1075 1388 nec
1094 1338 1270 1401 praestiturum
1288 1336 1360 1387 illum
1380 1351 1421 1393 es,
1438 1351 1489 1405 pree

138 1414 170 1471 de
188 1427 218 1464 eo
235 1412 307 1463 multi
324 1413 370 1462 sibi
388 1410 542 1480 pollicentur.
580 1409 630 1461 Sed
648 1416 768 1474 quantum
788 1424 818 1459 ex
836 1409 913 1459 literis
932 1411 980 1460 tuis
999 1424 1135 1476 cognosco.
1164 1408 1257 1474 aliquid
1275 1415 1347 1459 certe
1370 1410 1489 1474 praestiti

141 1483 183 1536 sio
201 1499 265 1535 uuus
283 1484 378 1535 inridet
396 1482 476 1539 alteri,
496 1481 560 1547 quod
580 1497 629 1530 non
647 1482 721 1531 decet
738 1483 764 1530 in
784 1481 910 1545 discipulo.

209 1555 226 1606 J
234 1555 379 1606 ohannes
398 1552 596 1603 Christierni
616 1549 727 1614 (Dauus,
753 1552 863 1602 medicus
881 1552 985 1615 posthac
1003 1549 1096 1615 Ripae)
1116 1565 1188 1616 quern
1214 1550 1276 1601 dicit
1295 1550 1383 1615 Tycha
1404 1550 1487 1603 „dome

144 1625 261 1684 sticum“,
280 1627 345 1677 haec
363 1625 474 1688 Tychoni
493 1625 537 1674 dst
556 1622 648 1688 (Lugd.
668 1623 727 1672 Bet.
747 1624 771 1674 d.
794 1620 834 1672 18.
853 1623 914 1686 Maj.
935 1619 1038 1682 1598.);

208 1697 240 1747 la
260 1697 317 1749 Ursi
335 1698 452 1760 scriptum
470 1709 545 1760 supra
562 1695 661 1746 modurn
679 1695 827 1746 virulentum
846 1710 876 1744 ac
894 1694 964 1744 futile
984 1703 1031 1752 est,
1051 1695 1113 1746 adeo
1132 1701 1160 1744 ut
1178 1701 1278 1758 praeter
1299 1695 1486 1749 calumniasse·

53 1826 59 1835 „
138 1770 228 1821 laudas
246 1772 271 1819 in
290 1776 316 1819 te
333 1768 469 1819 mendaciis
488 1775 567 1817 tetum
586 1773 701 1817 scateret.
741 1766 841 1829 Quaeso
859 1766 917 1831 quid
935 1767 1022 1816 ironiis
1040 1766 1103 1817 Urso
1121 1767 1192 1828 huic,
1214 1767 1256 1831 qui
1275 1769 1333 1817 sine
1352 1769 1488 1821 nomimis

140 1842 290 1897 comminisci
308 1856 358 1890 nou
377 1845 482 1892 veretur.
503 1853 533 1888 ac
552 1840 573 1887 si
591 1845 652 1889 tuae
669 1839 833 1902 hypotheseos
852 1840 943 1902 pumus
963 1846 1050 1888 auctor
1068 1840 1195 1890 exuisset.

210 1912 346 1977 Postquam
363 1911 526 1975 superioribus
545 1911 617 1960 annis
637 1925 693 1960 cum
711 1910 803 1960 Erico
822 1910 961 1975 hangio.
990 1912 1030 1961 cni
1054 1917 1114 1960 tunc
1132 1911 1296 1967 inserviebat,
1322 1911 1487 1977 Urauiburgru

142 1985 277 2050 appulisset
295 1997 327 2035 so
346 1984 501 2049 cognovisset
519 1984 583 2033 iuter
602 1988 700 2038 cetera,
719 1989 744 2032 te
764 1997 820 2032 curn
839 1982 936 2046 Langio
954 1983 1079 2047 quaedam
1098 1982 1141 2032 abs
1160 1990 1186 2032 te
1206 1984 1353 2048 excogitata
1371 1985 1485 2034 commuui-

138 2071 218 2115 casse,
238 2057 346 2107 curiosus
364 2061 393 2105 ut
412 2062 474 2116 erat,
494 2059 519 2103 te
537 2054 615 2103 inscio
635 2067 719 2103 omues
732 2053 830 2103 Musaei
850 2054 961 2118 angulos,
981 2070 1066 2104 omues
1084 2054 1196 2120 pagellas
1208 2061 1266 2105 tuas
1282 2055 1408 2116 lustravit,
1427 2056 1485 2107 dones

140 2128 203 2179 torte
221 2129 247 2177 iu
265 2127 411 2178 schedulam
428 2125 562 2191 quandam,
582 2125 607 2174 in
625 2140 676 2190 gna
693 2125 756 2175 hoec
775 2131 820 2175 tua
838 2125 980 2190 hypothesis
999 2141 1100 2176 erronee
1119 2140 1149 2177 ac
1168 2127 1242 2177 dubio
1260 2126 1350 2190 procul
1369 2127 1485 2179 estudicss

139 2199 246 2265 quodam
264 2204 306 2248 tuo
326 2199 406 2249 obiter
424 2198 552 2247 delineata
570 2204 640 2254 erat,
660 2196 803 2252 incidisset,
822 2196 871 2248 hac
890 2204 998 2261 arrepta,
1016 2205 1145 2262 postquam
1162 2199 1189 2248 iu
1208 2199 1374 2249 Germaniam
1392 2213 1419 2248 se
1436 2213 1484 2249 rece

138 2272 223 2334 pient,
243 2270 336 2334 passim
352 2273 405 2333 jam
424 2270 492 2319 velut
509 2283 581 2319 snam
605 2275 631 2319 et
649 2282 665 2318 a
683 2283 710 2318 se
736 2269 864 2320 metutam
883 2268 1005 2327 exhibuit,
1031 2285 1081 2319 non
1100 2284 1171 2320 secus
1195 2284 1226 2320 ac
1251 2271 1340 2321 asinus
1363 2273 1484 2334 mymenm

156 2349 248 2392 cneus.

140 2359 154 2407 p
211 2412 316 2462 Proinde
335 2411 498 2461 cerhmimum
518 2415 569 2466 est,
594 2409 682 2460 librum
700 2416 771 2459 tuum
789 2411 820 2460 de
840 2409 945 2462 Cometa
963 2413 1022 2460 anni
1041 2407 1083 2459 77.
1103 2410 1252 2476 Uraniburgi
1275 2412 1328 2462 teris
1345 2413 1413 2477 typis
1429 2412 1483 2463 trae

140 2485 284 2547 impressum
307 2495 373 2532 anuo
397 2479 440 2530 87.
461 2480 622 2547 (quamquam
646 2488 734 2545 postea
759 2495 851 2532 annum
876 2480 919 2534 88.
938 2484 1043 2546 imprimi
1065 2480 1188 2545 voluisti),
1215 2483 1279 2534 adeo
1303 2491 1348 2543 ut,
1375 2492 1482 2549 postqum

139 2555 216 2609 Ursus
242 2556 397 2620 Argentinao
421 2559 475 2603 tum
497 2553 590 2620 degens
614 2553 702 2604 librum
727 2554 793 2604 hunc
811 2559 881 2604 tuum
903 2555 1022 2620 prodiisse
1045 2556 1213 2618 cognovisset,
1240 2557 1400 2608 couscientia
1420 2561 1482 2606 aces

140 2632 237 2679 mature
255 2627 301 2680 sibi
320 2624 517 2691 prospiciendum
536 2625 639 2681 durent,
659 2630 684 2674 et
703 2626 790 2676 eodem
808 2624 851 2674 88.
870 2629 983 2692 Augusto
1002 2626 1199 2677 Fundamentum
1218 2641 1291 2677 suum
1304 2630 1481 2683 amonentem
1522 2688 1524 2697 Ι

140 2698 228 2753 ezceh
247 2699 371 2751 curaverit
388 2696 550 2765 Argentinae,
570 2699 687 2763 ignoraus
705 2697 792 2747 librum
811 2704 881 2747 tunm
900 2712 965 2748 anuo
984 2699 1149 2749 antecedente
1164 2697 1240 2750 luisse
1257 2698 1363 2749 editum.
1398 2699 1426 2751 Id
1435 2696 1481 2764 prol

138 2771 207 2856 risus
225 2770 297 2822 testis
309 2773 372 2820 ’cum
390 2769 472 2820 multis
491 2769 561 2826 aliis,
587 2770 629 2833 qui
652 2770 678 2818 iu
697 2770 785 2819 studiis
804 2771 974 2820 asmonomicis
993 2770 1120 2821 domestici
1144 2784 1257 2827 eramus,
1288 2777 1357 2821 certo
1381 2771 1479 2822 edimur
1521 2758 1524 2843 ff

138 2856 287 2964 l’wiltsire
306 2914 389 2978 igitur.
408 2918 466 2964 utut
482 2911 593 2976 plagium
612 2926 683 2960 suurn
702 2911 834 2962 defendere
854 2919 970 2969 conetur,
990 2911 1081 2961 fmstra
1098 2911 1196 2963 laborat
1213 2926 1245 2963 ac
1262 2920 1361 2964 munere
1379 2919 1404 2964 et
1419 2913 1477 2976 inpr-
1521 2900 1524 2985 ff

140 2983 227 3036 denter
250 2999 277 3035 se
296 2987 349 3047 eJus
369 2985 474 3049 primum
496 2986 649 3033 inventorem
664 2984 781 3045 jactitat,
807 2990 835 3032 ut
859 2989 972 3044 taceam,
1000 2984 1065 3048 guod
1089 2998 1133 3048 per
1149 2983 1307 3034 Rothmanni
1324 2984 1477 3037 indicationem
1518 2988 1524 3025 *-

139 3052 188 3116 (uti
205 3056 359 3106 mendacitor
375 3056 416 3105 ille
434 3051 636 3116 comminiscitur)
655 3069 711 3104 eam
729 3067 886 3119 nequaquam
904 3056 1037 3119 acceperis.
1520 3028 1524 3115 ¹,

211 3126 326 3190 Denique
345 3127 410 3190 quod
428 3126 632 3191 Apollonium
650 3125 823 3192 Pergaeam
843 3128 947 3183 attinet,
966 3141 1011 3176 nos
1030 3140 1128 3181 omncs.
1147 3127 1189 3190 qui
1206 3128 1243 3176 tui
1262 3126 1377 3191 discipuli
1394 3138 1475 3178 amus
1522 3122 1524 3191 ξ

140 3197 308 3249 indubitanter
325 3204 458 3256 testamur,
486 3197 580 3247 nullum
598 3199 631 3247 ibi
649 3197 754 3262 Pangaei
773 3199 902 3260 scriptum,
928 3199 992 3262 quod
1012 3198 1042 3248 de
1060 3197 1235 3263 hypothesibus
1255 3207 1356 3265 ageret,
1383 3199 1475 3251 exstes
1520 3210 1524 3285 1

142 3283 190 3319 nec
208 3275 234 3318 te
253 3270 394 3333 quempiam
413 3270 487 3318 alium
506 3272 558 3331 eJ'us
577 3269 691 3319 librorum
709 3268 833 3327 babuisse,
853 3276 953 3332 praeter
971 3285 1027 3319 eum
1045 3270 1086 3334 qui
1104 3269 1135 3319 de
1154 3267 1252 3320 Conicis
1270 3273 1334 3336 agit.
1522 3318 1524 3355 Ι

212 3340 286 3402 Quod
304 3339 381 3390 Ursus
404 3341 529 3390 insinuare
547 3340 600 3389 vult
619 3339 824 3405 Copernicum
850 3341 902 3390 tale
927 3341 985 3406 quid
1009 3341 1139 3405 protulisse
1164 3348 1239 3404 atque
1264 3341 1411 3407 hypothesis
1428 3339 1474 3388 bant
1521 3388 1524 3401 ,

138 3412 264 3470 innuisse,
290 3410 316 3461 id
339 3413 450 3462 existimo
473 3411 648 3477 redargutione
672 3427 721 3461 nou
745 3412 868 3478 indigere.
898 3427 954 3461 curn
973 3414 1033 3462 satis
1053 3418 1150 3462 constet
1173 3413 1223 3462 ista
1247 3427 1364 3478 perverse
1388 3413 1417 3463 ab
1430 3409 1474 3461 aas
1522 3410 1524 3469 ζ

139 3482 218 3535 allata
235 3483 319 3533 luisse.
1522 3482 1524 3497 '

210 3553 378 3605 Obtrectatori
396 3554 453 3605 huic
470 3554 618 3618 respondere
640 3561 667 3606 te
685 3558 803 3618 majorem
823 3555 874 3603 scio
894 3561 920 3605 et
938 3569 1056 3620 agnosco.
1092 3555 1200 3604 Faciant
1223 3555 1288 3606 torte
1312 3556 1369 3614 alii,
1392 3554 1473 3604 licetlt
1522 3576 1524 3585 ·

33 3682 36 3687 y
138 3625 208 3676 illum
225 3626 402 3692 redargutione
420 3626 548 3692 indignum
567 3641 684 3683 consonet
710 3633 736 3676 et
753 3627 841 3675 merito
866 3627 979 3689 quidem,
1008 3626 1065 3691 quid
1097 3627 1163 3675 euim
1187 3640 1289 3677 curares
1308 3627 1365 3678 Ursi
1381 3635 1474 3676 vestm

137 3697 280 3749 insaniam?
305 3713 378 3764 quem
397 3704 491 3749 certum
509 3705 548 3749 est
566 3712 595 3747 eo
614 3699 739 3748 amentim
759 3697 896 3748 adductum
909 3699 986 3747 tuisse
1004 3697 1075 3752 olim,
1099 3711 1154 3747 cnm
1174 3697 1255 3748 adhuc
1279 3700 1306 3748 in
1324 3697 1409 3749 Denis
1422 3692 1474 3744 niui-

138 3774 216 3820 strum
232 3769 324 3835 Langii
343 3777 437 3835 agaret,
456 3777 486 3820 ut
503 3770 625 3833 plerisque
642 3772 693 3818 suis
711 3769 778 3819 libris
796 3771 853 3834 igue
872 3770 1005 3821 combustis
1023 3770 1069 3818 sibi
1088 3783 1104 3818 a
1122 3769 1231 3832 patibulo
1250 3770 1364 3830 timeret;
1390 3771 1425 3819 its
1436 3777 1474 3814 stt·

137 3841 245 3905 tiglnoso
265 3843 375 3906 agitems
393 3841 493 3891 cerebro
513 3841 620 3891 crebrius
639 3841 735 3905 hangio
756 3841 788 3890 ad
806 3841 881 3902 pedes
900 3841 1005 3904 supplex
1022 3841 1166 3904 procubuit,
1193 3840 1273 3891 donec
1298 3844 1330 3892 ab
1349 3857 1379 3892 eo
1400 3833 1475 3895 litem

138 3910 199 3963 nihil
217 3915 298 3977 magis
316 3914 342 3962 in
360 3914 422 3962 rotis
440 3912 535 3963 habuit.
572 3912 629 3961 Noli
652 3913 727 3977 igitur
750 3912 782 3962 ad
802 3910 869 3962 efferi
892 3910 965 3975 hujus
983 3911 1039 3962 Ursi
1063 3912 1219 3976 impudentes
1242 3915 1335 3963 mereri
1354 3909 1474 3963 mnnita

137 3982 183 4033 sed
199 3989 272 4046 prout
290 3998 320 4032 ex
338 3984 390 4033 alto
409 3983 483 4033 Luna
500 3984 591 4034 rabiosi
610 3985 680 4034 canis
698 3984 817 4034 latratum
835 3983 896 4032 nihil
913 3990 1036 4041 moratur,
1062 3985 1100 4033 ita
1123 3989 1149 4034 et
1166 3983 1233 4034 hanc
1251 3991 1314 4035 tuae
1333 3977 1475 4036 cenom

137 4053 235 4104 illatam
253 4054 368 4118 injuriam
386 4055 458 4104 flocci
476 4055 570 4117 peuda,
600 4061 666 4106 certo
685 4061 798 4105 statuens
820 4054 901 4104 nullos
919 4054 970 4105 iore
989 4057 1052 4104 vires
1072 4055 1198 4116 cordatos,
1224 4057 1266 4121 qui
1285 4070 1335 4106 non
1355 4059 1475 4120 Juststaa

137 4124 309 4191 indignatione
327 4127 445 4190 scriptum
462 4125 522 4174 illud
541 4128 731 4189 supramodum
749 4126 897 4176 maledicum
918 4140 949 4177 ac
967 4127 1088 4176 famosum
1106 4126 1201 4192 legant
1239 4127 1313 4179 Vale.

210 4195 389 4247 Testimonium
407 4196 522 4261 denique,
541 4198 605 4262 quod
624 4199 761 4248 hansmisit
780 4213 835 4250 cum
853 4199 992 4262 praemissis
1011 4198 1096 4262 Tycho
1114 4198 1239 4263 Keplere,
1260 4200 1374 4258 ,scribae
1390 4189 1474 4260 Luri‘

139 4265 227 4330 (llich.
247 4264 392 4328 waltheri),
409 4266 457 4317 hoc
476 4276 527 4319 est:

209 4339 283 4391 Erich
301 4339 402 4405 Langes
420 4340 473 4390 sein
492 4338 633 4391 Schraiberr
651 4339 836 4397 Rekauntnuss,
854 4353 906 4390 aas
924 4340 974 4390 ihm
992 4341 1100 4392 beyuest
1116 4356 1164 4391 ron
1183 4341 1240 4393 dem
1256 4340 1322 4393 Urso
1333 4336 1489 4413 asmentia,

210 4479 391 4533 Verueichnuss
417 4480 518 4532 etlicher
537 4479 644 4542 Stucke,
669 4496 720 4532 vas
743 4484 789 4532 mir
810 4499 859 4532 ron
877 4485 958 4534 eiuem
980 4485 1026 4534 mit
1047 4498 1139 4535 namen
1158 4484 1190 4535 N.
1210 4484 1274 4535 Urso
1293 4482 1374 4537 Dion.
1396 4483 1476 4536 ΜΝ»

242 4551 350 4604 welches
368 4553 415 4618 bey
432 4554 539 4604 munem
555 4552 683 4605 Junciern
703 4554 759 4605 dom
777 4555 857 4605 Edlen
875 4556 926 4607 und
945 4555 1114 4607 Ehrenresten
1132 4556 1207 4607 Erich
1220 4555 1317 4623 ,Lange
1333 4557 1448 4624 gedleust

208 4694 264 4745 Wie
283 4708 310 4745 er
327 4708 360 4744 zu
376 4694 484 4746 meinem
501 4692 629 4745 Juuckern
647 4695 774 4754 kommsn,
802 4697 848 4746 hat
866 4711 892 4748 er
910 4697 962 4747 sich
981 4698 1143 4765 angelssseu.
1172 4699 1210 4751 als
1228 4702 1398 4752 manmit
1412 4696 1479 4749 stlat!

138 4764 239 4821 Sscbeu
262 4771 340 4819 stru
357 4765 440 4837 rechts
458 4766 509 4816 und
527 4765 678 4817 sonderlichs
697 4769 751 4817 sein
769 4768 848 4818 sollte.
885 4768 982 4820 Jedoch
999 4769 1045 4821 hat
1062 4785 1089 4820 er
1106 4771 1159 4822 sich
1176 4770 1224 4821 viel
1243 4762 1404 4822 andeu'rou
1420 4778 1482 4834 ψ

139 4853 171 4890 au
188 4842 281 4906 men.
303 4851 392 4905 regen
408 4838 490 4891 seises
509 4836 664 4904 mdffiigsu
682 4837 843 4891 Sobvatzeus
866 4840 918 4898 und
935 4840 1118 4909 leicbtiertigeu
1136 4841 1326 4909 Dispntlerens,
1348 4841 1449 4897 welch!
1462 4849 1482 4889 et
