3278 5542
139 335 202 405 104
544 283 549 291 ¹
676 338 790 404 ΒΜ·
808 338 962 390 Mem

137 504 267 574 demae,
291 501 359 563 hinc
381 498 601 579 provinciarum
625 498 900 577 circumjacentium
922 501 1089 578 respectus.
1129 500 1215 562 lllinc
1233 519 1363 580 namque
1386 500 1500 563 multos

137 611 154 654 e
177 589 337 653 nobilitate
347 588 499 663 videbam,
516 589 565 666 qui
582 607 630 649 me
654 588 702 648 vel
727 588 867 649 audivere
892 589 1057 663 docentem,
1081 591 1130 651 vel
1154 589 1301 652 communi
1321 608 1429 651 mensa
1447 598 1499 652 aut

136 679 331 743 contubernio
354 697 420 739 meo
444 678 490 739 usi
513 696 559 738 ma
583 677 704 756 propius
727 688 947 756 cognoverunt,
978 697 1073 758 exque
1097 697 1133 738 eo
1152 687 1287 757 tempore
1312 676 1496 740 benevolen-

136 770 212 832 tiam
244 788 263 830 a
293 767 430 850 patribus
463 767 491 827 in
526 784 559 826 se
592 766 761 827 derivatam
793 783 866 844 erga
893 785 939 827 me
968 775 1169 840 conservant,
1193 767 1358 847 quibusque
1382 767 1499 846 pollent

137 857 242 939 copiis,
266 857 482 930 demonstrant,
509 855 665 936 dignitatis
689 863 720 916 et
735 854 853 934 gratiae
868 852 1038 916 Caesareae
1054 856 1183 917 fructum
1197 875 1251 936 per
1269 855 1497 918 beneficentiam

136 947 310 1026 exigentes:
345 964 400 1007 nec
432 945 541 1006 desunt
574 964 612 1005 ex
644 944 917 1005 ecclesiasticorum
950 964 1084 1020 numero,
1111 946 1160 1025 qui
1183 964 1242 1006 uon
1265 945 1381 1017 minus,
1409 962 1496 1027 quam

136 1044 347 1098 antecessores
372 1034 433 1109 sui,
459 1041 491 1095 et
513 1042 596 1094 artes
619 1033 850 1095 mathematicas
874 1040 906 1094 et
930 1053 975 1095 me
999 1035 1144 1096 cultorem
1166 1042 1289 1107 amant,
1323 1051 1432 1114 meque
1458 1033 1496 1095 ad

136 1144 170 1188 ss
194 1123 380 1198 invisendos,
404 1123 431 1184 si
454 1123 560 1185 turbae
585 1121 840 1202 conquievisseut,
865 1122 902 1183 de
925 1123 1090 1202 propinquo
1113 1143 1146 1184 se
1170 1130 1349 1185 evocaturos
1374 1123 1496 1186 nuntia·

136 1220 216 1276 runt.
263 1211 395 1289 Dignum
427 1211 519 1290 igitur
549 1218 617 1272 erat
644 1230 712 1271 mea
733 1211 763 1271 in
788 1218 930 1291 utrosque
954 1212 1155 1289 gratitudine,
1188 1222 1223 1275 ut
1246 1211 1353 1291 quibus
1376 1230 1494 1292 possem

136 1301 249 1365 mutuis
273 1300 379 1361 officiis
402 1309 506 1361 tantos
530 1299 664 1362 fautores
687 1300 880 1379 percolarem,
904 1300 1090 1380 ampliusque
1114 1300 1259 1362 demereri
1282 1301 1448 1363 studerem.

227 1390 305 1451 Hinc
328 1408 399 1450 vero
424 1408 461 1449 ex
482 1397 569 1467 parte
583 1388 728 1450 Austriae
748 1389 888 1470 pavidam
908 1389 1116 1468 imbellemque
1131 1391 1346 1451 astronomiam
1366 1390 1493 1452 circum-

138 1478 255 1542 stantia
278 1477 427 1557 pericula,
453 1484 599 1551 terrores,
625 1478 825 1550 calamitates,
853 1496 1013 1538 aerumnae
1039 1478 1163 1540 subinde
1188 1479 1351 1540 admonent
1375 1479 1413 1540 de
1436 1470 1493 1541 cir-

139 1566 369 1647 cumspiciendis
393 1566 523 1628 auxiliis.
572 1566 726 1628 Transivit
758 1567 810 1628 illa
834 1588 862 1626 a.
886 1562 971 1629 1600
1004 1587 1019 1628 e
1049 1566 1154 1648 Styria
1180 1569 1211 1629 iu
1235 1567 1435 1643 Bohemiam,
1466 1574 1497 1630 ut

140 1675 217 1738 quae
241 1657 296 1719 sub
319 1655 502 1718 Austriacae
527 1655 633 1716 domus
665 1657 771 1717 umbra
794 1657 907 1736 primas
930 1657 1048 1724 radices
1071 1664 1194 1734 egerat,
1226 1656 1334 1718 eadem
1364 1657 1422 1719 snb
1448 1657 1498 1718 illa

140 1756 173 1808 et
195 1754 424 1808 maturesceret.
472 1744 517 1805 lbi
551 1746 633 1806 varie
662 1746 783 1825 jactata
806 1767 824 1806 a
847 1745 1080 1826 tempestatibus
1104 1745 1263 1818 bellorum,
1288 1755 1351 1807 tam
1376 1746 1497 1809 intesti-

139 1853 243 1898 uomm
268 1854 357 1915 quam
385 1841 593 1908 externorum,
625 1836 746 1896 tandem
774 1844 845 1915 post
878 1855 1034 1897 excessum
1063 1836 1215 1916 Rudolphi
1246 1835 1440 1915 imperatoris
1470 1854 1497 1896 a.

142 1923 227 1989 1612
251 1924 402 1987 constanti
427 1925 531 1984 domus
555 1925 737 1987 Austriacae
767 1925 865 1985 studio
894 1926 1021 1987 recurrit
1054 1927 1083 1988 in
1107 1925 1284 1986 Austriam:
1310 1925 1361 1986 ubi
1386 1925 1499 1987 utinam

140 2034 229 2095 quam
253 2014 380 2094 benigue
404 2023 532 2092 excepta
556 2023 587 2076 et
612 2015 690 2088 fota,
716 2022 778 2076 tam
802 2015 937 2094 impensa
961 2033 1173 2093 generosarum
1201 2012 1343 2075 mentium
1368 2032 1498 2093 occupa·

139 2105 221 2166 tione
246 2105 318 2175 (nou
342 2103 440 2164 minus
465 2111 554 2182 atque
579 2124 598 2163 a
620 2123 667 2164 rue
692 2106 755 2183 ejus
778 2103 996 2175 instauratore)
1024 2103 1134 2186 percoli
1164 2103 1323 2183 potuisset.
1377 2104 1500 2176 Verum,

139 2194 232 2266 eheu,
267 2192 389 2273 quantis
414 2211 481 2252 sese
506 2201 608 2252 mutuo
632 2193 717 2253 bonis
742 2204 854 2253 exuunt
877 2194 1021 2254 mortales
1046 2193 1145 2253 miseri
1177 2211 1232 2271 per
1262 2191 1397 2254 scabiem
1427 2210 1501 2253 con·

139 2283 306 2344 tentionum
330 2280 560 2362 turpissimam?
620 2278 719 2350 Quam
744 2281 911 2360 profunda,
942 2284 985 2343 sic
1018 2282 1159 2354 meritos,
1194 2280 1293 2342 obmit
1329 2280 1503 2357 ignorantia

141 2370 220 2432 lati?
267 2366 366 2438 Quam
390 2368 576 2430 lamentabili
609 2369 734 2430 consilio
765 2370 885 2448 „ignem
918 2370 987 2431 dum
1016 2371 1164 2449 fugimus,
1187 2369 1304 2432 medios
1322 2368 1503 2432 incurrimus

139 2457 265 2538 ignes?“
291 2456 415 2520 Utinam
438 2476 510 2543 vero
534 2458 716 2527 etiamnunc,
739 2467 811 2538 post
833 2468 1023 2521 consecutam
1052 2478 1150 2520 rerum
1173 2457 1404 2520 Austriacarum
1428 2478 1504 2521 con·

139 2547 318 2621 versionem,
344 2546 426 2607 locus
450 2547 583 2626 supersit
605 2547 648 2608 illi
665 2547 800 2608 Platonis
824 2549 955 2622 oraculo,
981 2547 1040 2628 qui,
1065 2566 1131 2609 cunr
1155 2545 1269 2608 Gracia
1293 2548 1382 2626 longo
1406 2556 1440 2608 et
1458 2546 1503 2608 ci·

140 2635 193 2697 vili
216 2634 297 2696 bello
322 2634 443 2696 arderet
465 2637 613 2716 undique,
638 2637 784 2716 malisque
809 2645 970 2698 vexaretur
992 2637 1146 2710 omnibus,
1178 2655 1253 2716 quae
1278 2636 1367 2697 civile
1392 2637 1504 2697 bellum

141 2722 279 2787 comitari
303 2724 416 2793 solent,
442 2726 597 2787 consultus
622 2744 712 2805 super
733 2727 922 2805 problemate
951 2726 1091 2794 Deliaco,
1116 2725 1252 2804 quaesito
1277 2731 1441 2806 praetextu
1465 2724 1505 2786 ad

140 2812 330 2893 suggerenda
353 2813 471 2893 populis
494 2814 808 2891 consiliasalutaria,
843 2816 887 2876 ita
919 2816 1035 2876 demum
1064 2813 1256 2892 tranquillam
1287 2832 1324 2873 ex
1347 2814 1503 2893 Apollinis

140 2901 293 2965 sententia
317 2900 479 2964 Graeciam
503 2904 632 2967 futuram
657 2905 822 2985 respoudit,
847 2905 873 2965 si
896 2924 930 2965 se
959 2904 997 2964 ad
1021 2903 1218 2983 geometriam
1247 2910 1409 2982 ceteraque
1433 2903 1504 2982 pbi-

140 2990 297 3070 losopbica
319 2991 421 3053 studia
445 2990 555 3053 Graeci
580 2994 819 3055 convertissent:
845 2993 915 3072 quia
938 2992 1013 3053 haec
1032 2993 1134 3054 studia
1148 2991 1264 3052 animos
1283 2991 1321 3052 ab
1336 2991 1504 3054 ambitione

141 3086 173 3141 et
194 3078 317 3159 reliquis
341 3081 570 3161 cupiditatibus,
600 3101 638 3142 ex
662 3081 768 3161 quibus
791 3081 872 3143 bella
896 3088 928 3142 et
950 3087 1053 3142 cetera
1076 3081 1157 3142 mala
1180 3080 1328 3154 existunt,
1349 3081 1389 3142 ad
1415 3099 1502 3143 amo-

140 3167 310 3248 tempatis
334 3174 366 3229 et
389 3168 624 3231 moderationem
644 3170 673 3230 iu
698 3171 834 3232 omnibus
857 3169 947 3232 rebus
972 3170 1165 3231 adducerent.

230 3255 355 3319 Utinam
380 3257 506 3336 denique
526 3257 592 3336 jam
616 3259 786 3339 suppressis
819 3259 910 3320 armis
938 3266 1056 3320 tantum
1080 3260 1168 3319 detur
1190 3258 1377 3322 induciarum
1402 3278 1422 3318 a
1446 3256 1505 3318 mi·

143 3344 251 3419 seriis,
284 3353 319 3405 ut
350 3345 425 3408 viris
457 3346 544 3407 bouis
576 3355 682 3420 vacet,
717 3348 814 3409 simile
839 3348 990 3428 quippiam
1015 3345 1253 3409 Ciceroniaui
1281 3346 1361 3407 illins
1387 3345 1516 3408 consilii

143 3432 346 3508 comminisci,
373 3435 441 3514 qui,
464 3453 573 3496 eversa
588 3434 745 3516 republica
762 3436 915 3511 Romana,
941 3456 1008 3497 curn
1031 3443 1114 3497 esset
1129 3435 1180 3496 vix
1199 3433 1392 3496 consolabilis
1409 3435 1509 3508 dolor,

142 3522 173 3585 in
202 3521 291 3584 tauta
323 3523 453 3585 omnium
484 3543 582 3586 rerum
610 3524 772 3587 amissione
801 3535 831 3586 et
865 3525 1074 3604 desperatione
1102 3523 1316 3603 recuperandi,
1342 3531 1518 3603 postquam

142 3611 187 3676 illi
210 3611 279 3681 arti,
305 3612 351 3674 cui
375 3614 543 3687 studuerat,
568 3614 641 3676 nihil
666 3633 734 3675 esse
760 3614 827 3688 loci,
853 3633 949 3695 neque
972 3614 1002 3674 in
1026 3613 1109 3675 curia
1132 3632 1228 3692 neque
1251 3613 1280 3672 iu
1305 3613 1382 3687 foro,
1406 3613 1512 3675 vidit:

143 3720 260 3763 omnem
284 3721 370 3763 suam
393 3722 494 3764 curam
519 3711 612 3783 atque
632 3722 754 3783 operam
787 3704 826 3764 ad
853 3703 1073 3784 philosophiam
1101 3702 1247 3775 contulit,
1281 3720 1407 3763 mouens
1433 3700 1519 3764 Sul-

141 3790 249 3870 pitium
272 3810 367 3866 suum,
392 3792 421 3853 iu
445 3792 553 3854 iisdem
576 3791 691 3855 versari
715 3793 814 3867 rebus,
841 3813 930 3873 quae,
956 3792 1075 3853 etiarnsi
1099 3792 1196 3852 miuus
1220 3790 1412 3871 prodessent,
1438 3791 1513 3853 aui·

142 3897 221 3941 mum
244 3887 346 3941 tamen
371 3901 390 3941 a
412 3881 614 3943 sollicitudine
639 3881 824 3943 abducerent
847 3901 923 3962 aque
947 3881 1094 3942 molestiis
1119 3881 1264 3941 levarent.

232 3965 349 4038 Quibus
371 3969 451 4030 votis
475 3969 501 4031 si
525 3969 608 4032 Deus
633 3978 756 4044 annuat,
779 3990 836 4031 non
862 3969 999 4050 equidem
1024 3969 1161 4047 indiguas
1185 3968 1304 4030 homine
1329 3963 1515 4030 Christiano

143 4055 338 4140 voluptates,
353 4076 558 4120 aerumnamm
583 4059 704 4131 solatia,
729 4059 940 4121 mathematice
965 4078 1032 4119 mea
1055 4058 1102 4118 vel
1127 4077 1165 4119 ex
1188 4055 1400 4118 astronomicis
1414 4075 1514 4119 exer-

121 4142 234 4219 citiis,
259 4144 308 4205 vel
327 4164 365 4206 ex
380 4147 632 4226 contemplatione
647 4147 812 4210 divinorum
827 4167 959 4228 opernm,
976 4166 1071 4227 exque
1085 4146 1265 4208 Harmonice
1280 4144 1387 4206 Mundi
1403 4145 1516 4219 (fatali

143 4233 198 4295 illa
221 4233 432 4313 occupatione,
459 4235 489 4295 in
514 4235 681 4298 durissimis
706 4237 804 4298 exacti
827 4236 940 4299 biennii
964 4236 1176 4309 dissonantiis)
1204 4252 1372 4315 proponere
1396 4243 1518 4315 parata

144 4340 264 4402 semper
287 4323 355 4384 erit.
402 4326 447 4385 At
470 4324 541 4403 quia
563 4325 592 4387 in
616 4325 646 4387 id
671 4333 718 4386 est
741 4325 862 4406 incepta
885 4325 960 4386 haee
981 4325 1138 4405 occupatio
1158 4322 1370 4394 astronomica,
1386 4331 1422 4384 ut
1436 4342 1515 4403 per-

138 4411 275 4474 llciatur:
301 4411 370 4491 quid
393 4411 486 4492 igitur
508 4413 564 4474 hoc
578 4414 723 4475 Austriae
747 4422 831 4476 statu
855 4413 1119 4475 calamitosissimo
1141 4413 1243 4492 potius
1263 4420 1346 4490 agat,
1368 4430 1464 4490 quam
1478 4421 1518 4475 ut

142 4499 307 4578 praesidia,
331 4498 439 4580 quibus
462 4501 529 4581 ipsa
551 4501 676 4583 indiget,
693 4503 732 4564 ad
747 4523 840 4583 opera
853 4504 933 4565 inter
946 4502 1079 4565 homines
1098 4502 1259 4581 vulganda,
1284 4500 1382 4579 adque
1398 4519 1516 4565 nomeu

143 4587 306 4666 Rudolphi,
332 4588 460 4652 Tabulis
480 4592 637 4670 perpetuis
660 4593 864 4665 asserendum,
889 4592 1002 4672 pudore
1027 4592 1168 4663 cohibita,
1189 4610 1226 4651 ue
1251 4589 1290 4650 ab
1313 4589 1442 4651 afflictis
1461 4590 1519 4653 uel

145 4676 316 4759 lugentibus
340 4679 439 4740 omnia
460 4688 557 4760 petat,
582 4681 683 4760 potius
707 4682 775 4742 inde
798 4689 948 4761 corruget,
974 4700 1113 4761 quorsum
1137 4679 1241 4741 clades
1255 4679 1348 4752 istae,
1365 4697 1518 4758 quorsum

145 4764 349 4848 prodigiomm
373 4768 548 4831 coelestium
572 4770 761 4850 expiationes
784 4769 1032 4833 horribilissimae
1065 4790 1122 4832 uon
1151 4769 1353 4848 pertigerunt,
1380 4767 1517 4849 denique

148 4857 188 4919 ud
210 4855 354 4941 pristinos
376 4865 531 4938 patronos,
556 4859 595 4921 ad
617 4855 1181 4943 quosdimidioviaejamauuo1612
1199 4857 1517 4941 appropinquaverat,
