3278 5542
738 108 901 161 Pmbn·
1458 105 1500 171 ts

135 266 168 329 in
192 267 366 333 marcedsm
386 274 529 348 erogans
554 285 633 331 noro
656 268 782 344 artifiei,
811 268 922 349 quiex
946 286 1015 331 sere
1043 286 1119 347 opus
1151 267 1306 340 esnisiatr
1334 265 1501 345 cnjmmodi

136 353 291 419 honinem
312 355 577 436 nontoqtopsenm
600 356 658 419 imo
681 355 710 419 in
735 357 807 419 urbe
829 364 1023 437 praesentem
1045 356 1157 428 liabeo,
1181 356 1267 436 cnjus
1283 355 1357 417 mibi
1379 353 1503 434 placant

136 460 242 523 opera.
289 443 389 507 Globo
411 462 484 508 uero
508 444 579 524 quid
603 446 722 526 sculpto
741 464 816 526 opus
840 445 909 508 est?
954 444 1116 525 Pingatur‚
1139 452 1175 506 ut
1194 444 1263 519 ille,
1289 460 1375 524 quem
1391 442 1501 505 Mona·

136 533 196 594 chii
219 533 302 606 vidi,
336 537 422 602 (Junio
441 557 465 592 a.
487 538 569 600 1596,
592 542 751 608 stuttgarffia
769 542 881 593 Gratium
906 542 1043 606 proiectus,
1067 542 1227 594 Monaohium
1249 545 1340 593 manat
1356 539 1502 607 Kaplerns.)

136 621 277 701 Apiani
301 641 394 706 opus,
419 623 610 705 quiquidem
634 626 726 687 etiam
749 624 856 687 stellas
880 625 953 686 lecit
975 625 1133 685 exemtiles
1160 631 1284 704 propter
1308 624 1501 703 praecessio-

136 727 206 771 nem
231 711 496 790 aequinoctiorum.

207 866 403 932 nauesque
422 870 574 919 sententiam
593 869 623 918 tle
642 871 785 919 innovanda
803 872 901 933 ponitus
920 884 965 920 seu
984 869 1140 920 dissolvenda
1158 869 1275 918 machina
1287 870 1397 927 coelesti,
1417 885 1500 934 quam.

135 944 164 987 ut
182 952 197 988 a
215 936 346 989 Massilini
361 939 456 1001 jndicio
474 954 550 1004 supra
568 942 690 1005 proposito
709 947 736 989 et
754 957 768 991 s
786 941 945 1006 sequentibus
963 942 1068 1006 patebit,
1085 940 1159 1004 plane
1178 941 1298 990 diversam
1319 942 1350 990 ab
1369 956 1408 997 ea,
1427 955 1500 1006 quam

136 1023 213 1073 supra
230 1011 336 1074 principi
353 1012 500 1074 scripserat,
526 1011 705 1060 conficiendam
724 1016 863 1070 statuerat,
888 1012 1036 1062 Maestlinus
1055 1024 1130 1076 aegre
1148 1011 1259 1068 istebat,
1285 1013 1420 1076 anxiusque
1437 1011 1501 1062 hasa

134 1076 263 1144 rescripsit
280 1079 318 1141 (tl.
337 1077 380 1130 ³0.
395 1080 451 1131 Oct.
465 1076 502 1142 (9.
516 1078 593 1142 Nos)
610 1079 706 1141 1597);
730 1082 768 1132 De
785 1098 858 1146 opere
878 1090 996 1148 mgenteo
1015 1082 1074 1147 quid
1091 1083 1197 1132 scribam
1215 1083 1389 1147 propemodum
1407 1084 1500 1140 nescio,

135 1165 288 1216 quamquam
306 1151 437 1202 scribenda
454 1151 534 1201 multa
551 1152 676 1203 haberem.
714 1152 786 1213 Quae
809 1156 879 1202 initio
902 1156 1044 1204 metuebam
1066 1159 1092 1203 st
1114 1154 1206 1204 tacitus
1231 1168 1328 1204 mecum
1351 1154 1501 1219 cogitabam,

136 1222 273 1272 fflsersre
293 1229 378 1273 autem
399 1237 475 1273 ausus
493 1238 543 1272 nou
562 1224 606 1281 ini,
625 1239 657 1274 ea
672 1228 726 1289 jam
744 1227 869 1275 eveniunt.
906 1224 1004 1283 Metui.
1024 1225 1119 1289 oblique
1138 1226 1214 1274 etiam
1232 1225 1295 1282 disi,
1315 1227 1435 1274 immanes
1454 1240 1500 1275 nec

135 1292 280 1344 tolerabiles
297 1294 357 1343 illud
375 1300 470 1344 sumtus
488 1295 667 1358 requisiturum.
706 1295 858 1346 Dissuadere
877 1310 951 1346 susus
969 1312 1018 1345 nou
1037 1296 1085 1353 fui,
1109 1310 1141 1345 ne
1160 1295 1227 1345 allud
1245 1311 1285 1345 me
1303 1310 1421 1360 quaerere
1439 1297 1500 1346 tuis·

135 1378 183 1428 qus
201 1365 335 1415 honoribus
353 1366 411 1430 quid
430 1365 560 1415 dehabere
577 1367 640 1415 velle
658 1367 767 1423 viderer,
790 1369 935 1431 praesertim
960 1381 1015 1416 eum
1041 1381 1080 1416 res
1103 1367 1158 1430 ipsa
1181 1366 1239 1415 mihi
1259 1368 1358 1432 egregie
1376 1367 1499 1432 probetur,

136 1442 163 1484 st
180 1438 310 1487 inventum
333 1437 450 1487 videlicet
472 1438 503 1487 (le
528 1437 576 1486 hac
601 1437 748 1487 admiranda
771 1439 865 1487 orbium
889 1439 973 1487 muudi
998 1433 1154 1502 proportioie
1177 1438 1278 1488 mirifice
1304 1439 1363 1487 milri
1390 1438 1499 1501 placeat

135 1505 209 1557 Unde
230 1521 276 1572 ego
295 1509 326 1557 ‹le
345 1523 405 1558 msa
422 1510 549 1558 sententia
570 1510 702 1574 requisitus
727 1511 893 1574 maximopere
917 1507 977 1569 (nea
997 1506 1130 1569 immerito)
1148 1509 1195 1558 hoo
1214 1515 1283 1558 tuum
1302 1511 1429 1559 inventum
1448 1508 1498 1561 col·

134 1577 244 1628 laudavi.
276 1578 326 1643 Spe
345 1587 429 1629 antem
448 1593 480 1629 ea
497 1580 604 1638 buchar,
624 1595 683 1644 opus
702 1580 762 1630 illud
781 1580 921 1630 conlectum
939 1582 969 1629 iri
987 1587 1013 1629 te
1031 1582 1083 1645 ipso
1105 1580 1217 1629 dictante
1236 1588 1261 1629 et
1278 1587 1419 1644 praesente.
1439 1581 1498 1645 qnia

135 1650 220 1699 omnia
247 1652 321 1699 etiam
347 1651 512 1700 minutissima
536 1665 552 1700 a
577 1657 603 1701 te
629 1653 692 1701 beno
718 1652 900 1716 praemeditata
925 1666 979 1701 esse
999 1651 1078 1701 allata
1096 1658 1178 1700 certus
1197 1665 1272 1700 eram.
1310 1650 1383 1700 Nunc
1403 1659 1497 1708 autem.

136 1734 192 1770 cnm
211 1720 245 1770 ad
263 1737 304 1770 me
322 1721 463 1771 desolutum
480 1723 527 1779 sit,
552 1730 578 1771 et
596 1737 643 1787 ego
661 1738 701 1772 me
719 1724 837 1786 imparem
864 1723 977 1780 videam,
1004 1729 1033 1771 nt
1055 1722 1112 1771 lruio
1131 1720 1236 1770 Veneris
1262 1723 1338 1786 capiti
1362 1722 1500 1786 ab.llpella

136 1798 224 1855 coepto
242 1792 363 1856 reliquum
381 1806 469 1856 corpus
488 1794 635 1858 appingam,
660 1794 725 1858 quod
742 1800 873 1844 venustata
892 1800 918 1842 et
936 1793 1041 1843 arfiflcio
1060 1792 1265 1855 correspondeat,
1285 1793 1372 1842 dubius
1390 1794 1499 1856 prolecto

136 1878 205 1920 sum.
229 1865 375 1928 praesertim
398 1878 454 1913 cum
473 1864 573 1913 artificis
590 1878 680 1914 manus
697 1866 723 1914 in
742 1865 820 1915 stellis
838 1864 979 1928 sculpendis
997 1879 1099 1929 segnem
1118 1878 1145 1912 se
1164 1864 1305 1927 prodiderit.
1343 1864 1442 1913 Etenim
1460 1863 1498 1914 lli.

136 1936 273 1998 principem
292 1935 412 1985 offensum
430 1936 458 1982 iri
479 1934 636 1985 vehementer
654 1943 753 1993 metuo;
777 1938 797 1984 si
816 1938 881 1985 enirn
900 1938 925 1984 iu
944 1936 1073 2000 spongiam
1093 1936 1181 1989 abeat,
1200 1935 1258 1997 quid
1276 1935 1398 1984 dicturum
1415 1941 1498 1998 putas,

136 2016 191 2069 post
208 2014 294 2054 tantos
309 2008 363 2068 jam
381 2007 461 2055 iactos
479 2014 575 2056 sumtus
592 2009 618 2056 in
636 2009 749 2063 invento.
776 2015 829 2056 tam
848 2022 865 2056 a
889 2013 930 2062 te,
957 2020 1032 2071 quam
1051 2020 1067 2055 a
1085 2020 1123 2055 ms
1143 2005 1334 2070 supramodum
1353 2002 1498 2055 celebrato?

137 2075 163 2126 Si
181 2091 243 2141 opus
261 2077 425 2140 producatur,
446 2085 471 2126 et
490 2078 554 2126 siout
572 2084 686 2141 coeptum
704 2085 758 2135 est,
778 2079 950 2135 continuetur,
970 2091 1017 2127 nec
1036 2077 1155 2126 sumtibus
1174 2082 1219 2126 snt
1237 2077 1341 2127 artificio
1360 2078 1436 2127 etiam
1455 2091 1497 2127 ex·

136 2147 442 2211 peetstionirsspoutiest,
461 2148 638 2211 qnidiutusum
650 2148 810 2212 putabimus?
839 2149 882 2200 Sin
902 2150 927 2197 ln
948 2148 1055 2206 „chaos“
1075 2147 1211 2213 redigatur.
1230 2152 1259 2196 ut
1276 2163 1366 2197 norum
1384 2155 1497 2212 exurgat,

137 2221 189 2283 quis
207 2226 305 2268 sumtus
320 2221 375 2282 jam
393 2219 473 2268 iactos
491 2218 573 2269 lereti
593 2247 625 2257 —
652 2219 725 2269 Nunc
743 2229 829 2269 autem
847 2220 921 2276 mihi,
940 2220 999 2285 quid
1017 2219 1141 2286 agendum
1159 2221 1206 2275 sit.
1227 2219 1423 2282 respondendum
1442 2225 1495 2275 ests

137 2303 193 2338 nam
212 2291 246 2340 ab
265 2290 430 2340 Illusnissine
449 2293 588 2354 nuperrime
609 2291 638 2342 tle
657 2306 773 2355 responso
792 2291 932 2341 admonitus
950 2307 1012 2341 sum.
1050 2289 1173 2340 Constitui
1190 2291 1266 2355 igitur
1287 2306 1326 2340 me
1350 2291 1383 2340 ad
1400 2297 1496 2354 partam

137 2358 242 2410 Domino
256 2361 289 2412 D.
304 2361 475 2427 Eisengreinio
487 2362 634 2425 respondere
653 2361 724 2419 velle,
745 2368 770 2412 et
788 2369 866 2419 tuum,
886 2362 950 2427 quoti
969 2363 1032 2411 binis
1049 2361 1126 2411 literis
1144 2361 1204 2410 mihi
1222 2362 1349 2424 scripsisti,
1368 2360 1497 2412 consilium

138 2432 277 2495 explicare,
304 2446 425 2496 eumque.
451 2432 509 2496 quid
527 2448 598 2496 porro
616 2432 757 2483 iaciendum
775 2440 863 2498 putet,
889 2447 995 2498 rogare.
1020 2435 1058 2482 ita
1079 2440 1108 2482 nt
1131 2431 1251 2482 offensam
1269 2434 1385 2499 principis
1403 2433 1496 2483 evitare

138 2506 263 2566 possimus.

207 2578 264 2640 Age
283 2574 352 2624 Dens
372 2573 437 2623 adsit
455 2575 566 2639 coeptis!
603 2574 674 2625 Haec
700 2575 903 2626 festinantissimo
929 2575 1041 2632 calamo,
1070 2576 1134 2623 sicut
1155 2580 1209 2623 tute
1234 2575 1335 2623 ridebis.
1372 2573 1494 2632 Proxime.

140 2646 233 2696 relenta
250 2644 320 2703 Deo,
340 2646 419 2710 plura.
457 2644 522 2696 Vale
540 2660 596 2696 cum
615 2649 720 2713 conjuge
738 2644 886 2696 ielicmsime.

205 2821 245 2871 sd
263 2823 328 2873 haec
346 2823 472 2887 respondit
489 2822 613 2887 Keplerus
631 2823 655 2872 d.
677 2821 717 2872 15.
737 2821 824 2873 Martii
845 2819 912 2870 1598
930 2822 1017 2885 paucis
1035 2820 1102 2870 huuc
1120 2821 1146 2870 iu
1164 2821 1280 2870 modum:

222 2947 358 3008 Transeo
382 2947 422 3007 ad
436 2946 605 3026 Penelopes
629 2946 733 3008 telam.
771 2945 813 3007 Et
832 2966 939 3007 maneo
964 2945 992 3007 in
1013 2944 1144 3026 pristina
1162 2945 1324 3007 sententia.
1371 2943 1405 3006 Si
1422 2944 1494 3007 milri

142 3033 186 3096 illa
210 3055 314 3097 massa
336 3035 456 3115 argenti
479 3037 615 3111 daretur,
649 3036 727 3097 unda
751 3035 962 3097 automatariis
988 3034 1180 3114 suppeditare
1203 3052 1337 3113 possem,
1363 3035 1494 3097 instrue-

141 3141 195 3185 rem
221 3125 408 3205 horologium
431 3126 563 3187 coeleste
571 3144 580 3200 ;
609 3133 715 3204 postea
739 3132 857 3186 tantum
880 3125 974 3199 filum,
1005 3125 1043 3184 ad
1073 3123 1331 3202 repraesentanda
1359 3141 1494 3203 corpora,

141 3213 397 3276 circumducerem.
443 3213 538 3277 Esset
560 3221 661 3275 antem
685 3213 756 3275 illud
777 3214 854 3288 tale,
887 3221 937 3289 nt,
971 3213 996 3274 si
1021 3232 1058 3273 ex
1080 3213 1150 3293 polo
1174 3211 1332 3292 eclipticas
1356 3212 1422 3292 quis
1446 3212 1494 3273 in·

140 3303 284 3382 spiceret,
308 3303 426 3364 videret
444 3303 584 3382 planetas
608 3303 636 3363 iu
662 3303 723 3364 suis
748 3303 852 3380 signis.

223 3390 313 3463 Quod
342 3400 444 3453 autem
475 3392 579 3456 literas
609 3392 655 3453 ita
678 3392 808 3472 scriptas
832 3391 892 3463 ais,
922 3397 1037 3451 utnon
1067 3388 1186 3468 possint
1209 3388 1375 3469 lsengriuio
1403 3389 1494 3465 tradi,

141 3499 207 3560 age,
242 3481 373 3543 obliterat
397 3481 461 3554 illa,
495 3501 571 3562 quae
595 3498 753 3560 personam
778 3481 843 3559 rjus
868 3479 1016 3549 attinent,
1040 3485 1201 3557 praetextu
1225 3475 1313 3539 facile
1332 3478 1375 3539 uti
1394 3487 1493 3555 potes.

140 3567 214 3650 Ego,
240 3571 299 3631 nisi
323 3578 374 3631 tuo
394 3571 519 3633 consilio
543 3570 586 3632 uti
611 3571 791 3642 voluissem,
815 3588 888 3629 sane
911 3567 949 3628 ad
964 3568 1059 3646 ipsum
1079 3566 1268 3646 scripsissem
1286 3566 1493 3646 isengrinium.

138 3656 202 3720 Jam
236 3667 308 3739 post
338 3661 448 3720 festum
481 3659 613 3720 scribere
642 3677 699 3720 non
733 3677 866 3739 possum.
914 3657 1014 3717 Nolim
1045 3663 1158 3728 tamen,
1193 3674 1288 3735 nequo
1322 3655 1367 3716 his
1399 3674 1493 3736 neque

140 3749 342 3828 superioribus
366 3757 480 3823 motus,
512 3747 667 3809 abstineas
692 3748 730 3810 ab
759 3767 808 3821 eo,
843 3747 920 3826 quod
950 3744 1003 3806 tibi
1028 3745 1139 3806 lactum
1170 3745 1313 3823 optimum
1335 3744 1494 3806 ridebitur.

139 3835 227 3911 lium,
253 3838 302 3917 qui
326 3838 363 3899 de
386 3847 439 3899 tua
462 3837 673 3899 benevolentia
695 3837 847 3898 minimum
871 3854 929 3896 non
954 3833 1071 3905 dubito,
1096 3853 1153 3894 non
1172 3852 1294 3914 possum
1318 3853 1376 3895 non
1399 3834 1494 3895 vehe-

138 3937 252 3989 menter
275 3926 417 4006 probare‚
442 3926 583 4007 quidquid
608 3927 730 3988 tandem
755 3925 911 3987 statueris.
957 3924 1063 4003 Neque
1087 3924 1195 4001 exiguo
1214 3923 1310 4001 majus
1330 3931 1390 3997 est,
1416 3923 1494 4002 quod

138 4015 170 4076 de
194 4025 225 4077 te
256 4035 361 4095 spero,
390 4034 479 4096 quam
507 4014 545 4077 de
568 4015 751 4092 isengrinio‚
785 4014 922 4094 quamvis
953 4013 1035 4073 illum
1070 4012 1140 4073 mihi
1165 4011 1268 4073 lavere
1292 4011 1382 4084 dicis,
1416 4012 1495 4091 quod

138 4112 196 4166 tute
223 4107 335 4185 optime
358 4124 449 4166 nosse
472 4105 597 4185 poteris.

202 4267 271 4317 Huic
282 4264 385 4330 Kaplssi
398 4265 518 4329 epistolae
535 4263 700 4329 praecessius
718 4261 814 4311 ridetur
831 4259 883 4308 alia
901 4257 1030 4322 explicatio
1048 4257 1180 4308 machinas
1198 4272 1260 4309 suae
1279 4257 1402 4312 eoelestis.
1419 4272 1495 4323 quarn

138 4353 212 4404 nsqus
230 4339 257 4386 iu
275 4335 421 4393 Hauschio,
440 4351 520 4400 neque
538 4337 604 4385 inter
620 4334 789 4397 manuscripta
807 4330 993 4396 stuttgartiana
1011 4329 1235 4393 deprehendimus,
1254 4342 1376 4394 quamque
1394 4336 1494 4379 secutus

137 4407 281 4461 lisestlinus
306 4407 428 4470 judicium
455 4423 526 4458 suum
553 4420 628 4472 supra
655 4406 805 4471 propositum
830 4397 866 4461 (d.
886 4402 910 4450 tl.
931 4397 973 4449 22.
993 4400 1064 4451 Febr.
1085 4396 1126 4449 98.
1152 4407 1201 4450 set
1228 4396 1297 4463 styli)
1324 4400 1492 4450 conformavit.

138 4479 249 4530 bstemm
268 4478 401 4542 Ksplerm,
419 4493 483 4529 noso
501 4483 575 4544 capto
592 4479 701 4541 impetu,
720 4491 771 4526 rem
791 4473 897 4523 mesina
915 4470 989 4537 paulo
1008 4478 1064 4536 post
1082 4484 1215 4538 aggressus
1233 4479 1279 4529 est,
1298 4471 1406 4539 pluribus
1423 4487 1494 4521 men·

137 4559 182 4602 am
199 4565 273 4602 susm
292 4550 418 4614 explicans
434 4550 512 4601 literis
531 4550 592 4601 bel.
615 4548 655 4598 it.
668 4549 737 4599 lunii
757 4541 834 4601 1598.
853 4558 923 4609 quas.
942 4543 1029 4608 inqua
1047 4544 1198 4594 Gemanica
1213 4543 1280 4594 huno
1298 4544 1324 4592 in
1341 4542 1417 4593 finam
1435 4557 1493 4594 coa·

137 4627 240 4690 scripta,
258 4630 288 4674 nt
305 4620 372 4672 Daci
388 4621 513 4674 Fridssico
530 4621 570 4674 sel
587 4621 748 4687 Ebauprsuio
767 4616 937 4674 animentur,
955 4613 1002 4666 has
1019 4614 1115 4665 habos:
