3278 5542
647 349 804 416 andagino
823 351 973 401 certiorlbna
1419 347 1483 416 425
1527 296 1534 303 .

122 508 299 571 variatione
321 509 398 571 rarii
421 509 502 571 modi
524 509 809 591 reflexionissquae
834 517 882 572 est
906 510 1040 579 averiis
1063 510 1287 591 superficiebus.
1333 512 1403 575 Non
1427 532 1484 591 ago

119 598 190 678 jam
216 599 253 660 de
276 599 330 661 illa
352 599 525 674 reflexione,
551 617 627 678 quae
653 607 702 661 est
724 620 743 660 a
766 600 922 679 superficie
946 601 1095 679 speculari
1130 607 1161 662 et
1178 601 1345 663 reflectitur
1368 623 1387 662 a
1409 621 1484 681 quo-

123 687 205 750 libet
227 688 291 766 ejus
313 695 424 768 puncto
448 688 476 749 in
500 689 618 750 unicum
643 690 752 750 saltem
775 696 933 768 punctum:
968 691 1023 751 sed
1047 690 1083 750 de
1108 688 1162 750 illa
1184 690 1362 763 reflexione,
1396 710 1484 771 quam

123 775 278 838 cernimus
305 777 336 838 iu
364 777 499 856 quolibet
526 778 659 856 pariete,
692 779 859 858 inaequalis
888 777 978 840 etiam
1007 788 1038 841 et
1066 797 1192 859 asperae
1221 779 1402 858 superficiei,
1436 779 1484 859 qni

124 865 237 940 lucem,
264 885 323 946 qua
344 866 494 946 pingitur,
517 867 662 937 imbutam
686 886 722 928 eo
747 868 845 929 colore
873 887 960 948 quem
983 868 1089 942 habet,
1115 889 1134 928 a
1152 867 1286 948 quolibet
1307 875 1417 948 puncto
1439 868 1485 929 eui

122 954 157 1016 in
186 962 285 1017 totum
313 954 564 1034 hemisphaerium
593 956 733 1018 reflectit.
779 956 860 1018 Nam
892 958 942 1017 lux
972 978 990 1018 a
1013 957 1099 1019 Luna
1127 958 1165 1018 ad
1189 975 1243 1017 nos
1272 959 1386 1019 reflexa
1413 975 1485 1037 per-

124 1043 215 1105 venit
237 1045 303 1118 hoc,
329 1062 388 1105 non
411 1045 463 1106 illo
487 1044 592 1118 mod0;
617 1045 694 1106 alias
717 1063 775 1106 non
800 1064 912 1107 cornua
935 1046 963 1106 in
983 1047 1080 1114 Luna,
1105 1046 1158 1106 sed
1182 1046 1404 1126 imagunculam
1423 1045 1484 1108 So-

125 1132 167 1195 lis
197 1151 318 1213 semper
339 1134 500 1194 rotundam
530 1153 729 1196 cerneremus.
777 1136 884 1214 Itaque
917 1134 1103 1214 geometrica
1127 1135 1286 1213 dispositio
1319 1135 1484 1216 superficiei

125 1221 205 1284 nihil
228 1223 277 1283 hic
301 1221 358 1283 nisi
384 1224 461 1284 forte
484 1223 629 1298 maculas,
655 1224 759 1303 quales
784 1224 812 1285 in
837 1224 924 1285 Luna
947 1225 1105 1297 cernimus,
1131 1223 1234 1284 efficit.

663 1312 793 1374 Thesis
816 1312 951 1375 XXVII.

128 1440 131 1444 -
218 1397 338 1462 Causae
361 1416 432 1460 vero
457 1398 534 1461 alius
558 1407 648 1480 atque
673 1401 750 1462 alius
773 1401 943 1464 reflexionis
968 1403 1077 1473 (causa
1092 1400 1249 1480 qualitatis
1273 1400 1302 1461 in
1323 1399 1409 1461 radio
1434 1419 1485 1461 re-

123 1489 223 1563 flexo)
257 1496 328 1550 sunt
360 1488 546 1549 reflectentis
579 1490 747 1567 superficiei
780 1490 906 1552 colores.
958 1491 1061 1552 Velim
1100 1489 1148 1550 hic
1179 1490 1283 1551 audite
1323 1486 1486 1569 chymicos,
1566 1520 1568 1526 ·

124 1577 272 1659 quidnam
294 1578 410 1639 colores
434 1576 464 1637 in
487 1578 683 1639 terrestribus
707 1579 881 1658 corporibus
905 1579 1013 1641 variet.
1053 1577 1188 1641 Colores
1204 1578 1322 1657 quidem
1346 1577 1432 1639 iridis
1456 1578 1484 1638 in
1569 1645 1574 1652 ⁸

125 1668 208 1730 (lues
231 1666 452 1728 distribuuntur
476 1666 592 1728 classes
600 1685 609 1741 ;
643 1668 743 1728 altera
766 1675 865 1729 ortum
888 1669 981 1729 habet
1004 1668 1043 1729 ab
1067 1666 1316 1728 obtenebratione
1345 1686 1398 1728 sen
1422 1667 1486 1745 pri-

125 1756 255 1818 vatione
278 1755 370 1825 lucis,
403 1754 501 1815 altera
534 1756 756 1818 arefractione
790 1776 844 1818 seu
871 1757 1025 1819 tinctione.
1074 1756 1237 1836 Utriusque
1262 1755 1371 1817 classis
1401 1756 1486 1834 prin-

125 1844 240 1925 cipium
263 1853 312 1905 est
336 1842 374 1904 ab
398 1843 551 1922 ipsissIma
574 1846 653 1919 luce,
686 1865 740 1907 seu
764 1846 832 1906 albo
857 1846 956 1907 calore
981 1845 1055 1906 lucis
1087 1844 1233 1923 ἀναλογῳ,
1266 1863 1343 1923 qnae
1368 1844 1485 1923 quidem

123 1935 180 1997 lux
205 1934 335 1995 medium
359 1931 443 1994 iridis
468 1933 611 1995 circulum
634 1933 790 2009 othneus,
820 1953 889 1996 eum
916 1934 946 1995 in
970 1934 1027 1996 duo
1059 1933 1145 2013 quasi
1174 1940 1270 1995 secat.
1316 1933 1366 1994 Ex
1390 1934 1488 1994 altera

126 2042 262 2103 namque
284 2029 373 2102 parte
396 2020 578 2097 diminuitur,
605 2042 642 2083 ex
665 2024 765 2086 altera
788 2023 978 2102 refringitur:
1009 2022 1146 2102 utrinque
1171 2023 1294 2084 tandem
1317 2022 1346 2082 in
1370 2024 1487 2101 nigrum

125 2131 185 2175 sen
213 2111 355 2174 tenebras
384 2110 505 2172 desiuit.
553 2113 587 2172 In
619 2112 824 2175 diminutionis
853 2112 948 2193 primo
979 2111 1075 2191 gradu
1105 2112 1138 2173 fit
1171 2112 1265 2184 flava,
1301 2112 1487 2172 insecundo

127 2200 239 2275 rubea,
269 2210 332 2262 tum
356 2200 457 2273 fusca:
492 2208 524 2261 et
552 2201 679 2282 denique
709 2202 804 2282 nigra.
855 2203 938 2263 Idem
968 2196 1100 2280 apparet
1124 2201 1154 2262 in
1183 2201 1310 2262 nubibus
1339 2198 1410 2261 Sole
1438 2200 1487 2261 vel

125 2308 241 2353 occaso
269 2290 319 2350 vel
349 2288 472 2349 orituro.
519 2290 603 2351 Idem
631 2291 660 2352 in
691 2291 791 2353 stellis
820 2291 901 2353 circa
924 2291 1123 2364 horizontem,
1158 2289 1235 2351 idem
1263 2291 1293 2350 in
1323 2289 1487 2368 eclipsibus

128 2377 307 2452 Solaribus3
336 2396 403 2439 cum
431 2377 509 2439 oculi
532 2379 641 2453 nostri,
674 2379 833 2460 inquibus
864 2388 912 2441 est
935 2380 1008 2441 haec
1038 2378 1175 2450 fallacia,
1208 2377 1307 2439 subito
1330 2377 1487 2457 privantur

127 2468 198 2531 lnce
222 2467 313 2530 Solis.
360 2467 395 2527 In
425 2467 595 2529 reflexionis
619 2487 690 2530 vero
713 2471 809 2548 primo
833 2471 944 2548 gradu,
978 2467 1101 2542 viridis,
1135 2476 1206 2547 post
1233 2467 1385 2540 caerulea,
1418 2466 1485 2528 deiu

124 2575 294 2638 purpurea,
329 2562 360 2618 et
390 2555 517 2636 denique
546 2557 665 2618 omnino
694 2559 782 2638 nigra
810 2577 863 2619 sen
892 2557 1091 2619 obtenebrata
1114 2556 1255 2618 cernitur.
1304 2554 1380 2618 Cum
1413 2574 1485 2636 ergo

124 2646 178 2709 hic
208 2645 249 2707 sit
278 2646 350 2706 ordo
374 2644 452 2706 inter
481 2646 596 2707 colores
627 2646 655 2706 in
687 2647 776 2708 iride:
809 2655 1045 2708 consentaneum
1073 2654 1121 2707 est
1149 2644 1275 2707 eundem
1304 2664 1371 2706 esse
1402 2651 1433 2707 et
1456 2645 1486 2704 in

125 2734 310 2809 refieonne;
339 2741 374 2795 ut
404 2733 568 2795 fortissime
596 2735 711 2797 radium
741 2737 880 2797 reflectat
907 2735 1079 2815 superficies
1107 2735 1196 2809 alba3
1228 2743 1299 2813 post
1322 2734 1425 2796 viridis
1456 2740 1487 2793 et

126 2826 227 2898 flava;
252 2831 316 2885 tum
331 2823 471 2884 caemlea
494 2829 526 2883 et
540 2823 649 2898 rubea;
675 2825 742 2886 dein
758 2843 908 2904 purpurea
927 2834 958 2885 et
977 2825 1076 2898 fusca3
1102 2824 1286 2886 debilissima
1305 2841 1376 2884 vero
1392 2822 1486 2902 nigra.

654 2914 786 2975 Thesis
809 2913 960 2975 XXVIII.

221 3000 318 3079 Niger
346 3008 448 3060 autem
477 3000 596 3062 fortiter
625 3002 795 3065 illustratus
824 3004 947 3064 rubeum
975 3000 1093 3080 spargit
1124 3001 1250 3062 radium.
1298 3000 1333 3061 Id
1362 3006 1488 3079 apparet

127 3109 169 3152 ex
193 3088 349 3170 chalybeis
373 3088 520 3168 speculis,
550 3089 600 3151 ubi
624 3091 713 3153 faciei
737 3093 819 3153 color
843 3092 929 3153 albus
962 3098 994 3151 et
1017 3090 1130 3170 speculi
1154 3089 1240 3169 niger
1263 3089 1379 3151 confusi
1403 3089 1486 3150 rubi·
1561 3130 1568 3139 ·

126 3178 305 3240 condiorem
328 3186 559 3256 repraesentant
581 3179 698 3241 faciem.
746 3179 847 3251 Quare
872 3180 1039 3243 rectissime
1068 3179 1135 3259 quis
1158 3178 1269 3241 Martis
1293 3178 1414 3240 stellam
1438 3177 1486 3238 di-

125 3268 209 3330 xerit
231 3266 388 3345 superficie
411 3266 500 3345 nigra
530 3268 700 3347 praeditam
725 3289 805 3344 esse,
830 3289 895 3331 cunr
919 3270 1021 3332 radius
1045 3268 1110 3347 ejus
1135 3268 1176 3330 sit
1189 3270 1278 3330 valde
1296 3266 1487 3349 rubicundus.
1534 3270 1541 3278 '

126 3356 317 3418 Debilitatur
340 3356 431 3432 igitur
454 3356 519 3435 ejus
542 3358 656 3419 reflexa
679 3360 746 3434 lux,
776 3378 833 3420 non
858 3358 949 3437 igitur
972 3359 1098 3419 multum
1121 3358 1291 3430 humectat,
1318 3365 1349 3418 et
1372 3357 1401 3417 in
1426 3356 1483 3416 hu-

128 3446 222 3507 moris
246 3445 367 3506 defectu
390 3453 447 3506 est.
494 3444 611 3507 Eodem
634 3448 742 3509 coloris
766 3455 797 3509 et
821 3448 1054 3508 humectationis
1069 3452 1255 3525 ‘argumento
1275 3444 1406 3507 Saturno
1431 3445 1487 3505 tri·
1580 3488 1587 3494 -

128 3534 257 3596 buernns
282 3533 383 3594 albam
406 3542 437 3595 et
461 3554 599 3614 asperam
624 3537 820 3615 superficiem,
847 3537 916 3614 quia
931 3536 1030 3597 colore
1046 3543 1095 3595 est
1108 3535 1257 3614 plumbeo,
1280 3534 1351 3595 Jovi
1366 3532 1488 3594 rubeam
1573 3527 1576 3532 ’

129 3625 177 3687 vel
203 3641 400 3703 pnrpuream,
435 3624 506 3703 quia
529 3626 625 3685 flavus
649 3625 791 3687 subrufus
815 3633 958 3703 apparet,
989 3624 1102 3705 Veneri
1125 3624 1237 3685 flavam
1259 3623 1308 3683 vel
1332 3621 1432 3683 albam
1456 3628 1488 3683 et
1542 3644 1555 3661 ·

130 3712 418 3793 aequabilissirnam,
443 3732 510 3776 curu
534 3713 663 3775 omnium
687 3715 730 3775 sit
751 3713 967 3793 pulcherrima:
992 3712 1141 3774 Mercurio
1158 3706 1326 3773 caeruleum
1350 3710 1399 3771 vel
1413 3709 1488 3769 viri-

130 3802 207 3873 dem,
232 3820 301 3862 cnm
324 3809 487 3880 argenteus
511 3811 675 3882 appareat,
700 3804 797 3883 magis
822 3802 1037 3864 scintillatione
1060 3821 1113 3863 seu
1138 3801 1232 3862 diluto
1258 3800 1373 3880 fulgore
1397 3818 1485 3880 quam

130 3892 230 3954 colore
255 3891 364 3953 clarus.

674 3980 807 4041 Thesis
831 3979 948 4042 XXIX.

218 4068 289 4129 Lux
310 4066 432 4147 propria
451 4067 572 4147 quidem
596 4067 663 4147 Ipsa
687 4069 779 4130 etiam
801 4069 937 4130 variatur
960 4086 1014 4148 per
1037 4065 1222 4147 superficiem
1243 4064 1388 4145 corporis,
1413 4066 1491 4127 unde

127 4158 223 4233 venit,
249 4164 284 4217 ut
306 4157 396 4218 aliurn
421 4166 453 4218 et
476 4157 565 4217 alium
591 4159 721 4219 colorem
744 4164 969 4238 repraesentet:
995 4157 1049 4217 sed
1073 4155 1184 4235 gradus
1208 4154 1403 4216 calfactoriae
1426 4154 1489 4214 vir-

123 4248 206 4312 tutis
231 4245 409 4325 adeiecitnr
432 4247 471 4308 ab
494 4246 601 4306 intima
624 4247 757 4325 corporis
781 4249 827 4310 sui
852 4247 1059 4327 dispositione.
1106 4242 1169 4306 Sed
1183 4252 1283 4305 tamen
1308 4243 1376 4322 ipsa
1395 4244 1488 4306 etiam

123 4334 306 4417 superficies
340 4334 377 4396 de
405 4335 539 4414 corporis
573 4335 769 4415 dispositione
800 4344 949 4398 testatur:
983 4344 1017 4396 nt
1050 4335 1095 4394 ita
1123 4333 1315 4395 humectandi
1344 4333 1439 4393 virtus
1471 4352 1490 4391 a

121 4424 311 4490 calfactoria
338 4425 556 4503 quodammodo
587 4425 765 4503 dependeat.
811 4428 858 4487 Ac
887 4443 961 4486 sane
991 4424 1018 4484 si
1040 4423 1122 4484 color
1150 4424 1321 4484 interventu
1350 4421 1426 4483 lucis
1452 4421 1490 4480 ab

123 4533 192 4579 uno
217 4501 344 4593 corpor'e
368 4512 397 4574 in
423 4514 552 4575 alienum
576 4514 733 4575 transferri
757 4521 789 4575 et
812 4513 974 4594 propagari
998 4518 1109 4591 potest,
1134 4510 1276 4573 credibile
1292 4518 1341 4571 est
1364 4518 1395 4571 et
1413 4509 1490 4569 alias

120 4604 296 4687 qualitates
319 4619 426 4682 posse;
450 4604 487 4664 de
512 4602 612 4664 calore
636 4603 715 4663 enim
739 4604 940 4665 certissImum
963 4611 1020 4662 est.
1068 4600 1154 4662 Unde
1174 4618 1263 4679 quam
1280 4598 1403 4678 quisque
1418 4598 1488 4677 pla-

121 4700 203 4756 neta
231 4692 374 4753 vlrtntern
402 4690 432 4766 in
463 4692 571 4753 ellectu
601 4698 750 4767 ostentat,
785 4692 851 4771 ejus
875 4692 1025 4770 analogon
1053 4688 1185 4769 aliquam
1207 4686 1436 4766 dispositionem
1460 4686 1488 4747 in

121 4782 198 4864 ipso
220 4781 363 4860 planetae
388 4799 513 4860 corpore
541 4799 610 4841 eese
635 4787 869 4842 consentaneum
892 4780 1022 4841 videtur.
1070 4776 1158 4847 Quod
1187 4776 1212 4837 si
1237 4777 1333 4837 lo'cum
1359 4775 1486 4848 obtinet,

124 4871 169 4934 ad
194 4868 346 4934 mitabilia
368 4870 498 4934 artificia
520 4888 610 4932 mauu
632 4870 741 4933 ducere
770 4887 827 4932 nos
852 4876 968 4951 potest.
1015 4866 1112 4930 Verbi
1135 4865 1236 4946 gratia
1262 4884 1318 4945 per
1340 4871 1491 4927 aestatem
