3278 5542
143 298 205 366 ne
650 293 984 363 anuscanae-nne

101 456 104 460 ⁴
139 481 243 536 easque
264 479 315 534 per
334 459 449 516 similem
469 459 697 529 praeventionem
718 456 931 513 translooabiles
953 458 1062 512 deloco
1083 456 1110 511 in
1128 456 1219 512 locum
1232 458 1286 513 sub
1303 457 1386 520 dxise
1408 457 1489 513 exlr‘s

140 545 261 601 obtentis
283 543 408 614 sequitur
423 540 496 594 ultro
520 539 579 592 sine
597 540 658 593 ulla
677 542 801 609 polorum
820 538 977 603 libratione,
1001 547 1031 592 et
1049 537 1261 592 declinationem
1281 536 1489 611 eclipticam·

139 625 203 690 tari,
228 631 258 679 et
281 620 457 695 aequinoctia
479 619 603 673 nonnihil
628 637 699 673 nunc
720 619 838 683 incitari,
863 636 934 672 nunc
956 618 1110 682 retardari;
1139 617 1204 688 quin
1225 618 1279 673 imo
1304 618 1433 690 sequitur
1449 618 1491 673 hot

138 707 223 761 etiam
246 703 378 773 amplius,
410 701 482 771 quod
506 699 657 769 Copernioo
691 700 937 754 inanimadrersum
969 700 1063 771 Tycho
1086 699 1214 752 Brabcus
1247 706 1279 753 et
1306 696 1490 769 laudgnrin

139 785 257 841 Hassiae
273 778 312 851 ⁸⁸)
333 785 513 844 detexerunt,
537 781 656 834 fixarum
676 780 778 834 mutari
800 779 970 834 latitudines.
1012 779 1074 833 Etsi
1093 794 1159 832 rero
1179 779 1295 834 libratio
1314 776 1490 850 aequinoob‘o·

138 884 197 921 rum
215 883 270 919 non
291 870 372 918 tanta
393 879 444 915 neo
463 868 519 914 tam
534 860 631 914 celeris
647 868 712 914 tunc
727 861 844 922 elicitur,
860 866 967 930 quanta
979 877 1016 914 ex
1030 858 1224 913 librationibus
1238 858 1403 931 Coperniciz
1426 859 1490 913 ath

137 947 188 1000 illa
201 944 360 1018 quantitate
382 959 436 996 non
451 947 559 995 tantum
575 942 692 994 nondum
707 941 802 1011 liquet,
828 941 874 993 sed
896 946 1026 994 constans
1049 939 1207 1011 aequalitas
1228 947 1298 995 ante
1311 944 1426 1009 etpost
1436 939 1488 993 Pto·

138 1029 274 1081 lernaeum
296 1023 471 1093 deprehensa
499 1027 587 1075 tot-um
620 1021 763 1092 negotium
795 1037 933 1075 unacum
957 1019 1198 1075 observationibus
1220 1018 1381 1075 Ptolemaei
1404 1034 1488 1090 propa

136 1109 245 1161 modum
259 1105 287 1160 iu
300 1104 411 1158 dubium
425 1108 516 1156 vocat
557 1102 625 1155 Sola
638 1101 710 1155 enim
725 1108 804 1156 aetas
819 1101 972 1155 Ptolemaei
987 1107 1038 1165 est,
1060 1116 1132 1171 quae
1152 1100 1311 1156 exorbitat:
1331 1099 1486 1173 reliqum

138 1193 262 1242 aetatum
278 1183 485 1238 observationes
501 1187 659 1252 congruunt
673 1184 708 1236 ad
722 1182 897 1252 aequabilem
911 1182 1054 1252 regulam
1077 1180 1256 1251 copemicum
1270 1179 1356 1245 enirn,
1372 1179 1420 1251 qui
1430 1194 1485 1235 suaa

138 1266 242 1321 aetatis
266 1263 451 1319 associatione
473 1262 648 1316 librationem
670 1263 741 1316 hano
762 1263 861 1316 enixus
885 1269 942 1324 est,
968 1260 1085 1331 proximi
1107 1267 1203 1314 aetate
1226 1262 1426 1317 observatores
1443 1260 1484 1314 tls

137 1345 289 1419 dignissimi
311 1344 443 1398 refutant.
486 1341 553 1394 Vide
575 1343 628 1396 hac
648 1345 681 1396 de
703 1361 733 1397 re
757 1358 819 1398 mea
833 1341 1037 1397 Commentario
1059 1343 1093 1394 de
1107 1341 1199 1395 hlarte
1222 1340 1366 1412 capitibus
1387 1338 1482 1402 ultimis,

139 1434 170 1481 et
189 1427 309 1496 Epitom.
324 1427 438 1477 Astron.
461 1422 522 1476 libr.
545 1423 605 1477 vn.

732 1588 749 1595 ..
769 1588 772 1592 .
799 1583 913 1592 ....,..,
1040 1556 1055 1595 Ι

721 1766 840 1864 Caput
867 1764 915 1838 Π.

475 1926 664 1990 Primcrr'ae
686 1926 964 1989 demonstrationis
986 1923 1165 1989 delineatio.

228 2066 345 2140 Quibus
367 2069 412 2131 ita
434 2070 609 2151 praemissis
633 2078 667 2131 ut
686 2070 724 2131 ad
746 2070 931 2151 propositum
952 2066 1079 2142 veniam,
1106 2075 1196 2148 atque
1220 2066 1309 2128 modo
1333 2065 1479 2129 recensitas

139 2156 299 2238 Coperoici
320 2158 504 2241 hypotheses
524 2160 686 2223 demando
709 2178 786 2221 novo
810 2177 886 2220 novo
909 2166 1085 2238 argumento
1105 2157 1240 2236 probem,
1264 2174 1328 2218 rem
1352 2154 1481 2237 aprino,

137 2248 215 2328 quod
239 2246 337 2321 aiunt,
362 2267 417 2309 oro
443 2268 501 2327 qua
525 2249 674 2310 brevitate
698 2249 760 2311 lieri
785 2248 897 2327 poterit
920 2255 1063 2326 repetam.

227 2335 345 2416 Corpus
369 2344 436 2398 erat
459 2337 499 2411 id,
525 2338 603 2417 quod
627 2337 711 2399 initio
731 2338 813 2399 Dens
837 2336 969 2398 crearit:
996 2336 1081 2416 cujus
1106 2332 1309 2398 definitionem
1332 2330 1360 2395 si
1383 2331 1480 2395 habea·

138 2444 212 2498 naus,
237 2424 376 2485 existimo
391 2426 581 2488 mediocriter
595 2427 708 2488 clarum
729 2427 800 2499 iore,
826 2446 879 2488 cur
901 2424 987 2487 initio
1011 2444 1119 2505 corpus
1143 2443 1201 2485 non
1226 2423 1317 2485 aliam
1337 2440 1401 2485 rem
1414 2421 1480 2483 Dent

137 2513 296 2575 creaverit.
343 2514 419 2576 Dico
443 2515 645 2594 quantitatem
667 2516 733 2576 Deo
758 2515 850 2577 inisse
879 2514 1083 2595 propositam:
1118 2513 1157 2574 sd
1185 2531 1274 2592 quam
1303 2510 1481 2574 obtinendam

138 2601 274 2663 omuibus
298 2620 372 2681 opus
402 2604 472 2674 luit,
501 2624 576 2684 quae
605 2606 644 2666 ad
667 2605 800 2684 corporis
825 2605 989 2666 essentiam
1011 2603 1184 2682 pertinent:
1217 2608 1251 2663 ut
1272 2600 1320 2663 ita
1342 2598 1482 2680 quantita

138 2690 282 2768 corporis,
307 2700 454 2770 quatenns
478 2711 595 2771 corpus,
613 2694 767 2772 ,quaedam
792 2695 896 2767 torma,
923 2693 1161 2773 definitionisqne
1184 2690 1267 2769 origo
1292 2689 1345 2751 sit.
1391 2687 1482 2760 Quen·

138 2780 258 2841 titatem
282 2789 383 2841 autem
407 2780 490 2843 Deus
514 2782 581 2843 ideo
605 2790 675 2844 aute
700 2785 800 2846 omnia
827 2784 958 2845 existere
989 2782 1100 2855 voluit,
1135 2789 1168 2842 ut
1201 2789 1285 2841 esset
1320 2778 1421 2840 curri
1452 2772 1483 2837 ad

137 2877 274 2931 rectum
303 2871 500 2949 comparatio.
547 2873 613 2933 Hac
644 2873 721 2933 enim
751 2892 810 2933 uua
841 2890 873 2933 re
907 2872 1023 2932 divinus
1057 2871 1129 2932 mihi
1158 2868 1297 2932 Cusanus
1315 2862 1360 2941 ⁸⁸)
1389 2866 1484 2947 aliique

136 2957 286 3031 videntur,
309 2960 387 3039 quod
410 2961 486 3022 recti
510 2962 650 3040 curvique
675 2961 714 3021 ad
737 2961 863 3022 invicem
887 2960 1091 3022 habitudinem
1114 2958 1192 3020 tanti
1213 2959 1359 3031 feceruut,
1386 2964 1486 3018 etcur·

137 3066 205 3108 vum
229 3045 308 3120 Deo,
341 3057 454 3110 rectum
479 3051 625 3111 creaturis
649 3050 714 3111 ansi
739 3058 809 3112 snut
838 3069 1030 3130 comparare:
1062 3056 1096 3110 nt
1123 3048 1204 3110 baud
1231 3046 1325 3108 multo
1350 3044 1488 3107 utiliorem

138 3153 260 3215 operam
282 3137 500 3215 praestiterint,
526 3138 574 3220 qui
600 3136 775 3201 Creatorem
800 3140 964 3212 creaturis,
987 3138 1085 3200 Deum
1109 3136 1235 3210 homini,
1256 3134 1376 3214 judicia
1398 3131 1489 3197 divina

138 3224 288 3300 humanis,
313 3245 402 3304 quam
426 3227 475 3305 qni
500 3246 620 3289 curvum
644 3236 736 3301 recto,
762 3227 903 3289 circulum
918 3227 1066 3308 quadrato
1082 3226 1277 3306 aequiparare
1293 3223 1398 3287 conati
1419 3228 1488 3285 sunt

227 3311 361 3394 Cumque
384 3316 432 3377 vel
456 3315 485 3377 in
509 3316 565 3377 hoe
588 3317 653 3378 solo
668 3317 745 3378 satis
761 3317 949 3379 constitisset
964 3336 1057 3396 penes
1072 3316 1170 3377 Deum
1188 3313 1395 3394 quantitatum
1415 3308 1489 3392 apti·

137 3401 209 3463 tudo
232 3410 264 3462 et
287 3402 369 3463 curvi
393 3404 547 3480 nobilitas,
572 3406 703 3467 accessit
726 3415 827 3467 tamen
853 3415 884 3467 et
907 3407 1034 3468 alterum
1054 3405 1141 3484 longe
1163 3403 1278 3482 majus:
1308 3402 1370 3465 Dei
1389 3397 1489 3465 ὶῐίοοοί

137 3490 237 3569 imago
261 3490 290 3552 iu
315 3491 474 3570 sphaerica
497 3493 666 3574 superficie,
697 3495 798 3556 Patris
821 3495 939 3557 scilicet
967 3495 997 3556 in
1026 3502 1143 3568 centro,
1174 3492 1244 3554 Filii
1271 3492 1301 3552 iu
1330 3487 1490 3571 superficie,

137 3579 269 3660 Spiritus
293 3581 322 3641 in
347 3583 533 3662 aequalitate
558 3605 689 3665 σχοσοος
712 3583 791 3644 inter
812 3591 954 3663 punctum
979 3592 1010 3644 et
1034 3582 1188 3645 ambitum.
1228 3581 1411 3661 Numquae
1434 3576 1491 3641 Cu·

135 3688 228 3731 sanus
253 3670 378 3745 circulo,
408 3671 459 3733 alii
484 3674 561 3735 forte
584 3672 674 3753 globo
699 3673 882 3742 tribuerent,
907 3693 944 3734 ea
967 3691 1022 3752 ego
1047 3672 1103 3733 soli
1128 3669 1305 3751 sphaericae
1329 3664 1491 3748 superficie

137 3776 255 3838 arrogo.
298 3759 363 3822 Nec
386 3762 561 3840 persuaderi
584 3779 717 3841 possum,
742 3780 898 3823 curvorum
921 3762 1080 3843 quicquam
1103 3759 1231 3822 nobilius
1255 3777 1325 3820 esse
1350 3767 1406 3822 aut
1426 3772 1493 3839 por·

137 3847 244 3909 lectius
269 3848 336 3930 ipsa
359 3850 519 3928 sphaerica
537 3851 702 3931 superficie.
743 3848 860 3912 Globus
885 3853 961 3912 enim
985 3852 1054 3930 plus
1078 3857 1127 3911 est
1148 3846 1307 3929 sphaerica
1330 3843 1492 3928 superficie,

137 3943 168 3997 et
191 3936 302 4000 mixtus
326 3937 514 4014 rectitudini,
540 3960 599 4020 qua
622 3939 689 4001 sola
712 3940 852 4018 impletur
875 3941 966 4002 intus.
1015 3936 1152 4002 Circulos
1176 3956 1248 4011 ¹vero
1272 3935 1331 3999 uisi
1354 3936 1386 3999 in
1408 3936 1493 4017 plsuo

137 4032 219 4088 recto
244 4025 368 4097 existat,
392 4026 447 4089 hoc
471 4038 529 4102 est,
554 4029 611 4090 nisi
635 4029 793 4109 sphaerica
817 4029 989 4109 superficies
1014 4037 1067 4090 aut
1089 4027 1196 4107 globus
1222 4026 1314 4106 plano
1337 4033 1424 4089 recto
1447 4041 1495 4087 se·

137 4121 231 4189 cetur,
255 4114 384 4176 circulus
408 4118 505 4179 nullus
530 4119 597 4179 erit.
636 4118 723 4180 Unde
747 4117 850 4179 videre
874 4125 931 4191 est,
955 4118 1066 4180 multas
1090 4116 1151 4179 illic
1176 4115 1288 4179 acubo
1312 4114 1342 4177 iu
1366 4114 1494 4196 globum,

138 4202 185 4263 hic
210 4222 229 4263 a
252 4204 400 4284 quadrato
424 4204 452 4267 in
478 4206 619 4268 circulum
643 4207 821 4269 secundario
840 4207 969 4269 defluere
983 4206 1196 4288 proprietates,
1220 4212 1345 4285 propter
1360 4198 1494 4266 diametri

137 4292 355 4355 rectitudinem.

225 4378 287 4444 Sed
311 4400 363 4443 cur
386 4382 513 4462 denique
537 4383 618 4444 curvi
643 4392 674 4445 et
705 4385 778 4445 recti
808 4383 981 4446 discrimina
1008 4382 1149 4462 curvique
1173 4379 1317 4443 nobilitas
1339 4380 1408 4443 Deo
1432 4381 1494 4443 luo-

137 4478 206 4532 rnnt
228 4471 384 4551 proposita
407 4472 437 4532 in
462 4473 634 4534 exornando
659 4474 787 4534 mundo?
826 4471 886 4535 Cur
906 4472 1006 4534 enim?
1031 4472 1087 4533 nisi
1112 4471 1182 4551 quia
1205 4491 1224 4530 a
1247 4469 1405 4533 conditore
1426 4488 1493 4550 per·

138 4559 303 4622 lectissimo
327 4578 452 4623 necesse
478 4556 603 4622 'omnino
633 4562 690 4624 fuit
722 4571 756 4623 ut
783 4560 1012 4644 pulcherrimum
1046 4580 1120 4640 opus
1145 4559 1392 4622 constitueretur.
1438 4558 1494 4621 Fas

137 4647 216 4708 enirn
239 4667 294 4710 nec
318 4657 366 4710 est
397 4669 452 4711 uec
486 4668 613 4730 unquam
642 4650 698 4713 init
729 4652 778 4724 (ut
806 4650 935 4731 loquitor
965 4669 1001 4711 ex
1026 4650 1149 4711 Timaeo
1171 4647 1311 4710 Platonis
1335 4645 1445 4711 Cicero
1467 4647 1493 4709 iu

139 4735 214 4800 libro
230 4736 266 4798 de
282 4736 494 4812 universitate)
520 4737 675 4818 quicquam
691 4740 747 4802 nisi
763 4739 993 4820 pulcherrimum
1013 4740 1112 4800 iacere
1131 4756 1208 4810 euin,
1234 4736 1283 4818 qni
1308 4746 1395 4798 esset
1415 4734 1494 4818 opti·

137 4844 211 4889 mus.
259 4823 335 4890 Cum
362 4827 453 4911 igitur
485 4828 585 4890 ideam
617 4829 717 4892 muudi
746 4827 893 4893 Conditor
925 4828 1024 4890 auimo
1056 4822 1303 4909 praeconceperit
1335 4824 1495 4911 (loquium
