3278 5542
128 310 192 382 tto
678 314 943 382 satanacam

128 477 242 539 habeat
273 477 312 538 ad
344 476 396 539 FT
426 486 545 557 partem
576 477 734 550 minorem,
769 495 856 556 quam
894 476 988 539 habet
1018 474 1167 537 velocitas
1200 470 1367 536 ecceutrici·
1396 490 1434 533 ex
1463 470 1489 533 E

127 564 229 647 perQ
260 567 288 627 in
317 566 347 628 N
377 567 415 627 ad
448 565 640 628 velocitatem
673 566 781 627 stellae
815 586 854 626 err
881 565 906 626 B
940 573 971 626 et
1003 556 1206 653 dernorr'strat,
1247 561 1368 643 quaudo
1401 560 1489 623 stella

127 657 156 717 iu
180 657 206 716 T
232 663 374 735 puuctum
396 656 520 735 propius
539 657 651 718 Terrae
676 658 701 717 P
723 654 841 727 incidit,
876 664 959 716 stare
987 654 1091 715 rideri.
1139 652 1241 732 Atque
1271 653 1349 713 baec
1377 668 1489 712 numum

128 752 175 807 est
198 754 229 804 et
253 744 426 805 intentionis
450 752 482 805 et
506 745 620 806 laboris
637 744 788 825 Apollonii
813 744 913 817 illius;
946 751 1066 822 praeter
1089 760 1165 822 quae
1188 740 1262 801 nibil
1285 741 1388 820 plane,
1414 739 1488 819 quod

127 834 155 896 iu
190 833 373 894 astronomia
403 832 573 912 scripserit,
607 852 733 914 usquam
766 834 906 913 comperi.
954 831 1040 903 Quae
1074 832 1138 910 ejus
1170 831 1384 892 demonstrata
1417 847 1487 908 quo·

126 923 214 984 modo
248 920 434 1002 Cupernicus
472 923 509 983 ad
546 942 616 983 snas
651 921 841 984 transtulerit
869 922 1067 1004 hypotheses,
1107 919 1135 979 in
1169 919 1236 998 ipso
1267 918 1339 980 vide
1374 916 1487 998 caper·

126 1012 201 1085 uico,
231 1011 306 1073 locis
336 1012 373 1072 ab
397 1011 476 1073 Urso
501 1011 603 1073 citatis
628 1013 684 1083 (V.
710 1009 777 1083 35).
828 1011 910 1074 Nihil
941 1012 1020 1072 enim
1045 1008 1125 1070 aliud
1158 1007 1234 1069 dixit
1262 1008 1300 1068 de
1330 1006 1487 1087 Apollonio

127 1099 310 1180 Coperuicus
340 1118 426 1180 quam
455 1100 661 1173 Ptolemaeus,
696 1120 733 1161 ex
757 1120 814 1180 quo
847 1102 897 1161 ille
930 1101 1005 1160 haec
1037 1099 1066 1159 in
1101 1116 1186 1158 suum
1214 1116 1288 1177 opus
1323 1096 1485 1158 transtulit

126 1188 272 1260 Quamvis
301 1207 338 1249 ne
361 1190 436 1250 haec
465 1190 582 1270 quidem
611 1208 665 1270 pro
694 1210 761 1252 sese
783 1189 1028 1267 ingeniosissima
1055 1187 1187 1249 inventio
1216 1185 1382 1248 admodum
1410 1184 1485 1247 utilis

127 1279 217 1340 fuerit
245 1278 423 1354 artificibus,
456 1288 616 1357 propterea
649 1281 726 1359 quod
755 1280 949 1358 Apollonius,
982 1286 1017 1338 ut
1044 1278 1156 1338 exitum
1187 1274 1217 1336 in
1252 1274 1483 1337 demonstrando

125 1367 279 1446 reperiret,
306 1367 553 1447 inaequalitatem
578 1369 704 1430 alteram
728 1369 757 1430 iu
783 1370 938 1430 stellarum
963 1367 1107 1440 motibus,
1142 1384 1218 1445 quae
1242 1366 1280 1425 ad
1306 1374 1416 1443 partes
1437 1381 1481 1424 no·

126 1457 204 1518 diaci
227 1457 406 1531 restituitur,
432 1456 567 1518 exclusit.
618 1459 723 1538 Itaque
748 1478 784 1517 ea
808 1456 1063 1517 demonstratione
1095 1454 1152 1516 uisi
1182 1453 1220 1514 ad
1244 1453 1384 1533 singulos
1404 1471 1481 1514 casm

126 1544 353 1625 inaequalitatis
387 1545 513 1607 alterius
542 1546 661 1608 variata
694 1547 736 1607 uti
765 1547 958 1608 Ptolemaeus
981 1553 1013 1606 et
1043 1542 1228 1622 Copernicus
1260 1561 1321 1604 nou
1353 1551 1478 1622 potuere.

125 1635 235 1696 Adhuc
260 1654 331 1711 ergo
356 1635 454 1696 nullas
478 1635 621 1698 habemus
636 1636 789 1714 Apollonii
815 1635 1000 1717 hypotheses
1023 1633 1251 1704 astronomicas,
1275 1650 1355 1712 quae
1370 1630 1478 1711 quiden

126 1724 169 1784 sic
194 1723 250 1784 dici
281 1734 310 1784 et
345 1723 423 1784 inter
446 1733 565 1786 ceteras
599 1726 711 1786 formas
735 1724 886 1785 recenseri
904 1730 1066 1786 merentur.
1114 1719 1200 1791 Quae
1225 1722 1306 1783 enim
1339 1721 1392 1783 ille
1416 1738 1476 1800 sup·

125 1811 210 1893 ponit
243 1813 272 1873 in
298 1813 553 1874 demonstratione
578 1834 647 1886 sua,
679 1833 736 1874 non
771 1815 815 1874 ita
847 1814 1004 1895 supponit,
1039 1820 1183 1891 tauquam
1213 1829 1322 1872 revera
1353 1811 1400 1872 ita
1422 1827 1476 1870 aere

124 1901 236 1963 habere
261 1909 380 1963 statuat
403 1904 496 1982 (quod
521 1903 621 1964 solent
644 1902 804 1976 artifices),
831 1902 883 1963 sed
908 1903 961 1976 ita,
987 1910 1021 1963 ut
1043 1908 1195 1980 patescat,
1219 1900 1291 1980 quid
1315 1899 1400 1961 circa
1421 1906 1474 1959 sta·

125 1991 223 2051 tiones
248 1992 379 2052 futurum
403 2001 502 2066 esset,
531 1991 556 2052 si
581 1993 634 2053 illa
665 1992 709 2053 ita
732 1991 888 2053 baberent.
934 1991 1102 2070 Propterea
1128 1988 1250 2069 gemina
1272 1987 1371 2051 utitur
1395 1989 1475 2050 torna

124 2078 335 2160 principiorum
364 2080 630 2143 demonstrationis
661 2101 749 2151 suae,
785 2081 855 2161 quia
887 2099 929 2142 sc.
960 2079 1033 2141 nihil
1066 2079 1202 2140 decernit
1235 2087 1269 2140 ut
1297 2086 1473 2140 astronomus

126 2168 247 2242 artifex,
272 2170 324 2230 sed
350 2189 462 2231 merum
487 2172 553 2247 agit
574 2178 758 2250 geometram
783 2170 810 2231 in
837 2179 969 2232 motuum
993 2187 1112 2247 genere.

212 2257 283 2318 Jam
312 2258 394 2331 vide,
433 2277 522 2338 quam
559 2259 693 2320 suaviter
723 2259 817 2321 Ursus
851 2261 888 2320 de
921 2259 977 2320 hoc
1006 2256 1160 2337 Apollonii
1194 2255 1317 2317 invento
1351 2262 1471 2334 ungetur.

124 2346 226 2408 Primo
251 2346 304 2416 ait,
329 2347 367 2408 ab
392 2346 457 2425 ipso
482 2356 630 2410 mutatam
653 2368 720 2409 esse
746 2349 916 2409 universam
940 2347 1066 2409 sormam
1081 2345 1394 2415 Aristarchiauarum,
1416 2360 1469 2422 per·

128 2436 196 2497 iude
221 2435 300 2496 acsi
324 2435 511 2515 professione
536 2437 643 2498 fuisset
668 2445 865 2508 astronomus,
892 2445 925 2498 ut
938 2436 1137 2498 Aristarchus
1156 2442 1187 2495 et
1202 2434 1263 2496 alii.
1310 2433 1469 2496 Mathema-

125 2524 215 2585 ticum
236 2524 428 2585 Ptolemaeus
453 2525 596 2605 appellat,
622 2538 655 2587 at
678 2537 758 2588 certe
784 2527 922 2606 nuspiam
941 2527 968 2586 ei
983 2523 1149 2586 astronomi
1168 2523 1273 2585 titulus
1290 2522 1468 2585 adscribitur.

124 2612 241 2674 Deinde
265 2632 330 2674 curu
356 2613 567 2675 obversaretur
591 2615 617 2676 ei
642 2615 785 2676 memoria
809 2614 935 2693 duplicis
960 2616 1074 2676 formae
1097 2612 1367 2675 demonstrationis
1387 2609 1470 2691 Apol·

124 2701 273 2774 lonianae,
298 2702 351 2763 sed
376 2704 518 2766 memoria
543 2704 658 2777 tenuis,
694 2713 837 2784 tanquam
863 2704 905 2765 rei
932 2722 986 2782 per
1019 2721 1152 2765 somnum
1178 2702 1262 2763 visae
1286 2704 1376 2771 (uam
1398 2716 1473 2777 snpra

124 2790 311 2869 conjectatus
336 2812 410 2866 sum,
436 2812 494 2853 non
519 2793 615 2873 ipsum
641 2794 750 2855 Ursum
777 2793 888 2872 legisse
911 2793 985 2853 haec
1010 2791 1039 2852 in
1065 2791 1249 2865 Ptolemaeo,
1274 2791 1329 2852 sed
1355 2790 1396 2853 ab
1417 2786 1472 2856 alio,

124 2878 173 2960 qui
198 2880 272 2941 haec
297 2881 428 2942 fortasse
454 2883 569 2961 legerit,
595 2882 808 2953 admonitum),
833 2882 898 2962 ipsc
922 2900 1038 2960 quoque
1062 2879 1210 2958 geminant
1233 2879 1472 2941 Aristarchiona·

123 2988 187 3031 rum
220 2969 459 3031 immutationem
494 2971 657 3051 Apollonio
692 2972 819 3049 affingit.
875 2970 1009 3033 Primum
1037 2970 1096 3040 ait,
1129 2969 1301 3031 institutam
1334 2969 1419 3042 ideo,
1448 2971 1476 3026 ot

124 3058 231 3137 ingens
256 3058 309 3119 illa
332 3059 463 3120 vastitas
486 3060 621 3133 lixarum,
648 3080 735 3140 quam
759 3061 956 3122 Aristarchus
981 3058 1285 3138 apudArchimedern
1310 3054 1475 3122 introduxit

125 3146 295 3208 tolleretur.
343 3148 473 3227 ideoque
507 3148 549 3209 sic
584 3168 651 3210 esse
679 3149 849 3212 institutam
880 3149 964 3210 illam
995 3147 1248 3219 immutationem,
1283 3154 1319 3209 ut
1352 3153 1477 3207 ceutmu

127 3237 251 3297 lixarum
275 3234 334 3297 ouri
356 3255 423 3297 cum
438 3237 532 3299 Terra
554 3238 837 3301 circumvolveretur
856 3257 953 3299 annuo
976 3244 1069 3298 motu.
1116 3238 1161 3298 At
1180 3236 1237 3297 hoc
1261 3243 1360 3297 toturn
1375 3250 1477 3297 merum

123 3342 191 3384 esse
216 3324 391 3403 figmentum
414 3334 446 3387 et
470 3326 634 3408 sphyngem
658 3348 696 3389 ex
720 3328 788 3390 Ursi
814 3327 936 3388 cerebro
962 3333 1079 3399 natatu,
1112 3325 1198 3386 facile
1223 3325 1322 3398 videt,
1348 3322 1400 3404 qui
1421 3338 1478 3385 curu

122 3412 179 3473 hac
204 3412 273 3474 Ursi
304 3413 552 3492 interpretatione
577 3416 743 3477 Ptolemaei
774 3416 867 3476 verba
898 3435 991 3494 supra
1013 3415 1149 3493 allegata
1177 3415 1214 3474 do
1241 3413 1335 3492 priori
1361 3414 1478 3475 demon·

124 3500 278 3562 strationis
294 3503 514 3582 Apolloniauae
544 3505 640 3566 forma
664 3506 798 3566 conferre
822 3504 961 3566 voluerit.
1008 3503 1107 3583 Major
1130 3503 1266 3583 equidem
1292 3512 1344 3564 est
1367 3498 1479 3564 candidi

123 3598 154 3652 et
177 3590 236 3651 atri
260 3592 368 3654 coloris
393 3594 549 3673 coguatio,
586 3614 673 3674 quam
697 3594 768 3656 Ursi
793 3602 824 3654 et
850 3591 1014 3674 Apollonii.
1062 3593 1108 3654 Ac
1143 3591 1256 3671 siquis
1286 3592 1326 3653 ad
1351 3612 1389 3653 aa
1410 3589 1481 3671 ἦθος

122 3681 360 3760 suppositionum
383 3682 537 3761 Apollonii
561 3683 720 3762 respiciat,
751 3682 792 3743 illi
818 3702 875 3742 non
900 3689 1003 3761 potest
1026 3682 1085 3743 ullo
1109 3682 1196 3743 modo
1220 3680 1386 3743 verisimile
1408 3696 1479 3750 esse,

122 3777 240 3832 tantam
264 3770 424 3849 Apollonio
449 3791 549 3833 curam
574 3773 667 3834 fuisse
688 3772 724 3833 de
748 3772 800 3832 illo
830 3771 915 3833 hiatu
943 3772 1054 3850 illaque
1079 3771 1225 3832 vastitate
1250 3770 1390 3833 lixarum.
1424 3766 1479 3831 Al·

122 3867 221 3919 teram
250 3858 487 3922 immutationem
516 3861 611 3922 Ursus
643 3862 735 3922 talem
767 3861 804 3921 ab
829 3860 991 3938 Apollonio
1024 3861 1110 3940 lingit
1139 3860 1324 3932 institutam,
1362 3867 1397 3921 ut
1420 3874 1480 3918 curu

122 3955 215 4007 antea
237 3947 331 4009 Terra
355 3951 504 4021 (centrum
527 3945 668 4030 lixarum)
693 3951 864 4012 volveretur
888 3968 985 4011 annuo
1010 3957 1092 4010 motu
1115 3949 1196 4010 circa
1211 3947 1325 4033 Solent,
1349 3956 1479 4011 centrum

121 4036 321 4116 planetarum,
346 4038 566 4116 quiescentem:
588 4039 653 4117 jam
678 4040 760 4101 circa
774 4039 899 4100 Terram
922 4045 953 4098 et
976 4047 1111 4099 centrum
1135 4039 1269 4106 lixarum,
1285 4034 1477 4116 quiescentia,

123 4124 177 4186 Sol
201 4132 233 4185 et
255 4133 388 4187 centrum
412 4127 602 4205 planetarum
626 4129 729 4188 eodem
754 4147 853 4189 aunrro
881 4134 1014 4206 tempore
1039 4126 1233 4199 circumierit,
1263 4144 1343 4206 quae
1367 4126 1480 4206 quidem

123 4212 333 4293 hypothesium
363 4216 459 4277 forma
487 4236 505 4276 a
528 4215 670 4296 Tychone
694 4217 794 4278 Brahe
824 4217 921 4295 (cujus
952 4215 1127 4294 exagitandi
1155 4215 1256 4295 gratia
1276 4215 1385 4293 ,Ursus
1412 4214 1479 4275 baec

123 4300 281 4374 confluxit)
306 4311 429 4383 propter
452 4324 560 4367 causas
585 4305 623 4367 ab
647 4305 712 4382 ipso
737 4314 859 4367 auctore
884 4304 996 4386 passim
1029 4304 1197 4366 inculcatas
1228 4311 1322 4365 etex
1346 4302 1478 4366 onrado-

123 4390 210 4452 nibus
239 4409 297 4453 uon
330 4394 556 4456 contemnendis
580 4405 735 4472 suscepta,
770 4395 892 4455 inventa
924 4401 957 4454 et
983 4394 1151 4455 constituta
1178 4403 1235 4453 est.
1283 4393 1390 4454 Habet
1410 4393 1480 4454 haec

124 4479 245 4560 quidem
269 4482 399 4544 assertio
423 4482 711 4544 verisimilitudinem
736 4483 883 4563 aliquam,
909 4483 934 4544 si
960 4483 1025 4562 quis
1049 4502 1116 4544 eam
1139 4500 1206 4557 curn
1231 4481 1389 4560 Apollonii
1411 4498 1478 4559 sup·

124 4568 273 4647 positione
298 4571 444 4633 conferat.
492 4570 541 4633 Sit
565 4572 642 4633 enim
669 4572 759 4651 juxta
787 4580 915 4632 mentem
940 4572 1093 4653 Apollonii
1121 4577 1152 4632 et
1175 4570 1204 4631 iu
1225 4568 1256 4634 5.
1282 4568 1479 4633 schemata?

114 4656 228 4729 Terra,
260 4658 342 4721 circa
372 4679 439 4722 eam
462 4659 520 4724 NE
548 4660 690 4732 circulus,
720 4681 806 4741 quem
836 4669 970 4723 centrum
999 4660 1159 4722 eccentrici
1190 4678 1288 4721 annuo
1316 4666 1401 4722 motu
1427 4659 1478 4719 de·

124 4744 244 4820 scribit,
269 4746 313 4808 ita
332 4756 366 4811 ut
390 4749 469 4811 linea
492 4769 529 4810 ex
545 4751 570 4812 F
585 4751 756 4830 Terra-per
769 4751 808 4823 N,
832 4749 859 4810 Ε
884 4757 1019 4813 centrum
1043 4748 1202 4811 eccentrici
1218 4749 1337 4829 ejecta,
1366 4765 1477 4828 semper

125 4833 228 4896 eadem
252 4834 293 4897 sit
315 4854 383 4902 cum
406 4858 460 4913 ea,
495 4858 572 4921 quae
602 4857 640 4901 ex
663 4839 689 4901 P
712 4839 807 4901 Terra
833 4857 887 4918 per
912 4839 1029 4916 Solem,
1062 4839 1127 4900 sivo
1152 4838 1177 4899 is
1202 4837 1323 4920 jamin
1348 4833 1476 4921 ampliori
