3278 5542
577 307 661 361 noa·
679 309 793 361 noim.
1299 308 1367 377 288

108 468 265 538 opcrnioum
289 469 448 532 stridebis,
473 478 604 540 quantum
624 471 701 526 absit
715 471 882 540 Copernicus
904 472 941 525 ab
957 469 1018 527 Ursi
1037 472 1188 529 uastatis.
1230 475 1312 529 Alter
1332 476 1365 529 da

111 548 242 620 loquitur.
259 549 332 603 alter
346 552 380 603 dc
395 550 466 604 aliis.
495 560 502 573 ·

108 628 143 685 ih.
161 629 195 683 V.
216 645 279 699 cap.
305 628 352 685 35.
404 631 571 701 Copernicus
594 649 628 684 eo
651 631 712 684 loco
735 629 858 683 meminit
876 630 1017 699 Apollonii
1042 636 1072 685 ct
1094 633 1189 686 eadem
1212 633 1247 686 ds
1270 633 1366 689 codem

108 724 168 779 prae
181 709 358 764 Ptolemaeus
372 710 433 764 Lib.
448 711 511 766 ΧΠ.
526 727 588 780 cap.
607 712 637 774 1,
660 713 761 781 dequo
776 709 837 763 loco
852 709 890 764 sic
909 710 974 764 mihi
993 710 1118 766 ridetur:
1149 711 1281 767 monitum
1302 729 1365 766 csso

123 791 272 861 aquodam
296 790 516 862 intelligentium,
538 808 618 862 quam
638 796 683 845 cst
705 791 765 859 ipsc
780 790 874 854 Ursus,
900 798 1015 846 exstars
1037 791 1142 863 aliquid
1157 793 1365 863 Tychonianurn

108 886 204 925 amaeo
219 871 270 923 rub
285 870 393 925 nomine
406 873 558 941 Apollonii.
602 872 698 926 Ursum
712 887 787 932 vcro,
812 870 891 925 nimis
905 871 990 931 inhia
1005 872 1087 925 rebus
1110 871 1228 936 facilem,
1253 880 1364 927 conten·

108 990 116 1013 ,
139 966 212 1021 quac
225 953 368 1005 oxeodem
382 952 542 1007 Ptolemaeo
558 952 724 1021 Copcrnicus
739 951 835 1012 hahet.
859 949 892 1003 eo
907 953 979 1022 quod
999 951 1053 1021 ipsi
1075 952 1196 1006 maxime
1211 955 1245 1007 ad
1260 953 1364 1007 calum·

108 1032 238 1085 axendam
261 1040 445 1101 opportunum
459 1042 522 1087 erat
544 1031 705 1102 praeterito,
728 1029 794 1100 quia
808 1030 1000 1084 Ptolomaeum
1015 1029 1092 1084 adira
1107 1048 1163 1085 non
1176 1033 1289 1087 vacavit
1301 1033 1363 1101 ipsi,

108 1126 151 1163 osc
164 1109 199 1172 id.
223 1114 294 1181 quod
308 1113 393 1180 plane
407 1114 529 1168 alienum
543 1121 587 1167 cst
602 1113 639 1166 ab
653 1113 705 1165 hoo
719 1111 788 1163 loco.
835 1111 915 1165 Duae
930 1120 994 1166 sunt
1012 1111 1116 1164 formae
1132 1112 1263 1167 lemmatii
1277 1112 1364 1182 Apol·

108 1231 115 1254 ‚
136 1191 264 1254 alterum,
289 1193 323 1244 de
345 1209 397 1262 quo
413 1194 579 1263 Copernicus
593 1201 623 1246 ct
636 1210 674 1246 cx
688 1208 721 1243 eo
738 1190 823 1244 Ursus
845 1191 1008 1262 loquuntur.
1033 1190 1226 1263 nihilomagis
1248 1193 1316 1247 tacit
1329 1194 1365 1257 ad

108 1269 193 1325 rUrsi
217 1279 269 1325 aut
282 1272 451 1343 hypothesin
466 1274 614 1345 Tychonis,
640 1288 721 1343 quam
743 1286 830 1338 supra
847 1271 907 1340 ipse
924 1270 1103 1342 Copcrnicus.
1145 1272 1248 1329 Sensus
1271 1271 1299 1325 in
1313 1272 1365 1325 hoc
1395 1325 1400 1340 ,

108 1358 140 1405 ‚tc
176 1351 349 1421 exprimitur.
387 1358 412 1407 Δ
441 1355 528 1408 Terra
563 1354 611 1407 im·

113 1470 121 1495 ,
163 1432 213 1484 BD
249 1433 436 1487 conceutricus
469 1435 609 1503 planctae.

108 1509 169 1573 530
192 1512 270 1565 annis
289 1513 446 1567 restituitur
460 1512 506 1567 dac.
540 1514 610 1568 Nam

108 1592 161 1644 rius
181 1592 300 1661 putarit,
320 1595 426 1649 nullam
448 1594 532 1648 aliam
546 1595 610 1649 sub·

108 1672 321 1741 inequalitatem
357 1675 491 1743 planetis,
530 1691 611 1744 quam

108 1767 176 1822 quac
199 1770 228 1805 se
251 1754 285 1805 ad
308 1753 399 1809 Solem
424 1757 611 1809 accommodat

108 1832 300 1903 ogradationcs
314 1835 408 1898 efficit,
430 1835 544 1905 idcoquc
560 1837 611 1889 BD
645 1870 650 1877 ·

108 1928 149 1981 nm
180 1914 272 1966 facere
297 1916 434 1987 neglexit.
479 1917 526 1970 FG
554 1915 611 1988 epi-

125 1993 213 2046 hahet
252 2002 354 2049 motum
381 1997 610 2053 commutationis.

108 2077 204 2130 stravit
218 2077 278 2145 jam
291 2082 465 2150 Apollonius,
490 2083 513 2135 εἰ
527 2085 609 2138 duca·

117 2157 220 2211 Terrae
241 2170 335 2215 centro
349 2166 374 2216 A
394 2163 470 2217 linea
483 2165 544 2226 AG,
566 2181 610 2217 sc·

108 2235 232 2308 iicycium
251 2241 279 2294 in
293 2242 328 2304 H,
349 2243 382 2306 G,
408 2245 447 2297 sic
463 2251 495 2298 ut
509 2245 559 2298 EG
574 2244 611 2298 sit

120 2324 154 2371 nt
167 2329 257 2373 motus
272 2322 318 2375 OE
333 2324 497 2378 concentrici
513 2327 549 2378 ad
562 2324 610 2378 FG

108 2414 161 2461 um,
184 2405 250 2453 tunc
272 2402 300 2455 in
319 2403 476 2473 punctisH,
502 2406 526 2458 G
551 2406 611 2474 pla·

116 2479 283 2536 existentem
311 2483 505 2538 stationarium
543 2485 610 2539 fleri.

108 2558 184 2613 trima
198 2561 286 2616 forma
306 2564 450 2629 lemmatii,
467 2565 545 2635 cnjus
560 2566 610 2619 Co·

108 2655 136 2703 a,
159 2641 335 2696 Ptolemaeus
359 2650 389 2699 et
412 2646 497 2699 Ursus
520 2644 626 2701 nemis
708 2675 710 2678 ⁴

108 2719 176 2774 »lanc
195 2722 264 2775 nihil
284 2742 423 2779 communc
444 2726 533 2780 habet
552 2745 611 2783 cum

108 2800 144 2853 cai
164 2802 302 2872 Tychonis
322 2806 478 2875 etquidem
495 2824 610 2860 versans

108 2878 163 2933 inis
186 2882 271 2952 longo
286 2884 356 2938 aliis.
395 2887 494 2940 Altera
513 2887 608 2950 forma,

108 2958 176 3014 lraus
198 2961 220 3014 si
245 2964 366 3027 vidisset,
389 2967 496 3020 coelum
516 2973 609 3022 terrac

108 3040 208 3095 ruisset
222 3060 290 3112 prae
305 3044 400 3099 insano
411 3046 522 3116 gaudio,
538 3048 609 3102 haec

108 3118 166 3192 (lig.
183 3120 231 3186 10)
246 3131 369 3178 centrum
384 3127 496 3189 Terrae,
515 3129 606 3181 mundi

108 3217 142 3255 uu
156 3203 381 3271 planetariorum,
404 3206 490 3261 BSol
509 3209 536 3262 in
555 3225 604 3262 suo

108 3282 141 3335 :n
156 3285 344 3338 concentricus
364 3288 497 3357 planetae
512 3289 603 3357 cuijus·

123 3360 181 3417 uuis
205 3381 265 3418 cum
280 3367 303 3418 Β
325 3367 391 3421 orbe
413 3367 503 3422 Solari
525 3376 555 3423 et
578 3368 604 3422 in

116 3451 224 3512 partem
233 3444 401 3501 circumiens.
425 3449 476 3501 ΕΙ)
487 3465 604 3520 magnus

108 3524 285 3594 cepicyclus‚
294 3527 491 3583 sicutTerram
500 3529 605 3583 ambiat

110 3610 201 3658 utrum
217 3606 251 3667 C;
276 3614 365 3662 motus
388 3609 506 3680 epinycli
529 3610 603 3663 illius

112 3684 253 3754 signorum
277 3688 375 3743 seriem
394 3696 469 3743 motu
487 3707 603 3745 commu·

110 3810 117 3824 .
146 3770 209 3831 Qua
223 3770 250 3823 in
265 3771 433 3825 assumtione
440 3771 604 3839 Apollonius

115 3852 228 3920 quaerit
255 3850 354 3905 lineam
378 3851 604 3906 determinantem

108 3946 136 3993 a,
152 3938 184 3984 ut
208 3939 282 3985 ante..
311 3933 388 3985 Haec
402 3932 490 3985 forma
508 3931 547 3985 sic
561 3938 605 3986 est

108 4017 163 4074 ata,
192 4020 224 4066 ut
242 4012 402 4084 ingeniosus
426 4012 524 4081 aliquis
548 4013 602 4082 Ty·

108 4108 155 4146 :am
170 4093 338 4164 hypothesin
362 4111 396 4146 ex
419 4109 455 4145 ea
468 4096 602 4148 deducere

112 4175 160 4226 sed
176 4190 229 4226 non
244 4174 314 4228 citra
327 4191 455 4244 magnum
470 4175 602 4236 lahorem,

108 4269 143 4307 un
157 4252 285 4308 infinities
300 4254 445 4317 difficilius,
470 4272 551 4326 quam
565 4272 601 4309 cx

108 4336 183 4387 'cana
195 4334 313 4388 ratione.
340 4336 409 4388 Nam
424 4336 510 4405 primo
525 4336 604 4390 nulla

108 4438 118 4476 ε
134 4414 239 4467 nullum
249 4414 397 4484 uestigium
404 4415 601 4486 Tychonianac

108 4510 116 4547 ι
126 4502 225 4562 aperto
235 4501 265 4548 et
275 4497 424 4564 propatulo
435 4503 486 4553 est.
503 4512 562 4549 cum
573 4513 672 4566 scopus
683 4502 805 4555 auctoris
816 4512 944 4558 versetur
954 4503 981 4558 in
992 4505 1228 4560 demonstratione
1236 4520 1311 4575 punc
1320 4512 1362 4560 to·

108 4573 302 4636 itionariorum,
319 4575 427 4629 minimo
443 4576 469 4629 in
484 4576 698 4632 conformatione
715 4582 835 4651 partium
849 4583 978 4640 universi.
1020 4585 1146 4640 Secundo
1170 4602 1224 4639 nou
1242 4584 1355 4655 ponitur

108 4671 114 4708 ι
125 4654 300 4723 planetarum
312 4656 339 4709 in
351 4656 422 4717 Sole,
440 4657 486 4708 sed
498 4656 524 4709 in
536 4657 631 4711 Terra.
660 4660 754 4714 Tertio
765 4680 818 4716 non
830 4670 874 4717 est
883 4666 916 4717 de
927 4665 1053 4719 omnibus
1064 4663 1186 4737 planetis
1197 4663 1277 4720 simul
1289 4683 1352 4720 cou-

108 4751 129 4798 r,
144 4736 192 4789 aed
208 4737 241 4788 de
256 4736 375 4806 singulis
390 4736 512 4790 seorsim.
549 4736 653 4799 Quarto
668 4739 787 4810 quilibet
800 4743 916 4812 plancta
929 4743 1017 4801 hahet
1031 4761 1109 4801 suum
1126 4746 1219 4799 orbern
1232 4763 1360 4817 geocen·

130 4814 241 4880 Qniuto,
257 4832 336 4887 qnam
347 4818 441 4887 Tycho
456 4818 549 4873 orbern
564 4816 696 4889 planctae
706 4820 780 4884 dicit,
795 4823 819 4877 is
834 4823 861 4878 in
871 4825 1019 4897 Apollonio
1034 4824 1154 4893 (etiamsi
1164 4824 1361 4881 intercesserit
