3278 5542
646 336 767 391 derebus
785 339 952 406 astrologlcis:
1002 398 1004 404 .
1276 390 1280 397 ,
1410 336 1474 404 385

118 495 256 570 effectus,
280 496 407 558 tristitia
422 496 537 571 cordis;
563 505 594 559 et
607 507 705 560 metus
721 508 777 575 est,
803 518 840 560 ne
856 498 1013 561 adolescat
1028 498 1080 559 illa
1095 498 1122 558 in
1139 495 1329 559 crocodilum.
1378 497 1475 559 Deum

118 601 224 658 exora,
249 593 336 646 utta
360 593 482 647 tueatur
505 587 544 648 ab
568 587 683 648 artibus
707 586 853 663 Satanae,
879 588 927 668 qui
951 588 1070 650 vitiosis
1094 587 1264 649 humoribus
1289 588 1368 648 solet
1391 586 1476 648 abuti

118 679 153 735 et
176 673 351 752 hujusmodi
374 674 521 737 bestiolas
545 676 657 751 fovere,
682 677 708 738 si
732 678 809 738 forte
832 695 887 756 per
910 697 962 738 eas
986 676 1120 738 taedium
1135 676 1215 737 vitae
1238 676 1387 736 instillare
1401 694 1476 754 pns-

118 762 161 823 sit
177 763 229 843 piu
254 773 285 824 et
308 764 422 825 afflicto
445 764 568 826 homini.
616 764 712 838 Scito,
737 767 864 828 eandem
887 766 1058 838 bestiolam,
1081 765 1113 826 id
1137 773 1186 827 est
1211 764 1348 826 rosiones
1372 763 1475 825 orificii

118 851 282 914 ventriculi
314 861 346 913 et
367 871 415 914 me
439 853 540 915 fovere
560 854 705 934 jejunum,
730 875 805 936 quas
820 854 925 918 crebro
951 854 1037 935 ejicio
1062 853 1235 916 ametando.
1282 851 1358 914 Sum
1376 862 1477 915 autem

118 948 155 1002 et
179 959 237 1020 ego
262 941 506 1014 melancholicus.
553 942 721 1024 conjugem
739 944 819 1007 inter
842 951 927 1006 astra
949 962 1007 1006 non
1031 943 1185 1017 invenies3
1210 943 1304 1004 Terra
1321 942 1402 1022 parit
1419 942 1475 1002 hoc

118 1048 218 1111 genus
242 1029 390 1092 animalis.
436 1032 572 1094 Fortuna
594 1034 713 1112 generis
737 1042 786 1095 est
808 1034 997 1095 vocabulum.
1044 1033 1102 1094 llla
1125 1031 1306 1094 naturaliter
1335 1050 1393 1093 non
1417 1031 1476 1093 nisi
1585 1090 1587 1097 ,

118 1118 219 1182 tribus
243 1119 289 1180 his
313 1119 438 1181 vinculis
463 1141 482 1182 a
505 1123 590 1183 coelo
615 1132 663 1184 est
689 1141 782 1184 nexa:
808 1122 919 1196 animi,
953 1123 1087 1203 corporis
1111 1121 1246 1202 gratioso
1271 1120 1388 1194 habitu,
1419 1139 1476 1199 quo

119 1207 314 1270 fascinentur
336 1208 373 1280 ii,
404 1227 498 1288 penes
523 1230 597 1290 qnos
621 1218 670 1272 est
691 1220 830 1291 potestas
858 1207 1021 1291 ampliandi
1044 1221 1126 1273 tuam
1151 1211 1317 1282 fortunam,
1351 1209 1476 1288 denique

118 1297 212 1378 genio
240 1297 375 1359 tutelari.
422 1297 465 1359 Et
493 1300 567 1379 quia>
593 1300 710 1362 animus
734 1301 787 1362 tibi
812 1300 992 1364 naturaliter
1022 1310 1070 1361 est
1097 1298 1268 1374 subtristis,
1302 1306 1476 1359 contemnes

118 1385 224 1448 omnia
243 1386 343 1448 media
367 1387 505 1449 furtunae
530 1388 769 1469 amplificandae,
795 1410 870 1470 quae
895 1389 946 1451 alii
969 1389 1100 1470 probant
1123 1396 1153 1450 et
1169 1394 1391 1450 consectantur.
1429 1387 1476 1448 De

118 1475 228 1538 habitu
254 1475 387 1556 corporis
406 1475 470 1555 ipse
490 1476 606 1557 judica.
654 1478 689 1541 Si
719 1498 848 1559 namque
872 1498 997 1540 menon
1022 1498 1054 1539 es
1078 1476 1280 1556 corpulentior
1303 1485 1335 1538 et
1357 1475 1478 1556 gravior

118 1565 217 1640 vultu,
242 1583 393 1645 nunqnam
416 1565 470 1626 fies
495 1567 608 1629 consul.
656 1569 690 1629 ln
714 1587 824 1647 genere
849 1587 932 1630 erras
957 1587 1023 1629 curn
1046 1566 1348 1628 maximadocturum
1371 1565 1477 1627 multi-

118 1653 237 1728 tudine,
262 1654 449 1730 existimans,
474 1675 493 1715 a
516 1656 600 1718 coelo
625 1657 715 1718 fluere
740 1677 838 1718 rerum
862 1665 998 1719 eventus.
1045 1657 1125 1719 Illud
1147 1673 1219 1723 vero
1242 1655 1333 1734 plane
1355 1664 1478 1734 praeter

119 1743 221 1805 lucem
246 1742 284 1804 ad
308 1760 363 1805 nos
386 1743 460 1804 nihil
484 1744 632 1820 demittit3
666 1746 766 1807 anima
789 1748 858 1819 (seu
881 1745 981 1825 potins
1005 1746 1083 1818 vita)
1108 1752 1171 1820 est,
1205 1762 1296 1824 quae,
1330 1751 1475 1804 nascente

118 1831 252 1907 homine,
276 1831 375 1894 influit
397 1831 427 1893 in
451 1832 529 1896 hanc
553 1834 639 1915 quasi
663 1836 788 1897 formam
813 1836 964 1898 radiorum
988 1834 1170 1909 sideralium,
1195 1833 1239 1895 sic
1263 1832 1310 1893 vel
1335 1832 1378 1894 sic
1402 1850 1476 1893 con-

118 1921 319 2001 figuratorum
355 1920 385 1982 in
416 1930 527 2000 puncto
555 1924 723 2002 nascentis,
743 1925 881 1987 hominis.
929 1922 963 1985 Si
991 1922 1186 2003 configuratio
1219 1928 1267 1983 est
1293 1920 1477 1993 harmonica,

118 2009 279 2091 pulchram
304 2010 430 2071 formam
453 2011 640 2074 nanciscitur
663 2013 781 2075 animus
804 2014 854 2076 vel
878 2013 1016 2076 animalis
1042 2013 1184 2087 facultas,
1209 2029 1333 2090 eamque
1352 2010 1476 2080 retinet,

118 2118 213 2180 quam
236 2099 287 2161 diu
311 2107 360 2161 est
382 2099 412 2161 iu
437 2119 573 2181 corpore,
597 2101 728 2164 fabricat
750 2101 841 2182 igitur
855 2110 888 2163 ct
901 2102 1057 2183 pulchrum
1076 2100 1133 2162 sibi
1153 2099 1344 2174 domicilium,
1368 2099 1478 2179 figurat

118 2188 244 2262 vultum,
270 2195 304 2249 ut
327 2206 421 2250 causa
443 2190 609 2270 adjuvans;
634 2191 740 2272 quibus
765 2191 880 2253 duobus
896 2192 999 2253 fulcris
1015 2189 1076 2252 dixi
1097 2189 1152 2252 niti
1170 2189 1299 2250 hominis
1314 2189 1475 2263 fortunam,

118 2277 203 2358 quod
226 2277 420 2358 praecipuam
443 2278 510 2358 ejus
533 2279 736 2342 conditionem
767 2280 889 2342 attinet.
934 2280 1015 2343 Nam
1042 2288 1168 2341 eventus
1200 2277 1413 2358 particulares,
1448 2277 1477 2336 in

119 2365 233 2447 quibus
258 2364 312 2427 illa
335 2367 504 2430 consistere
526 2368 655 2443 videtur,
681 2377 752 2431 suut
774 2369 803 2431 in
826 2377 981 2449 potestate
1004 2367 1077 2440 Dei,
1111 2376 1143 2430 et
1172 2368 1238 2447 ejus
1272 2366 1421 2448 permissu
1448 2366 1478 2427 in

118 2461 280 2538 potestate
303 2455 384 2536 genii
407 2457 556 2528 tutelaris,
581 2465 613 2519 et
636 2457 779 2520 divinitus
803 2459 1016 2538 gubernantur.
1063 2457 1191 2519 Animus
1213 2474 1300 2528 vero,
1323 2463 1412 2534 prout
1430 2464 1479 2515 est

121 2550 331 2624 comparatus,
356 2544 401 2606 ita
423 2544 461 2607 iis
486 2545 570 2607 novit
593 2546 646 2621 uti,
672 2555 704 2608 et
728 2549 806 2628 quod
829 2547 907 2609 male
932 2546 1049 2622 cecidit,
1074 2547 1179 2623 lenire,
1204 2552 1256 2606 aut
1285 2545 1377 2606 etiam
1401 2544 1479 2624 quod

122 2633 205 2696 bene
229 2633 350 2709 cecidit,
377 2652 466 2714 aegre
490 2635 648 2714 accipere,
682 2636 782 2716 inique
805 2638 952 2710 tolerare,
977 2636 1076 2698 etsie
1100 2655 1185 2698 suam
1208 2634 1277 2696 inde
1301 2633 1359 2695 sibi
1382 2633 1477 2694 fabri-

120 2740 194 2786 esre
216 2722 376 2784 fortunam.
424 2721 555 2786 Genesis
583 2733 637 2786 tua
659 2725 778 2787 videtur
806 2726 861 2787 tibi
886 2745 922 2787 ex
946 2726 1075 2806 quadam
1098 2725 1199 2805 gratia
1221 2723 1322 2784 vultus
1356 2731 1388 2784 et
1411 2741 1477 2783 mo-

120 2828 198 2885 rum,
224 2818 279 2873 aut
301 2819 384 2874 certe
407 2830 446 2874 ex
469 2813 729 2876 commiseratione
754 2823 786 2876 et
808 2815 1031 2877 existimatione
1046 2814 1170 2893 pietatis
1194 2811 1330 2892 polliceri
1345 2812 1478 2872 favorem

119 2900 285 2973 hominum,
310 2900 342 2961 id
365 2908 414 2963 est
435 2902 593 2981 pulchram
618 2904 786 2979 fortunam3
810 2904 888 2984 quia,
913 2911 947 2965 ut
961 2903 1039 2965 male
1064 2904 1197 2964 habeant
1220 2900 1323 2975 ceteri,
1348 2908 1478 2961 atcerte

118 2987 241 3070 Jupiter
264 2988 295 3050 in
318 2990 416 3052 medio
440 2991 516 3053 coeli
541 2999 614 3066 stat,
640 3004 784 3073 quantum
807 3012 845 3054 ea
868 2992 925 3068 die,
951 2992 1009 3055 imo
1033 3011 1069 3053 eo
1085 3011 1172 3063 anno,
1196 2989 1361 3071 pervadere
1380 2988 1480 3069 potuit

118 3077 309 3154 altissimus3
333 3098 404 3141 narn
427 3081 634 3161 capricornum
657 3101 693 3143 eo
718 3102 795 3144 anno
820 3083 930 3157 tenuit,
964 3082 1083 3160 signum
1107 3081 1315 3143 humillimum.
1362 3078 1478 3160 Estque

118 3168 326 3248 configuratus
350 3169 463 3230 Veneri
487 3169 653 3250 triangulo:
681 3171 836 3234 invenient
859 3171 950 3251 igitur
973 3171 1003 3232 in
1027 3178 1057 3232 te
1083 3168 1210 3231 feminae
1240 3168 1319 3249 quod
1345 3167 1476 3247 placeat,

118 3257 200 3320 unde
224 3257 367 3337 conjicio,
400 3258 512 3321 habere
544 3267 576 3321 te
602 3278 694 3340 posse
727 3261 858 3341 aliquam
886 3260 1038 3340 optionem
1066 3259 1145 3321 inter
1170 3259 1266 3321 lectas
1289 3255 1422 3336 virgines
1446 3264 1478 3316 et

118 3353 287 3421 monas,
312 3347 414 3426 itaque
438 3347 582 3428 possibile
607 3368 685 3424 esse,
709 3359 744 3411 ut
767 3350 841 3412 felix
863 3350 1049 3412 nanciscaris
1073 3348 1252 3429 conjugium.
1299 3345 1346 3408 At'
1372 3354 1478 3407 contra

118 3433 175 3499 Sul
199 3435 296 3497 habet
318 3434 483 3498 Saturnum
508 3445 733 3501 antecessorem
758 3439 787 3501 in
803 3439 904 3501 sextili
918 3439 1038 3514 Martis,
1063 3438 1141 3499 unde
1161 3436 1298 3516 conjicio,
1323 3434 1478 3496 tenemini

118 3525 219 3587 minus
238 3525 370 3604 placere,
395 3543 484 3605 quam
499 3526 554 3587 tibi
569 3526 636 3607 ipsi,
662 3529 740 3588 unde
755 3528 913 3602 timiditas,
939 3529 1039 3590 vultus
1054 3525 1205 3600 demissio,
1231 3533 1264 3586 ut
1279 3542 1337 3586 non
1352 3524 1477 3597 audeas,

118 3614 192 3689 etsi,
216 3614 335 3694 quando
359 3615 467 3690 audes,
491 3615 619 3678 tristitia
641 3617 759 3679 oculum
782 3625 907 3679 naturae
933 3615 1121 3690 occaecavit,
1154 3624 1188 3677 ut
1210 3612 1369 3693 genuinam
1394 3620 1477 3673 tuam

118 3720 182 3766 non
207 3721 368 3783 agnoscas,
391 3704 422 3766 in
445 3722 576 3784 persona
599 3725 696 3769 erres:
722 3705 800 3785 quod
824 3706 849 3765 si
869 3706 962 3766 semel
977 3705 1128 3784 repulsam
1142 3701 1270 3783 patiaris
1295 3700 1389 3779 (qnod
1408 3700 1476 3759 novi

118 3790 195 3855 nihil
217 3791 321 3868 habet,
345 3792 404 3854 nisi
428 3801 577 3873 quatenus
600 3793 816 3856 melancholico
840 3794 885 3855 ita
899 3795 1050 3866 videtur),
1068 3793 1134 3872 jam
1153 3809 1242 3871 porro
1256 3788 1389 3851 timidior
1404 3790 1474 3849 red-

118 3881 214 3956 ditus,
240 3880 417 3962 desperabis
441 3883 604 3944 secundam
628 3883 819 3963 interpellare
843 3884 932 3962 paulo
957 3881 1167 3963 splendidioris
1187 3882 1336 3942 fortunae.
1381 3878 1477 3956 Atqui

118 3969 287 4034 luendum
310 3978 359 4032 est
381 3976 445 4033 rete
469 3970 578 4032 iterum
602 3980 693 4052 atque
716 3973 834 4046 iterum,
860 3973 919 4034 etsi
933 3992 993 4034 nna
1007 3978 1095 4033 nocte
1116 3970 1189 4033 nihil
1205 3967 1336 4049 ceperis:
1361 3967 1478 4028 animus

118 4059 316 4135 attollendus,
341 4060 494 4137 exuendus
517 4068 686 4123 contemtus
709 4062 761 4135 tui,
788 4062 858 4141 quia
881 4062 907 4124 is
931 4062 1059 4141 vitiosus
1082 4059 1111 4122 in
1136 4067 1167 4121 te
1191 4067 1248 4130 est,
1272 4057 1361 4136 idque
1385 4056 1415 4117 in
1430 4055 1477 4115 his

118 4148 274 4223 extemis;
304 4167 374 4210 nam
397 4148 435 4211 de
459 4149 577 4211 actione
606 4169 673 4212 cum
696 4151 761 4212 Deo
785 4152 851 4231 jam
879 4169 936 4211 non
966 4152 1079 4231 loquor.
1127 4147 1267 4229 Inprimis
1300 4145 1475 4217 cavendum,

118 4256 157 4302 ne
180 4245 216 4301 te
240 4256 325 4300 amor
347 4245 499 4313 occaecet,
524 4239 574 4320 qni
599 4241 678 4302 solet
701 4259 769 4301 esse
792 4241 822 4300 in
846 4238 1071 4301 melancholicis
1096 4238 1223 4307 delirus,
1249 4235 1353 4315 etqui
1377 4233 1477 4295 sobrio

118 4326 231 4409 jndicio
256 4327 293 4389 de
316 4327 455 4407 personis
480 4336 512 4390 et
536 4328 759 4390 conditionibus
788 4329 1001 4395 consectandis
1039 4335 1070 4388 et
1093 4328 1213 4407 optione
1245 4325 1384 4386 habenda
1407 4322 1477 4403 plu-

118 4417 226 4480 rimum
249 4425 369 4479 noceat.
417 4415 479 4478 Sed
501 4417 599 4493 video,
625 4426 742 4498 tempus
766 4418 877 4490 abisse,
903 4436 959 4497 quo
984 4417 1062 4479 solet
1086 4436 1168 4478 amor
1187 4433 1304 4476 nocere.
1352 4411 1477 4474 Interim

118 4505 241 4571 sextilis
264 4501 284 4584 ij
309 4513 342 4567 et
364 4512 404 4581 d,
431 4502 471 4582 Θ
496 4525 561 4569 cnm
586 4502 606 4585 ij
631 4508 765 4568 laborem
789 4515 820 4568 et
844 4504 1032 4585 diligentiam
1052 4514 1168 4581 notant,
1194 4523 1269 4583 quae
1285 4511 1356 4564 sunt
1378 4500 1478 4562 media

118 4594 160 4659 sd
184 4595 323 4658 fortunae
347 4594 495 4675 quendam
520 4615 700 4658 successum.
747 4598 774 4668 b
801 4591 874 4673 adlj
899 4597 1001 4658 veniet
1024 4596 1135 4657 aetatis
1154 4589 1206 4657 56.
1227 4591 1355 4665 circiter,
1381 4586 1421 4665 Θ
1438 4589 1477 4650 ad

118 4675 195 4754 ῦὸ
218 4683 332 4746 aetatis
355 4680 425 4756 21,
448 4684 488 4745 ad
512 4681 574 4761 *ij
600 4695 631 4748 et
653 4690 735 4756 Δό
759 4681 899 4747 anni51.
926 4683 986 4759 53;
1011 4685 1177 4747 ascendens
1201 4673 1429 4750 adUdanno
1445 4674 1476 4750 8,

118 4773 158 4837 td
181 4768 254 4852 Δῇ
278 4781 311 4835 et
333 4778 403 4842 *d
425 4791 452 4835 c.
477 4770 531 4838 29.
556 4771 599 4837 30
623 4775 746 4837 aetatis.
793 4772 855 4836 Sed
878 4772 926 4834 hio
956 4774 1049 4838 horae
1073 4773 1224 4853 quadrans
1248 4768 1357 4831 vitiose
1384 4787 1475 4848 prae-

118 4862 235 4927 teritus
256 4856 279 4924 4
302 4880 398 4925 annos
421 4862 524 4926 efficit.
570 4862 612 4926 Hi
635 4865 755 4927 fuerunt
777 4862 848 4926 anni
861 4861 1121 4944 periculosissimi.
1168 4859 1276 4942 Spero,
1300 4858 1331 4921 in
1345 4876 1476 4941 sequen-

170 4963 262 5019 mrsu
275 4965 375 5016 ΟΜΝ.
1231 4963 1265 5016 2⁶
