<?xml version="1.0" encoding="UTF-8"?>
<!DOCTYPE html PUBLIC "-//W3C//DTD XHTML 1.0 Transitional//EN"
    "http://www.w3.org/TR/xhtml1/DTD/xhtml1-transitional.dtd">
<html xmlns="http://www.w3.org/1999/xhtml" xml:lang="en" lang="en">
 <head>
  <title>
</title>
<meta http-equiv="Content-Type" content="text/html;charset=utf-8" />
  <meta name='ocr-system' content='tesseract 3.04.00' />
  <meta name='ocr-capabilities' content='ocr_page ocr_carea ocr_par ocr_line ocrx_word'/>
</head>
<body>
  <div class='ocr_page' id='page_1' title='image "./joanniskepleria17frisgoog_0072.png"; bbox 0 0 3278 5542; ppageno 0'>
   <div class='ocr_carea' id='block_1_1' title="bbox 695 328 1459 401">
    <p class='ocr_par' dir='ltr' id='par_1_1' title="bbox 695 328 1459 401">
     <span class='ocr_line' id='line_1_1' title="bbox 695 328 1459 401; baseline -0.001 -20"><span class='ocrx_word' id='word_1_1' title='bbox 695 328 859 381; x_wconf 68' lang='lat' dir='ltr'><strong>neamus.</strong></span> <span class='ocrx_word' id='word_1_2' title='bbox 1415 329 1459 401; x_wconf 77' lang='lat'><strong>49</strong></span> 
     </span>
    </p>
   </div>
   <div class='ocr_carea' id='block_1_2' title="bbox 116 486 1458 1282">
    <p class='ocr_par' dir='ltr' id='par_1_2' title="bbox 116 486 1458 1104">
     <span class='ocr_line' id='line_1_2' title="bbox 116 486 1457 569; baseline 0.006 -21"><span class='ocrx_word' id='word_1_3' title='bbox 116 486 177 548; x_wconf 86' lang='lat' dir='ltr'><strong>iens</strong></span> <span class='ocrx_word' id='word_1_4' title='bbox 201 504 307 557; x_wconf 80' lang='lat' dir='ltr'><strong>novos.</strong></span> <span class='ocrx_word' id='word_1_5' title='bbox 332 487 376 549; x_wconf 91' lang='lat' dir='ltr'><strong>uti</strong></span> <span class='ocrx_word' id='word_1_6' title='bbox 400 506 452 549; x_wconf 87' lang='lat' dir='ltr'><strong>eos</strong></span> <span class='ocrx_word' id='word_1_7' title='bbox 476 487 549 548; x_wconf 92' lang='lat' dir='ltr'><strong>mibi</strong></span> <span class='ocrx_word' id='word_1_8' title='bbox 570 506 696 567; x_wconf 80' lang='lat' dir='ltr'><strong>praeses</strong></span> <span class='ocrx_word' id='word_1_9' title='bbox 719 488 939 551; x_wconf 73' lang='lat' dir='ltr'><strong>ordinariorum</strong></span> <span class='ocrx_word' id='word_1_10' title='bbox 963 489 1028 569; x_wconf 92' lang='lat' dir='ltr'><strong>(qui</strong></span> <span class='ocrx_word' id='word_1_11' title='bbox 1051 490 1080 550; x_wconf 92' lang='lat' dir='ltr'><strong>in</strong></span> <span class='ocrx_word' id='word_1_12' title='bbox 1100 489 1289 552; x_wconf 78' lang='lat' dir='ltr'><strong>dedicatione</strong></span> <span class='ocrx_word' id='word_1_13' title='bbox 1312 493 1457 556; x_wconf 87' lang='lat' dir='ltr'><strong>nominati</strong></span> 
     </span>
     <span class='ocr_line' id='line_1_3' title="bbox 116 575 1458 658; baseline 0.005 -21"><span class='ocrx_word' id='word_1_14' title='bbox 116 580 179 646; x_wconf 80' lang='lat' dir='ltr'><strong>rat)</strong></span> <span class='ocrx_word' id='word_1_15' title='bbox 205 576 300 637; x_wconf 79' lang='lat' dir='ltr'><strong>irater</strong></span> <span class='ocrx_word' id='word_1_16' title='bbox 323 576 404 638; x_wconf 92' lang='lat' dir='ltr'><strong>illius</strong></span> <span class='ocrx_word' id='word_1_17' title='bbox 419 576 573 655; x_wconf 90' lang='lat' dir='ltr'><strong>capitanei</strong></span> <span class='ocrx_word' id='word_1_18' title='bbox 591 575 696 639; x_wconf 91' lang='lat' dir='ltr'><strong>itidem</strong></span> <span class='ocrx_word' id='word_1_19' title='bbox 714 594 769 657; x_wconf 92' lang='lat' dir='ltr'><strong>pro</strong></span> <span class='ocrx_word' id='word_1_20' title='bbox 784 577 898 658; x_wconf 79' lang='lat' dir='ltr'><strong>aliquot</strong></span> <span class='ocrx_word' id='word_1_21' title='bbox 912 578 1123 641; x_wconf 82' lang='lat' dir='ltr'><strong>nativitatibus</strong></span> <span class='ocrx_word' id='word_1_22' title='bbox 1138 579 1215 640; x_wconf 92' lang='lat' dir='ltr'><strong>dono</strong></span> <span class='ocrx_word' id='word_1_23' title='bbox 1229 579 1324 642; x_wconf 84' lang='lat' dir='ltr'><strong>dedit.</strong></span> <span class='ocrx_word' id='word_1_24' title='bbox 1356 581 1458 645; x_wconf 90' lang='lat' dir='ltr'><strong>Nolim</strong></span> 
     </span>
     <span class='ocr_line' id='line_1_4' title="bbox 116 665 1455 748; baseline 0.004 -21"><span class='ocrx_word' id='word_1_25' title='bbox 116 670 195 727; x_wconf 84' lang='lat' dir='ltr'><strong>utem</strong></span> <span class='ocrx_word' id='word_1_26' title='bbox 219 673 347 738; x_wconf 85' lang='lat' dir='ltr'><strong>metuas,</strong></span> <span class='ocrx_word' id='word_1_27' title='bbox 373 673 408 726; x_wconf 90' lang='lat' dir='ltr'><strong>ut</strong></span> <span class='ocrx_word' id='word_1_28' title='bbox 428 665 527 727; x_wconf 90' lang='lat' dir='ltr'><strong>minus</strong></span> <span class='ocrx_word' id='word_1_29' title='bbox 550 665 635 727; x_wconf 90' lang='lat' dir='ltr'><strong>dives</strong></span> <span class='ocrx_word' id='word_1_30' title='bbox 660 682 717 745; x_wconf 90' lang='lat' dir='ltr'><strong>ego</strong></span> <span class='ocrx_word' id='word_1_31' title='bbox 741 665 819 728; x_wconf 86' lang='lat' dir='ltr'><strong>tiam.</strong></span> <span class='ocrx_word' id='word_1_32' title='bbox 856 667 935 729; x_wconf 91' lang='lat' dir='ltr'><strong>Nam</strong></span> <span class='ocrx_word' id='word_1_33' title='bbox 952 667 1120 746; x_wconf 88' lang='lat' dir='ltr'><strong>hujusmodi</strong></span> <span class='ocrx_word' id='word_1_34' title='bbox 1134 667 1261 748; x_wconf 86' lang='lat' dir='ltr'><strong>aucupia</strong></span> <span class='ocrx_word' id='word_1_35' title='bbox 1284 687 1354 731; x_wconf 82' lang='lat' dir='ltr'><strong>rara</strong></span> <span class='ocrx_word' id='word_1_36' title='bbox 1376 679 1455 735; x_wconf 83' lang='lat' dir='ltr'><strong>sunt</strong></span> 
     </span>
     <span class='ocr_line' id='line_1_5' title="bbox 116 753 1457 840; baseline 0.006 -25"><span class='ocrx_word' id='word_1_37' title='bbox 116 753 254 830; x_wconf 76' lang='lat' dir='ltr'><strong>tuamvis,</strong></span> <span class='ocrx_word' id='word_1_38' title='bbox 279 753 305 817; x_wconf 89' lang='lat' dir='ltr'><strong>si</strong></span> <span class='ocrx_word' id='word_1_39' title='bbox 319 754 402 817; x_wconf 88' lang='lat' dir='ltr'><strong>Dens</strong></span> <span class='ocrx_word' id='word_1_40' title='bbox 418 754 543 817; x_wconf 89' lang='lat' dir='ltr'><strong>cuilibet</strong></span> <span class='ocrx_word' id='word_1_41' title='bbox 556 754 679 817; x_wconf 89' lang='lat' dir='ltr'><strong>animali</strong></span> <span class='ocrx_word' id='word_1_42' title='bbox 697 754 781 818; x_wconf 86' lang='lat' dir='ltr'><strong>dedit</strong></span> <span class='ocrx_word' id='word_1_43' title='bbox 798 755 999 821; x_wconf 87' lang='lat' dir='ltr'><strong>instmmenta</strong></span> <span class='ocrx_word' id='word_1_44' title='bbox 1018 756 1099 818; x_wconf 90' lang='lat' dir='ltr'><strong>vitae</strong></span> <span class='ocrx_word' id='word_1_45' title='bbox 1123 758 1355 834; x_wconf 88' lang='lat' dir='ltr'><strong>conservandae,</strong></span> <span class='ocrx_word' id='word_1_46' title='bbox 1380 779 1457 840; x_wconf 86' lang='lat' dir='ltr'><strong>quae</strong></span> 
     </span>
     <span class='ocr_line' id='line_1_6' title="bbox 116 842 1457 929; baseline 0.004 -25"><span class='ocrx_word' id='word_1_47' title='bbox 116 842 207 904; x_wconf 82' lang='lat' dir='ltr'><strong>rvidia</strong></span> <span class='ocrx_word' id='word_1_48' title='bbox 231 851 291 916; x_wconf 90' lang='lat' dir='ltr'><strong>est,</strong></span> <span class='ocrx_word' id='word_1_49' title='bbox 315 844 341 905; x_wconf 89' lang='lat' dir='ltr'><strong>si</strong></span> <span class='ocrx_word' id='word_1_50' title='bbox 364 844 469 905; x_wconf 89' lang='lat' dir='ltr'><strong>eodem</strong></span> <span class='ocrx_word' id='word_1_51' title='bbox 493 845 618 907; x_wconf 88' lang='lat' dir='ltr'><strong>consilio</strong></span> <span class='ocrx_word' id='word_1_52' title='bbox 643 852 815 907; x_wconf 86' lang='lat' dir='ltr'><strong>astronomo</strong></span> <span class='ocrx_word' id='word_1_53' title='bbox 838 845 976 926; x_wconf 88' lang='lat' dir='ltr'><strong>adjungit</strong></span> <span class='ocrx_word' id='word_1_54' title='bbox 998 846 1215 926; x_wconf 80' lang='lat' dir='ltr'><strong>astrologiam?</strong></span> <span class='ocrx_word' id='word_1_55' title='bbox 1251 847 1331 911; x_wconf 91' lang='lat' dir='ltr'><strong>Illud</strong></span> <span class='ocrx_word' id='word_1_56' title='bbox 1353 848 1457 929; x_wconf 83' lang='lat' dir='ltr'><strong>itaque</strong></span> 
     </span>
     <span class='ocr_line' id='line_1_7' title="bbox 117 931 1457 1018; baseline 0.004 -24"><span class='ocrx_word' id='word_1_57' title='bbox 117 932 235 995; x_wconf 79' lang='lat' dir='ltr'><strong>oculum</strong></span> <span class='ocrx_word' id='word_1_58' title='bbox 259 931 427 1013; x_wconf 89' lang='lat' dir='ltr'><strong>Schillingo</strong></span> <span class='ocrx_word' id='word_1_59' title='bbox 450 941 554 995; x_wconf 82' lang='lat' dir='ltr'><strong>nostro</strong></span> <span class='ocrx_word' id='word_1_60' title='bbox 577 933 745 1014; x_wconf 87' lang='lat' dir='ltr'><strong>propinavi,</strong></span> <span class='ocrx_word' id='word_1_61' title='bbox 770 933 814 996; x_wconf 86' lang='lat' dir='ltr'><strong>uti</strong></span> <span class='ocrx_word' id='word_1_62' title='bbox 838 935 903 996; x_wconf 91' lang='lat' dir='ltr'><strong>loco</strong></span> <span class='ocrx_word' id='word_1_63' title='bbox 927 944 979 996; x_wconf 93' lang='lat' dir='ltr'><strong>tuo</strong></span> <span class='ocrx_word' id='word_1_64' title='bbox 1003 937 1212 1015; x_wconf 89' lang='lat' dir='ltr'><strong>responderet,</strong></span> <span class='ocrx_word' id='word_1_65' title='bbox 1236 940 1402 1018; x_wconf 83' lang='lat' dir='ltr'><strong>precorque</strong></span> <span class='ocrx_word' id='word_1_66' title='bbox 1424 945 1457 1000; x_wconf 89' lang='lat' dir='ltr'><strong>ut</strong></span> 
     </span>
     <span class='ocr_line' id='line_1_8' title="bbox 117 1015 754 1104; baseline 0.003 -21"><span class='ocrx_word' id='word_1_67' title='bbox 117 1040 184 1083; x_wconf 81' lang='lat' dir='ltr'><strong>ama</strong></span> <span class='ocrx_word' id='word_1_68' title='bbox 211 1030 245 1083; x_wconf 86' lang='lat' dir='ltr'><strong>et</strong></span> <span class='ocrx_word' id='word_1_69' title='bbox 268 1015 393 1102; x_wconf 83' lang='lat' dir='ltr'><strong>veget&#39;ns</strong></span> <span class='ocrx_word' id='word_1_70' title='bbox 417 1022 538 1103; x_wconf 85' lang='lat' dir='ltr'><strong>etipse</strong></span> <span class='ocrx_word' id='word_1_71' title='bbox 561 1023 754 1104; x_wconf 87' lang='lat' dir='ltr'><strong>respondeas.</strong></span> 
     </span>
    </p>

    <p class='ocr_par' dir='ltr' id='par_1_3' title="bbox 117 1091 1454 1282">
     <span class='ocr_line' id='line_1_9' title="bbox 181 1091 1454 1177; baseline 0.002 -3"><span class='ocrx_word' id='word_1_72' title='bbox 181 1109 249 1174; x_wconf 89' lang='lat' dir='ltr'><strong>Sed</strong></span> <span class='ocrx_word' id='word_1_73' title='bbox 274 1112 313 1174; x_wconf 87' lang='lat' dir='ltr'><strong>ad</strong></span> <span class='ocrx_word' id='word_1_74' title='bbox 336 1111 469 1174; x_wconf 91' lang='lat' dir='ltr'><strong>libellum</strong></span> <span class='ocrx_word' id='word_1_75' title='bbox 493 1130 591 1174; x_wconf 92' lang='lat' dir='ltr'><strong>meum</strong></span> <span class='ocrx_word' id='word_1_76' title='bbox 614 1112 713 1174; x_wconf 88' lang='lat' dir='ltr'><strong>redeo.</strong></span> <span class='ocrx_word' id='word_1_77' title='bbox 759 1111 856 1174; x_wconf 88' lang='lat' dir='ltr'><strong>Estne</strong></span> <span class='ocrx_word' id='word_1_78' title='bbox 880 1111 1030 1174; x_wconf 85' lang='lat' dir='ltr'><strong>sufficiens</strong></span> <span class='ocrx_word' id='word_1_79' title='bbox 1060 1113 1115 1175; x_wconf 89' lang='lat' dir='ltr'><strong>hoc</strong></span> <span class='ocrx_word' id='word_1_80' title='bbox 1139 1133 1177 1174; x_wconf 84' lang='lat' dir='ltr'><strong>ex</strong></span> <span class='ocrx_word' id='word_1_81' title='bbox 1200 1091 1375 1177; x_wconf 80' lang='lat' dir='ltr'><strong>infelicitate</strong></span> <span class='ocrx_word' id='word_1_82' title='bbox 1399 1114 1454 1176; x_wconf 92' lang='lat' dir='ltr'><strong>de-</strong></span> 
     </span>
     <span class='ocr_line' id='line_1_10' title="bbox 117 1200 1455 1282; baseline 0.003 -20"><span class='ocrx_word' id='word_1_83' title='bbox 117 1206 217 1263; x_wconf 81' lang='lat' dir='ltr'><strong>uotum</strong></span> <span class='ocrx_word' id='word_1_84' title='bbox 231 1209 449 1281; x_wconf 82' lang='lat' dir='ltr'><strong>argumentum,</strong></span> <span class='ocrx_word' id='word_1_85' title='bbox 474 1201 631 1263; x_wconf 88' lang='lat' dir='ltr'><strong>materiam</strong></span> <span class='ocrx_word' id='word_1_86' title='bbox 648 1200 755 1263; x_wconf 88' lang='lat' dir='ltr'><strong>lalsam</strong></span> <span class='ocrx_word' id='word_1_87' title='bbox 772 1201 864 1263; x_wconf 87' lang='lat' dir='ltr'><strong>esse?</strong></span> <span class='ocrx_word' id='word_1_88' title='bbox 895 1202 945 1263; x_wconf 85' lang='lat' dir='ltr'><strong>An</strong></span> <span class='ocrx_word' id='word_1_89' title='bbox 965 1220 1080 1281; x_wconf 86' lang='lat' dir='ltr'><strong>poenas</strong></span> <span class='ocrx_word' id='word_1_90' title='bbox 1104 1203 1152 1265; x_wconf 95' lang='lat' dir='ltr'><strong>luo</strong></span> <span class='ocrx_word' id='word_1_91' title='bbox 1171 1202 1314 1282; x_wconf 90' lang='lat' dir='ltr'><strong>juvenilis</strong></span> <span class='ocrx_word' id='word_1_92' title='bbox 1331 1203 1455 1266; x_wconf 91' lang='lat' dir='ltr'><strong>temeri-</strong></span> 
     </span>
    </p>
   </div>
   <div class='ocr_carea' id='block_1_3' title="bbox 117 1289 1579 1372">
    <p class='ocr_par' dir='ltr' id='par_1_4' title="bbox 117 1289 1579 1372">
     <span class='ocr_line' id='line_1_11' title="bbox 117 1289 1579 1372; baseline 0.002 -21"><span class='ocrx_word' id='word_1_93' title='bbox 117 1289 165 1352; x_wconf 79' lang='lat' dir='ltr'><strong>rtis</strong></span> <span class='ocrx_word' id='word_1_94' title='bbox 190 1299 225 1353; x_wconf 86' lang='lat' dir='ltr'><strong>et</strong></span> <span class='ocrx_word' id='word_1_95' title='bbox 247 1293 409 1352; x_wconf 85' lang='lat' dir='ltr'><strong>affectatae</strong></span> <span class='ocrx_word' id='word_1_96' title='bbox 440 1291 592 1370; x_wconf 87' lang='lat' dir='ltr'><strong>pompae?</strong></span> <span class='ocrx_word' id='word_1_97' title='bbox 638 1291 788 1372; x_wconf 86' lang='lat' dir='ltr'><strong>Tychonis</strong></span> <span class='ocrx_word' id='word_1_98' title='bbox 818 1298 900 1351; x_wconf 87' lang='lat' dir='ltr'><strong>certe</strong></span> <span class='ocrx_word' id='word_1_99' title='bbox 927 1291 1059 1353; x_wconf 87' lang='lat' dir='ltr'><strong>rationes</strong></span> <span class='ocrx_word' id='word_1_100' title='bbox 1091 1311 1138 1353; x_wconf 91' lang='lat' dir='ltr'><strong>me</strong></span> <span class='ocrx_word' id='word_1_101' title='bbox 1170 1291 1244 1353; x_wconf 93' lang='lat' dir='ltr'><strong>nihil</strong></span> <span class='ocrx_word' id='word_1_102' title='bbox 1273 1300 1396 1361; x_wconf 81' lang='lat' dir='ltr'><strong>movent</strong></span> <span class='ocrx_word' id='word_1_103' title='bbox 1422 1300 1456 1354; x_wconf 91' lang='lat' dir='ltr'><strong>ut</strong></span> <span class='ocrx_word' id='word_1_104' title='bbox 1576 1360 1579 1367; x_wconf 63' lang='grc'>,</span> 
     </span>
    </p>
   </div>
   <div class='ocr_carea' id='block_1_4' title="bbox 116 1378 1481 4671">
    <p class='ocr_par' dir='ltr' id='par_1_5' title="bbox 116 1378 1481 4671">
     <span class='ocr_line' id='line_1_12' title="bbox 117 1378 1455 1462; baseline 0.003 -22"><span class='ocrx_word' id='word_1_105' title='bbox 117 1378 239 1442; x_wconf 87' lang='lat' dir='ltr'><strong>rbitem.</strong></span> <span class='ocrx_word' id='word_1_106' title='bbox 276 1381 356 1443; x_wconf 89' lang='lat' dir='ltr'><strong>Nam</strong></span> <span class='ocrx_word' id='word_1_107' title='bbox 379 1380 436 1441; x_wconf 87' lang='lat' dir='ltr'><strong>etsi</strong></span> <span class='ocrx_word' id='word_1_108' title='bbox 460 1379 579 1442; x_wconf 89' lang='lat' dir='ltr'><strong>vitiosis</strong></span> <span class='ocrx_word' id='word_1_109' title='bbox 604 1380 797 1442; x_wconf 85' lang='lat' dir='ltr'><strong>abscessuum</strong></span> <span class='ocrx_word' id='word_1_110' title='bbox 820 1379 1063 1460; x_wconf 84' lang='lat' dir='ltr'><strong>proportionibus</strong></span> <span class='ocrx_word' id='word_1_111' title='bbox 1087 1378 1285 1462; x_wconf 86' lang='lat' dir='ltr'><strong>eCopemico</strong></span> <span class='ocrx_word' id='word_1_112' title='bbox 1310 1381 1455 1445; x_wconf 87' lang='lat' dir='ltr'><strong>desumtis</strong></span> 
     </span>
     <span class='ocr_line' id='line_1_13' title="bbox 116 1468 1455 1551; baseline 0.004 -22"><span class='ocrx_word' id='word_1_113' title='bbox 116 1475 140 1530; x_wconf 92' lang='grc' dir='ltr'><strong>ιι</strong></span> <span class='ocrx_word' id='word_1_114' title='bbox 173 1489 216 1530; x_wconf 82' lang='lat' dir='ltr'><strong>ex</strong></span> <span class='ocrx_word' id='word_1_115' title='bbox 249 1469 315 1550; x_wconf 88' lang='lat' dir='ltr'><strong>ipso</strong></span> <span class='ocrx_word' id='word_1_116' title='bbox 348 1468 502 1548; x_wconf 79' lang='lat' dir='ltr'><strong>intelligo)</strong></span> <span class='ocrx_word' id='word_1_117' title='bbox 534 1469 798 1549; x_wconf 85' lang='lat' dir='ltr'><strong>superaedificavi:</strong></span> <span class='ocrx_word' id='word_1_118' title='bbox 840 1469 945 1531; x_wconf 90' lang='lat' dir='ltr'><strong>vitium</strong></span> <span class='ocrx_word' id='word_1_119' title='bbox 979 1478 1079 1531; x_wconf 87' lang='lat' dir='ltr'><strong>tamen</strong></span> <span class='ocrx_word' id='word_1_120' title='bbox 1112 1469 1192 1531; x_wconf 86' lang='lat' dir='ltr'><strong>inest</strong></span> <span class='ocrx_word' id='word_1_121' title='bbox 1222 1470 1455 1551; x_wconf 87' lang='lat' dir='ltr'><strong>particularibus</strong></span> 
     </span>
     <span class='ocr_line' id='line_1_14' title="bbox 117 1557 1456 1649; baseline 0.001 -28"><span class='ocrx_word' id='word_1_122' title='bbox 117 1558 236 1635; x_wconf 83' lang='lat' dir='ltr'><strong>ntibus,</strong></span> <span class='ocrx_word' id='word_1_123' title='bbox 263 1559 311 1638; x_wconf 93' lang='lat' dir='ltr'><strong>qni</strong></span> <span class='ocrx_word' id='word_1_124' title='bbox 326 1558 466 1639; x_wconf 83' lang='lat' dir='ltr'><strong>exiguam</strong></span> <span class='ocrx_word' id='word_1_125' title='bbox 480 1558 611 1620; x_wconf 81' lang='lat' dir='ltr'><strong>inferunt</strong></span> <span class='ocrx_word' id='word_1_126' title='bbox 624 1557 813 1620; x_wconf 83' lang='lat' dir='ltr'><strong>varietatem.</strong></span> <span class='ocrx_word' id='word_1_127' title='bbox 846 1557 1013 1620; x_wconf 86' lang='lat' dir='ltr'><strong>Veniant</strong></span> <span class='ocrx_word' id='word_1_128' title='bbox 1005 1578 1035 1621; x_wconf 93' lang='grc' dir='ltr'><strong>ιι</strong></span> <span class='ocrx_word' id='word_1_129' title='bbox 1058 1560 1154 1623; x_wconf 86' lang='lat' dir='ltr'><strong>lucem</strong></span> <span class='ocrx_word' id='word_1_130' title='bbox 1176 1559 1243 1649; x_wconf 87' lang='lat' dir='ltr'><strong>eJ&#39;us</strong></span> <span class='ocrx_word' id='word_1_131' title='bbox 1266 1560 1456 1623; x_wconf 89' lang='lat' dir='ltr'><strong>narrationes</strong></span> 
     </span>
     <span class='ocr_line' id='line_1_15' title="bbox 117 1634 1456 1731; baseline 0.002 -22"><span class='ocrx_word' id='word_1_132' title='bbox 117 1648 265 1722; x_wconf 71' lang='lat' dir='ltr'><strong>celestes3</strong></span> <span class='ocrx_word' id='word_1_133' title='bbox 293 1646 454 1710; x_wconf 90' lang='lat' dir='ltr'><strong>videbitur</strong></span> <span class='ocrx_word' id='word_1_134' title='bbox 500 1647 607 1710; x_wconf 88' lang='lat' dir='ltr'><strong>Placet</strong></span> <span class='ocrx_word' id='word_1_135' title='bbox 630 1644 755 1729; x_wconf 90' lang='lat' dir='ltr'><strong>optinie,</strong></span> <span class='ocrx_word' id='word_1_136' title='bbox 780 1646 1033 1727; x_wconf 90' lang='lat' dir='ltr'><strong>deprehendere</strong></span> <span class='ocrx_word' id='word_1_137' title='bbox 1024 1667 1123 1728; x_wconf 81' lang='lat' dir='ltr'><strong>ipsum</strong></span> <span class='ocrx_word' id='word_1_138' title='bbox 1146 1634 1348 1725; x_wconf 89' lang='lat' dir='ltr'><strong>observando,</strong></span> <span class='ocrx_word' id='word_1_139' title='bbox 1377 1639 1456 1731; x_wconf 88' lang='lat' dir='ltr'><strong>quod</strong></span> 
     </span>
     <span class='ocr_line' id='line_1_16' title="bbox 117 1736 1456 1819; baseline 0.002 -22"><span class='ocrx_word' id='word_1_140' title='bbox 117 1755 151 1819; x_wconf 78' lang='lat' dir='ltr'><strong>go</strong></span> <span class='ocrx_word' id='word_1_141' title='bbox 172 1736 384 1798; x_wconf 87' lang='lat' dir='ltr'><strong>ratiocinando</strong></span> <span class='ocrx_word' id='word_1_142' title='bbox 409 1737 602 1817; x_wconf 87' lang='lat' dir='ltr'><strong>collegeram,</strong></span> <span class='ocrx_word' id='word_1_143' title='bbox 636 1747 785 1817; x_wconf 89' lang='lat' dir='ltr'><strong>praeter</strong></span> <span class='ocrx_word' id='word_1_144' title='bbox 813 1736 1006 1799; x_wconf 89' lang='lat' dir='ltr'><strong>circuitum</strong></span> <span class='ocrx_word' id='word_1_145' title='bbox 1037 1738 1135 1800; x_wconf 85' lang='lat' dir='ltr'><strong>circa</strong></span> <span class='ocrx_word' id='word_1_146' title='bbox 1163 1739 1311 1800; x_wconf 92' lang='lat' dir='ltr'><strong>eundem</strong></span> <span class='ocrx_word' id='word_1_147' title='bbox 1334 1736 1456 1810; x_wconf 84' lang='lat' dir='ltr'><strong>Solem</strong></span> 
     </span>
     <span class='ocr_line' id='line_1_17' title="bbox 118 1825 1455 1908; baseline 0.001 -19"><span class='ocrx_word' id='word_1_148' title='bbox 118 1825 189 1889; x_wconf 89' lang='lat' dir='ltr'><strong>ihil</strong></span> <span class='ocrx_word' id='word_1_149' title='bbox 215 1827 294 1888; x_wconf 83' lang='lat' dir='ltr'><strong>lere</strong></span> <span class='ocrx_word' id='word_1_150' title='bbox 321 1825 489 1905; x_wconf 89' lang='lat' dir='ltr'><strong>pluribus</strong></span> <span class='ocrx_word' id='word_1_151' title='bbox 515 1826 680 1906; x_wconf 87' lang='lat' dir='ltr'><strong>planetis</strong></span> <span class='ocrx_word' id='word_1_152' title='bbox 708 1845 887 1888; x_wconf 90' lang='lat' dir='ltr'><strong>commune</strong></span> <span class='ocrx_word' id='word_1_153' title='bbox 916 1844 996 1888; x_wconf 89' lang='lat' dir='ltr'><strong>esse</strong></span> <span class='ocrx_word' id='word_1_154' title='bbox 1020 1826 1160 1889; x_wconf 87' lang='lat' dir='ltr'><strong>debere.</strong></span> <span class='ocrx_word' id='word_1_155' title='bbox 1209 1826 1314 1908; x_wconf 86' lang='lat' dir='ltr'><strong>ltaque</strong></span> <span class='ocrx_word' id='word_1_156' title='bbox 1337 1846 1455 1890; x_wconf 90' lang='lat' dir='ltr'><strong>rursum</strong></span> 
     </span>
     <span class='ocr_line' id='line_1_18' title="bbox 117 1913 1454 1997; baseline -0.004 -14"><span class='ocrx_word' id='word_1_157' title='bbox 117 1914 215 1983; x_wconf 79' lang='lat' dir='ltr'><strong>ado:</strong></span> <span class='ocrx_word' id='word_1_158' title='bbox 247 1913 328 1978; x_wconf 90' lang='lat' dir='ltr'><strong>Veni</strong></span> <span class='ocrx_word' id='word_1_159' title='bbox 352 1915 454 1996; x_wconf 87' lang='lat' dir='ltr'><strong>Tycho</strong></span> <span class='ocrx_word' id='word_1_160' title='bbox 484 1924 515 1978; x_wconf 89' lang='lat' dir='ltr'><strong>et</strong></span> <span class='ocrx_word' id='word_1_161' title='bbox 537 1915 598 1977; x_wconf 92' lang='lat' dir='ltr'><strong>noli</strong></span> <span class='ocrx_word' id='word_1_162' title='bbox 616 1917 754 1979; x_wconf 85' lang='lat' dir='ltr'><strong>tardare.</strong></span> <span class='ocrx_word' id='word_1_163' title='bbox 800 1916 957 1995; x_wconf 78' lang='lat' dir='ltr'><strong>Deponam</strong></span> <span class='ocrx_word' id='word_1_164' title='bbox 980 1924 1080 1978; x_wconf 89' lang='lat' dir='ltr'><strong>antem</strong></span> <span class='ocrx_word' id='word_1_165' title='bbox 1105 1915 1184 1996; x_wconf 86' lang='lat' dir='ltr'><strong>apud</strong></span> <span class='ocrx_word' id='word_1_166' title='bbox 1206 1925 1237 1978; x_wconf 90' lang='lat' dir='ltr'><strong>te</strong></span> <span class='ocrx_word' id='word_1_167' title='bbox 1261 1935 1358 1979; x_wconf 86' lang='lat' dir='ltr'><strong>meam</strong></span> <span class='ocrx_word' id='word_1_168' title='bbox 1382 1935 1454 1997; x_wconf 86' lang='lat' dir='ltr'><strong>spe-</strong></span> 
     </span>
     <span class='ocr_line' id='line_1_19' title="bbox 117 2004 1456 2087; baseline 0 -19"><span class='ocrx_word' id='word_1_169' title='bbox 117 2004 289 2081; x_wconf 82' lang='lat' dir='ltr'><strong>alationem,</strong></span> <span class='ocrx_word' id='word_1_170' title='bbox 314 2012 348 2066; x_wconf 92' lang='lat' dir='ltr'><strong>nt</strong></span> <span class='ocrx_word' id='word_1_171' title='bbox 366 2005 462 2084; x_wconf 78' lang='lat' dir='ltr'><strong>juder</strong></span> <span class='ocrx_word' id='word_1_172' title='bbox 485 2005 538 2077; x_wconf 90' lang='lat' dir='ltr'><strong>sis,</strong></span> <span class='ocrx_word' id='word_1_173' title='bbox 562 2026 600 2066; x_wconf 86' lang='lat' dir='ltr'><strong>an</strong></span> <span class='ocrx_word' id='word_1_174' title='bbox 625 2005 784 2068; x_wconf 91' lang='lat' dir='ltr'><strong>conveniat</strong></span> <span class='ocrx_word' id='word_1_175' title='bbox 808 2025 873 2066; x_wconf 90' lang='lat' dir='ltr'><strong>cum</strong></span> <span class='ocrx_word' id='word_1_176' title='bbox 889 2005 1039 2087; x_wconf 85' lang='lat' dir='ltr'><strong>Tychone,</strong></span> <span class='ocrx_word' id='word_1_177' title='bbox 1065 2004 1090 2065; x_wconf 90' lang='lat' dir='ltr'><strong>si</strong></span> <span class='ocrx_word' id='word_1_178' title='bbox 1114 2005 1139 2067; x_wconf 92' lang='lat' dir='ltr'><strong>is</strong></span> <span class='ocrx_word' id='word_1_179' title='bbox 1162 2006 1298 2080; x_wconf 90' lang='lat' dir='ltr'><strong>prodeat.</strong></span> <span class='ocrx_word' id='word_1_180' title='bbox 1336 2004 1456 2087; x_wconf 87' lang='lat' dir='ltr'><strong>Jupiter</strong></span> 
     </span>
     <span class='ocr_line' id='line_1_20' title="bbox 118 2092 1455 2196; baseline -0.001 -39"><span class='ocrx_word' id='word_1_181' title='bbox 118 2095 185 2157; x_wconf 81' lang='lat' dir='ltr'><strong>ebet</strong></span> <span class='ocrx_word' id='word_1_182' title='bbox 210 2094 324 2156; x_wconf 90' lang='lat' dir='ltr'><strong>habere</strong></span> <span class='ocrx_word' id='word_1_183' title='bbox 345 2094 586 2156; x_wconf 87' lang='lat' dir='ltr'><strong>mediocritatem</strong></span> <span class='ocrx_word' id='word_1_184' title='bbox 610 2095 640 2156; x_wconf 94' lang='lat' dir='ltr'><strong>in</strong></span> <span class='ocrx_word' id='word_1_185' title='bbox 664 2095 780 2157; x_wconf 90' lang='lat' dir='ltr'><strong>duabus</strong></span> <span class='ocrx_word' id='word_1_186' title='bbox 803 2102 905 2156; x_wconf 83' lang='lat' dir='ltr'><strong>motus</strong></span> <span class='ocrx_word' id='word_1_187' title='bbox 929 2093 1128 2196; x_wconf 41' lang='lat' dir='ltr'><strong>particularis·</strong></span> <span class='ocrx_word' id='word_1_188' title='bbox 1149 2092 1363 2176; x_wconf 84' lang='lat' dir='ltr'><strong>qualitatibirs,</strong></span> <span class='ocrx_word' id='word_1_189' title='bbox 1393 2092 1455 2157; x_wconf 90' lang='lat' dir='ltr'><strong>Sa-</strong></span> 
     </span>
     <span class='ocr_line' id='line_1_21' title="bbox 118 2183 1455 2264; baseline -0.001 -18"><span class='ocrx_word' id='word_1_190' title='bbox 118 2203 198 2246; x_wconf 84' lang='lat' dir='ltr'><strong>mune</strong></span> <span class='ocrx_word' id='word_1_191' title='bbox 225 2202 382 2245; x_wconf 88' lang='lat' dir='ltr'><strong>excessum</strong></span> <span class='ocrx_word' id='word_1_192' title='bbox 405 2184 436 2245; x_wconf 90' lang='lat' dir='ltr'><strong>in</strong></span> <span class='ocrx_word' id='word_1_193' title='bbox 460 2204 529 2258; x_wconf 94' lang='lat' dir='ltr'><strong>una,</strong></span> <span class='ocrx_word' id='word_1_194' title='bbox 554 2185 735 2245; x_wconf 84' lang='lat' dir='ltr'><strong>delectum</strong></span> <span class='ocrx_word' id='word_1_195' title='bbox 727 2203 756 2246; x_wconf 91' lang='grc' dir='ltr'><strong>ιι</strong></span> <span class='ocrx_word' id='word_1_196' title='bbox 780 2183 891 2258; x_wconf 89' lang='lat' dir='ltr'><strong>altera,</strong></span> <span class='ocrx_word' id='word_1_197' title='bbox 915 2183 1001 2244; x_wconf 90' lang='lat' dir='ltr'><strong>Mars</strong></span> <span class='ocrx_word' id='word_1_198' title='bbox 1024 2183 1163 2264; x_wconf 90' lang='lat' dir='ltr'><strong>opposito</strong></span> <span class='ocrx_word' id='word_1_199' title='bbox 1132 2185 1274 2245; x_wconf 93' lang='lat' dir='ltr'><strong>mtodo</strong></span> <span class='ocrx_word' id='word_1_200' title='bbox 1299 2195 1455 2246; x_wconf 75' lang='lat' dir='ltr'><strong>excessum</strong></span> 
     </span>
     <span class='ocr_line' id='line_1_22' title="bbox 118 2271 1456 2376; baseline -0.001 -39"><span class='ocrx_word' id='word_1_201' title='bbox 118 2272 144 2337; x_wconf 85' lang='lat' dir='ltr'><strong>el</strong></span> <span class='ocrx_word' id='word_1_202' title='bbox 165 2272 344 2347; x_wconf 83' lang='lat' dir='ltr'><strong>delectum</strong></span> <span class='ocrx_word' id='word_1_203' title='bbox 369 2280 431 2334; x_wconf 90' lang='lat' dir='ltr'><strong>tres</strong></span> <span class='ocrx_word' id='word_1_204' title='bbox 456 2271 641 2363; x_wconf 88' lang='lat' dir='ltr'><strong>superiores</strong></span> <span class='ocrx_word' id='word_1_205' title='bbox 648 2272 760 2335; x_wconf 89' lang='lat' dir='ltr'><strong>debent</strong></span> <span class='ocrx_word' id='word_1_206' title='bbox 782 2272 873 2335; x_wconf 87' lang='lat' dir='ltr'><strong>alio·</strong></span> <span class='ocrx_word' id='word_1_207' title='bbox 855 2292 893 2335; x_wconf 83' lang='lat' dir='ltr'><strong>m</strong></span> <span class='ocrx_word' id='word_1_208' title='bbox 917 2290 1027 2353; x_wconf 87' lang='lat' dir='ltr'><strong>genere</strong></span> <span class='ocrx_word' id='word_1_209' title='bbox 1047 2272 1203 2353; x_wconf 87' lang='lat' dir='ltr'><strong>qualitatis</strong></span> <span class='ocrx_word' id='word_1_210' title='bbox 1217 2271 1341 2348; x_wconf 91' lang='lat' dir='ltr'><strong>versari,</strong></span> <span class='ocrx_word' id='word_1_211' title='bbox 1367 2291 1456 2376; x_wconf 87' lang='lat' dir='ltr'><strong>quam</strong></span> 
     </span>
     <span class='ocr_line' id='line_1_23' title="bbox 118 2361 1455 2443; baseline -0.001 -18"><span class='ocrx_word' id='word_1_212' title='bbox 118 2380 150 2425; x_wconf 90' lang='lat' dir='ltr'><strong>uo</strong></span> <span class='ocrx_word' id='word_1_213' title='bbox 173 2361 345 2426; x_wconf 84' lang='lat' dir='ltr'><strong>inferiores.</strong></span> <span class='ocrx_word' id='word_1_214' title='bbox 393 2361 499 2424; x_wconf 87' lang='lat' dir='ltr'><strong>Venus</strong></span> <span class='ocrx_word' id='word_1_215' title='bbox 523 2361 648 2424; x_wconf 89' lang='lat' dir='ltr'><strong>debet</strong></span> <span class='ocrx_word' id='word_1_216' title='bbox 640 2382 669 2423; x_wconf 88' lang='grc' dir='ltr'><strong>ιι</strong></span> <span class='ocrx_word' id='word_1_217' title='bbox 699 2362 761 2424; x_wconf 87' lang='lat' dir='ltr'><strong>suis</strong></span> <span class='ocrx_word' id='word_1_218' title='bbox 787 2370 886 2424; x_wconf 91' lang='lat' dir='ltr'><strong>motus</strong></span> <span class='ocrx_word' id='word_1_219' title='bbox 918 2361 1116 2442; x_wconf 88' lang='lat' dir='ltr'><strong>qualitatibus</strong></span> <span class='ocrx_word' id='word_1_220' title='bbox 1144 2382 1211 2425; x_wconf 89' lang='lat' dir='ltr'><strong>esse</strong></span> <span class='ocrx_word' id='word_1_221' title='bbox 1241 2361 1382 2443; x_wconf 84' lang='lat' dir='ltr'><strong>opposita</strong></span> <span class='ocrx_word' id='word_1_222' title='bbox 1403 2361 1455 2425; x_wconf 91' lang='lat' dir='ltr'><strong>uni</strong></span> 
     </span>
     <span class='ocr_line' id='line_1_24' title="bbox 118 2450 1456 2532; baseline 0.001 -20"><span class='ocrx_word' id='word_1_223' title='bbox 118 2452 258 2525; x_wconf 86' lang='lat' dir='ltr'><strong>lercuri0,</strong></span> <span class='ocrx_word' id='word_1_224' title='bbox 282 2459 317 2513; x_wconf 94' lang='lat' dir='ltr'><strong>ut</strong></span> <span class='ocrx_word' id='word_1_225' title='bbox 330 2450 450 2531; x_wconf 88' lang='lat' dir='ltr'><strong>Jupiter</strong></span> <span class='ocrx_word' id='word_1_226' title='bbox 464 2450 596 2514; x_wconf 88' lang='lat' dir='ltr'><strong>Saturno</strong></span> <span class='ocrx_word' id='word_1_227' title='bbox 616 2461 648 2512; x_wconf 90' lang='lat' dir='ltr'><strong>et</strong></span> <span class='ocrx_word' id='word_1_228' title='bbox 661 2451 755 2513; x_wconf 88' lang='lat' dir='ltr'><strong>Marti</strong></span> <span class='ocrx_word' id='word_1_229' title='bbox 778 2451 875 2514; x_wconf 91' lang='lat' dir='ltr'><strong>simul.</strong></span> <span class='ocrx_word' id='word_1_230' title='bbox 906 2450 977 2512; x_wconf 87' lang='lat' dir='ltr'><strong>Jam</strong></span> <span class='ocrx_word' id='word_1_231' title='bbox 996 2469 1072 2531; x_wconf 89' lang='lat' dir='ltr'><strong>quae</strong></span> <span class='ocrx_word' id='word_1_232' title='bbox 1096 2452 1132 2512; x_wconf 89' lang='lat' dir='ltr'><strong>de</strong></span> <span class='ocrx_word' id='word_1_233' title='bbox 1156 2452 1350 2532; x_wconf 88' lang='lat' dir='ltr'><strong>ampliatione</strong></span> <span class='ocrx_word' id='word_1_234' title='bbox 1373 2451 1456 2514; x_wconf 89' lang='lat' dir='ltr'><strong>orbis</strong></span> 
     </span>
     <span class='ocr_line' id='line_1_25' title="bbox 118 2537 1454 2621; baseline -0.001 -18"><span class='ocrx_word' id='word_1_235' title='bbox 118 2541 182 2603; x_wconf 88' lang='lat' dir='ltr'><strong>mni</strong></span> <span class='ocrx_word' id='word_1_236' title='bbox 206 2540 291 2615; x_wconf 89' lang='lat' dir='ltr'><strong>dicit,</strong></span> <span class='ocrx_word' id='word_1_237' title='bbox 316 2549 433 2601; x_wconf 85' lang='lat' dir='ltr'><strong>tantum</strong></span> <span class='ocrx_word' id='word_1_238' title='bbox 457 2540 556 2614; x_wconf 88' lang='lat' dir='ltr'><strong>abest,</strong></span> <span class='ocrx_word' id='word_1_239' title='bbox 580 2548 614 2602; x_wconf 94' lang='lat' dir='ltr'><strong>ut</strong></span> <span class='ocrx_word' id='word_1_240' title='bbox 637 2557 683 2601; x_wconf 91' lang='lat' dir='ltr'><strong>me</strong></span> <span class='ocrx_word' id='word_1_241' title='bbox 708 2541 880 2602; x_wconf 89' lang='lat' dir='ltr'><strong>absterreat</strong></span> <span class='ocrx_word' id='word_1_242' title='bbox 896 2560 915 2600; x_wconf 88' lang='lat' dir='ltr'><strong>a</strong></span> <span class='ocrx_word' id='word_1_243' title='bbox 930 2539 1098 2621; x_wconf 86' lang='lat' dir='ltr'><strong>Copemico</strong></span> <span class='ocrx_word' id='word_1_244' title='bbox 1123 2542 1186 2613; x_wconf 89' lang='lat' dir='ltr'><strong>(vel</strong></span> <span class='ocrx_word' id='word_1_245' title='bbox 1201 2542 1293 2619; x_wconf 79' lang='lat' dir='ltr'><strong>etiam</strong></span> <span class='ocrx_word' id='word_1_246' title='bbox 1308 2537 1362 2604; x_wconf 88' lang='lat' dir='ltr'><strong>a5</strong></span> <span class='ocrx_word' id='word_1_247' title='bbox 1385 2558 1454 2603; x_wconf 90' lang='lat' dir='ltr'><strong>cor·</strong></span> 
     </span>
     <span class='ocr_line' id='line_1_26' title="bbox 118 2628 1454 2712; baseline -0.001 -20"><span class='ocrx_word' id='word_1_248' title='bbox 118 2630 243 2705; x_wconf 89' lang='lat' dir='ltr'><strong>oribus),</strong></span> <span class='ocrx_word' id='word_1_249' title='bbox 270 2638 305 2692; x_wconf 91' lang='grc' dir='ltr'><strong>ιι</strong></span> <span class='ocrx_word' id='word_1_250' title='bbox 324 2630 424 2710; x_wconf 92' lang='lat' dir='ltr'><strong>potius</strong></span> <span class='ocrx_word' id='word_1_251' title='bbox 440 2649 494 2691; x_wconf 88' lang='lat' dir='ltr'><strong>suo</strong></span> <span class='ocrx_word' id='word_1_252' title='bbox 510 2629 605 2709; x_wconf 91' lang='lat' dir='ltr'><strong>ipsum</strong></span> <span class='ocrx_word' id='word_1_253' title='bbox 620 2629 789 2712; x_wconf 88' lang='lat' dir='ltr'><strong>Tychonem</strong></span> <span class='ocrx_word' id='word_1_254' title='bbox 813 2629 914 2710; x_wconf 91' lang='lat' dir='ltr'><strong>gladio</strong></span> <span class='ocrx_word' id='word_1_255' title='bbox 938 2629 1026 2692; x_wconf 83' lang='lat' dir='ltr'><strong>ferire</strong></span> <span class='ocrx_word' id='word_1_256' title='bbox 1050 2628 1187 2693; x_wconf 91' lang='lat' dir='ltr'><strong>mediter.</strong></span> <span class='ocrx_word' id='word_1_257' title='bbox 1221 2628 1321 2702; x_wconf 86' lang='lat' dir='ltr'><strong>Quid?</strong></span> <span class='ocrx_word' id='word_1_258' title='bbox 1344 2648 1454 2711; x_wconf 89' lang='lat' dir='ltr'><strong>ergone</strong></span> 
     </span>
     <span class='ocr_line' id='line_1_27' title="bbox 118 2718 1462 2800; baseline -0.001 -19"><span class='ocrx_word' id='word_1_259' title='bbox 118 2728 143 2781; x_wconf 85' lang='grc' dir='ltr'><strong>ιι</strong></span> <span class='ocrx_word' id='word_1_260' title='bbox 165 2719 349 2781; x_wconf 86' lang='lat' dir='ltr'><strong>monstrosis</strong></span> <span class='ocrx_word' id='word_1_261' title='bbox 373 2719 504 2780; x_wconf 90' lang='lat' dir='ltr'><strong>motibus</strong></span> <span class='ocrx_word' id='word_1_262' title='bbox 527 2727 594 2782; x_wconf 87' lang='lat' dir='ltr'><strong>tota</strong></span> <span class='ocrx_word' id='word_1_263' title='bbox 616 2719 710 2781; x_wconf 90' lang='lat' dir='ltr'><strong>moles</strong></span> <span class='ocrx_word' id='word_1_264' title='bbox 734 2718 753 2782; x_wconf 78' lang='lat'>5</span> <span class='ocrx_word' id='word_1_265' title='bbox 772 2720 962 2800; x_wconf 87' lang='lat' dir='ltr'><strong>planetarum</strong></span> <span class='ocrx_word' id='word_1_266' title='bbox 980 2738 1039 2781; x_wconf 87' lang='lat' dir='ltr'><strong>una</strong></span> <span class='ocrx_word' id='word_1_267' title='bbox 1056 2738 1123 2781; x_wconf 90' lang='lat' dir='ltr'><strong>cum</strong></span> <span class='ocrx_word' id='word_1_268' title='bbox 1137 2718 1219 2795; x_wconf 85' lang='lat' dir='ltr'><strong>Sole,</strong></span> <span class='ocrx_word' id='word_1_269' title='bbox 1244 2729 1345 2782; x_wconf 91' lang='lat' dir='ltr'><strong>centro</strong></span> <span class='ocrx_word' id='word_1_270' title='bbox 1368 2719 1462 2800; x_wconf 78' lang='lat' dir='ltr'><strong>ipso··</strong></span> 
     </span>
     <span class='ocr_line' id='line_1_28' title="bbox 118 2805 1454 2888; baseline 0 -18"><span class='ocrx_word' id='word_1_271' title='bbox 118 2827 176 2884; x_wconf 78' lang='grc' dir='ltr'><strong>ι,</strong></span> <span class='ocrx_word' id='word_1_272' title='bbox 213 2807 367 2870; x_wconf 80' lang='lat' dir='ltr'><strong>volvitur?</strong></span> <span class='ocrx_word' id='word_1_273' title='bbox 413 2807 534 2878; x_wconf 85' lang='lat' dir='ltr'><strong>Quanto</strong></span> <span class='ocrx_word' id='word_1_274' title='bbox 563 2808 681 2870; x_wconf 86' lang='lat' dir='ltr'><strong>facilius</strong></span> <span class='ocrx_word' id='word_1_275' title='bbox 709 2809 791 2871; x_wconf 88' lang='lat' dir='ltr'><strong>credi</strong></span> <span class='ocrx_word' id='word_1_276' title='bbox 818 2817 921 2888; x_wconf 87' lang='lat' dir='ltr'><strong>potest</strong></span> <span class='ocrx_word' id='word_1_277' title='bbox 945 2805 1129 2888; x_wconf 87' lang='lat' dir='ltr'><strong>Copernico,</strong></span> <span class='ocrx_word' id='word_1_278' title='bbox 1164 2810 1257 2871; x_wconf 88' lang='lat' dir='ltr'><strong>solius</strong></span> <span class='ocrx_word' id='word_1_279' title='bbox 1289 2808 1319 2870; x_wconf 93' lang='lat' dir='ltr'><strong>id</strong></span> <span class='ocrx_word' id='word_1_280' title='bbox 1343 2809 1454 2871; x_wconf 87' lang='lat' dir='ltr'><strong>Terrae</strong></span> 
     </span>
     <span class='ocr_line' id='line_1_29' title="bbox 118 2895 1453 2982; baseline -0.002 -22"><span class='ocrx_word' id='word_1_281' title='bbox 118 2906 174 2960; x_wconf 77' lang='lat' dir='ltr'><strong>totu</strong></span> <span class='ocrx_word' id='word_1_282' title='bbox 209 2897 296 2960; x_wconf 85' lang='lat' dir='ltr'><strong>fieri:</strong></span> <span class='ocrx_word' id='word_1_283' title='bbox 328 2916 394 2958; x_wconf 91' lang='lat' dir='ltr'><strong>cum</strong></span> <span class='ocrx_word' id='word_1_284' title='bbox 425 2897 516 2959; x_wconf 90' lang='lat' dir='ltr'><strong>iidem</strong></span> <span class='ocrx_word' id='word_1_285' title='bbox 549 2896 684 2979; x_wconf 92' lang='lat' dir='ltr'><strong>utrinque</strong></span> <span class='ocrx_word' id='word_1_286' title='bbox 714 2898 775 2960; x_wconf 90' lang='lat' dir='ltr'><strong>sint</strong></span> <span class='ocrx_word' id='word_1_287' title='bbox 803 2900 936 2960; x_wconf 85' lang='lat' dir='ltr'><strong>effectus.</strong></span> <span class='ocrx_word' id='word_1_288' title='bbox 984 2896 1045 2959; x_wconf 87' lang='lat' dir='ltr'><strong>Sed</strong></span> <span class='ocrx_word' id='word_1_289' title='bbox 1070 2898 1223 2978; x_wconf 82' lang='lat' dir='ltr'><strong>quid‘ego</strong></span> <span class='ocrx_word' id='word_1_290' title='bbox 1248 2895 1326 2959; x_wconf 90' lang='lat' dir='ltr'><strong>tibi?</strong></span> <span class='ocrx_word' id='word_1_291' title='bbox 1373 2895 1453 2982; x_wconf 82' lang='lat' dir='ltr'><strong>Quid</strong></span> 
     </span>
     <span class='ocr_line' id='line_1_30' title="bbox 118 2985 1452 3071; baseline -0.001 -22"><span class='ocrx_word' id='word_1_292' title='bbox 118 2986 255 3071; x_wconf 73' lang='lat' dir='ltr'><strong>Jchoni?</strong></span> <span class='ocrx_word' id='word_1_293' title='bbox 300 2986 512 3049; x_wconf 88' lang='lat' dir='ltr'><strong>Dubiumnon</strong></span> <span class='ocrx_word' id='word_1_294' title='bbox 545 2995 611 3062; x_wconf 88' lang='lat' dir='ltr'><strong>est,</strong></span> <span class='ocrx_word' id='word_1_295' title='bbox 645 2987 714 3067; x_wconf 90' lang='lat' dir='ltr'><strong>quin</strong></span> <span class='ocrx_word' id='word_1_296' title='bbox 743 2987 806 3068; x_wconf 87' lang='lat' dir='ltr'><strong>ipse</strong></span> <span class='ocrx_word' id='word_1_297' title='bbox 839 2987 894 3049; x_wconf 89' lang='lat' dir='ltr'><strong>hoc</strong></span> <span class='ocrx_word' id='word_1_298' title='bbox 925 2986 1086 3066; x_wconf 89' lang='lat' dir='ltr'><strong>intelligat.</strong></span> <span class='ocrx_word' id='word_1_299' title='bbox 1132 2985 1253 3067; x_wconf 87' lang='lat' dir='ltr'><strong>Ergone</strong></span> <span class='ocrx_word' id='word_1_300' title='bbox 1277 2986 1373 3048; x_wconf 89' lang='lat' dir='ltr'><strong>solum</strong></span> <span class='ocrx_word' id='word_1_301' title='bbox 1397 2986 1452 3048; x_wconf 91' lang='lat' dir='ltr'><strong>has</strong></span> 
     </span>
     <span class='ocr_line' id='line_1_31' title="bbox 118 3073 1452 3157; baseline 0 -19"><span class='ocrx_word' id='word_1_302' title='bbox 118 3076 228 3139; x_wconf 73' lang='lat' dir='ltr'><strong>aiones</strong></span> <span class='ocrx_word' id='word_1_303' title='bbox 248 3075 350 3148; x_wconf 90' lang='lat' dir='ltr'><strong>habet,</strong></span> <span class='ocrx_word' id='word_1_304' title='bbox 375 3095 449 3155; x_wconf 88' lang='lat' dir='ltr'><strong>quas</strong></span> <span class='ocrx_word' id='word_1_305' title='bbox 465 3073 632 3156; x_wconf 88' lang='lat' dir='ltr'><strong>Copernico</strong></span> <span class='ocrx_word' id='word_1_306' title='bbox 647 3077 804 3157; x_wconf 91' lang='lat' dir='ltr'><strong>opponat?</strong></span> <span class='ocrx_word' id='word_1_307' title='bbox 836 3078 885 3138; x_wconf 85' lang='lat' dir='ltr'><strong>An</strong></span> <span class='ocrx_word' id='word_1_308' title='bbox 909 3077 1007 3157; x_wconf 83' lang='lat' dir='ltr'><strong>maJ&#39;or</strong></span> <span class='ocrx_word' id='word_1_309' title='bbox 1030 3076 1076 3137; x_wconf 86' lang='lat' dir='ltr'><strong>his</strong></span> <span class='ocrx_word' id='word_1_310' title='bbox 1098 3076 1264 3138; x_wconf 92' lang='lat' dir='ltr'><strong>rationibus</strong></span> <span class='ocrx_word' id='word_1_311' title='bbox 1282 3074 1329 3137; x_wconf 89' lang='lat' dir='ltr'><strong>vis</strong></span> <span class='ocrx_word' id='word_1_312' title='bbox 1352 3075 1452 3151; x_wconf 89' lang='lat' dir='ltr'><strong>inerit,</strong></span> 
     </span>
     <span class='ocr_line' id='line_1_32' title="bbox 118 3164 1471 3247; baseline 0 -19"><span class='ocrx_word' id='word_1_313' title='bbox 118 3166 140 3228; x_wconf 84' lang='grc' dir='ltr'>ιί</span> <span class='ocrx_word' id='word_1_314' title='bbox 165 3166 197 3227; x_wconf 92' lang='lat' dir='ltr'><strong>in</strong></span> <span class='ocrx_word' id='word_1_315' title='bbox 221 3165 425 3228; x_wconf 77' lang='lat' dir='ltr'><strong>fundamentis</strong></span> <span class='ocrx_word' id='word_1_316' title='bbox 448 3166 510 3228; x_wconf 91' lang='lat' dir='ltr'><strong>suis</strong></span> <span class='ocrx_word' id='word_1_317' title='bbox 535 3174 566 3226; x_wconf 92' lang='lat' dir='ltr'><strong>et</strong></span> <span class='ocrx_word' id='word_1_318' title='bbox 589 3165 771 3228; x_wconf 83' lang='lat' dir='ltr'><strong>sufficienter</strong></span> <span class='ocrx_word' id='word_1_319' title='bbox 789 3166 1078 3229; x_wconf 90' lang='lat' dir='ltr'><strong>considerabuntur?</strong></span> <span class='ocrx_word' id='word_1_320' title='bbox 1110 3166 1145 3228; x_wconf 93' lang='lat' dir='ltr'><strong>ld</strong></span> <span class='ocrx_word' id='word_1_321' title='bbox 1160 3166 1261 3247; x_wconf 86' lang='lat' dir='ltr'><strong>ntique</strong></span> <span class='ocrx_word' id='word_1_322' title='bbox 1275 3164 1452 3228; x_wconf 85' lang='lat' dir='ltr'><strong>videbimus.</strong></span> <span class='ocrx_word' id='word_1_323' title='bbox 1467 3200 1471 3207; x_wconf 94' lang='lat'>·</span> 
     </span>
     <span class='ocr_line' id='line_1_33' title="bbox 119 3254 1454 3357; baseline -0.001 -39"><span class='ocrx_word' id='word_1_324' title='bbox 119 3262 184 3318; x_wconf 84' lang='lat' dir='ltr'><strong>erte</strong></span> <span class='ocrx_word' id='word_1_325' title='bbox 209 3255 290 3336; x_wconf 84' lang='lat' dir='ltr'><strong>quod</strong></span> <span class='ocrx_word' id='word_1_326' title='bbox 314 3254 401 3330; x_wconf 89' lang='lat' dir='ltr'><strong>dicit,</strong></span> <span class='ocrx_word' id='word_1_327' title='bbox 427 3275 460 3316; x_wconf 87' lang='lat' dir='ltr'><strong>ae</strong></span> <span class='ocrx_word' id='word_1_328' title='bbox 484 3256 513 3317; x_wconf 94' lang='lat' dir='ltr'><strong>in</strong></span> <span class='ocrx_word' id='word_1_329' title='bbox 537 3254 612 3316; x_wconf 89' lang='lat' dir='ltr'><strong>meis</strong></span> <span class='ocrx_word' id='word_1_330' title='bbox 637 3254 806 3317; x_wconf 88' lang='lat' dir='ltr'><strong>literist</strong></span> <span class='ocrx_word' id='word_1_331' title='bbox 757 3263 806 3317; x_wconf 91' lang='lat' dir='ltr'><strong>rat</strong></span> <span class='ocrx_word' id='word_1_332' title='bbox 807 3256 890 3317; x_wconf 92' lang='lat' dir='ltr'><strong>iones</strong></span> <span class='ocrx_word' id='word_1_333' title='bbox 914 3256 1050 3329; x_wconf 90' lang='lat' dir='ltr'><strong>dedisse,</strong></span> <span class='ocrx_word' id='word_1_334' title='bbox 1075 3255 1187 3317; x_wconf 89' lang='lat' dir='ltr'><strong>nullam</strong></span> <span class='ocrx_word' id='word_1_335' title='bbox 1197 3254 1325 3357; x_wconf 85' lang='lat' dir='ltr'><strong>reperio</strong></span> <span class='ocrx_word' id='word_1_336' title='bbox 1348 3263 1454 3317; x_wconf 87' lang='lat' dir='ltr'><strong>contra</strong></span> 
     </span>
     <span class='ocr_line' id='line_1_34' title="bbox 119 3303 1450 3449; baseline -0.002 -40"><span class='ocrx_word' id='word_1_337' title='bbox 119 3352 204 3409; x_wconf 88' lang='lat' dir='ltr'><strong>otum</strong></span> <span class='ocrx_word' id='word_1_338' title='bbox 229 3343 356 3417; x_wconf 87' lang='lat' dir='ltr'><strong>Terrae,</strong></span> <span class='ocrx_word' id='word_1_339' title='bbox 387 3364 477 3425; x_wconf 90' lang='lat' dir='ltr'><strong>quam</strong></span> <span class='ocrx_word' id='word_1_340' title='bbox 505 3344 674 3406; x_wconf 88' lang='lat' dir='ltr'><strong>absolutam</strong></span> <span class='ocrx_word' id='word_1_341' title='bbox 702 3346 894 3449; x_wconf 83' lang='lat' dir='ltr'><strong>negationem</strong></span> <span class='ocrx_word' id='word_1_342' title='bbox 923 3356 954 3407; x_wconf 89' lang='lat' dir='ltr'><strong>et</strong></span> <span class='ocrx_word' id='word_1_343' title='bbox 982 3303 1088 3406; x_wconf 85' lang='lat' dir='ltr'><strong>deiride</strong></span> <span class='ocrx_word' id='word_1_344' title='bbox 1116 3336 1272 3427; x_wconf 85' lang='lat' dir='ltr'><strong>physicam</strong></span> <span class='ocrx_word' id='word_1_345' title='bbox 1295 3345 1450 3418; x_wconf 86' lang='lat' dir='ltr'><strong>rationem,</strong></span> 
     </span>
     <span class='ocr_line' id='line_1_35' title="bbox 119 3433 1453 3514; baseline -0.001 -17"><span class='ocrx_word' id='word_1_346' title='bbox 119 3453 178 3497; x_wconf 77' lang='lat' dir='ltr'><strong>mm</strong></span> <span class='ocrx_word' id='word_1_347' title='bbox 204 3443 239 3496; x_wconf 94' lang='lat' dir='ltr'><strong>tu</strong></span> <span class='ocrx_word' id='word_1_348' title='bbox 263 3433 446 3496; x_wconf 81' lang='lat' dir='ltr'><strong>sufficienter</strong></span> <span class='ocrx_word' id='word_1_349' title='bbox 468 3433 619 3497; x_wconf 87' lang='lat' dir='ltr'><strong>refutasti.</strong></span> <span class='ocrx_word' id='word_1_350' title='bbox 657 3433 735 3495; x_wconf 94' lang='lat' dir='ltr'><strong>lllud</strong></span> <span class='ocrx_word' id='word_1_351' title='bbox 759 3435 836 3496; x_wconf 86' lang='lat' dir='ltr'><strong>forte</strong></span> <span class='ocrx_word' id='word_1_352' title='bbox 861 3435 920 3496; x_wconf 90' lang='lat' dir='ltr'><strong>vim</strong></span> <span class='ocrx_word' id='word_1_353' title='bbox 939 3434 1070 3514; x_wconf 86' lang='lat' dir='ltr'><strong>aliquam</strong></span> <span class='ocrx_word' id='word_1_354' title='bbox 1088 3433 1222 3496; x_wconf 92' lang='lat' dir='ltr'><strong>obtinere</strong></span> <span class='ocrx_word' id='word_1_355' title='bbox 1241 3433 1349 3513; x_wconf 69' lang='lat' dir='ltr'><strong>possit,</strong></span> <span class='ocrx_word' id='word_1_356' title='bbox 1375 3433 1453 3514; x_wconf 93' lang='lat' dir='ltr'><strong>quod</strong></span> 
     </span>
     <span class='ocr_line' id='line_1_36' title="bbox 119 3521 1452 3604; baseline -0.002 -17"><span class='ocrx_word' id='word_1_357' title='bbox 119 3534 212 3587; x_wconf 79' lang='lat' dir='ltr'><strong>tetam</strong></span> <span class='ocrx_word' id='word_1_358' title='bbox 236 3542 306 3584; x_wconf 87' lang='lat' dir='ltr'><strong>esse</strong></span> <span class='ocrx_word' id='word_1_359' title='bbox 329 3522 439 3584; x_wconf 88' lang='lat' dir='ltr'><strong>Martis</strong></span> <span class='ocrx_word' id='word_1_360' title='bbox 463 3522 718 3585; x_wconf 87' lang='lat' dir='ltr'><strong>eccentricitatem</strong></span> <span class='ocrx_word' id='word_1_361' title='bbox 743 3523 949 3604; x_wconf 90' lang='lat' dir='ltr'><strong>deprehendit.</strong></span> <span class='ocrx_word' id='word_1_362' title='bbox 997 3522 1053 3585; x_wconf 88' lang='lat' dir='ltr'><strong>Cui</strong></span> <span class='ocrx_word' id='word_1_363' title='bbox 1078 3523 1188 3584; x_wconf 88' lang='lat' dir='ltr'><strong>rationi</strong></span> <span class='ocrx_word' id='word_1_364' title='bbox 1216 3521 1274 3583; x_wconf 93' lang='lat' dir='ltr'><strong>dno</strong></span> <span class='ocrx_word' id='word_1_365' title='bbox 1298 3522 1373 3583; x_wconf 88' lang='lat' dir='ltr'><strong>haec</strong></span> <span class='ocrx_word' id='word_1_366' title='bbox 1396 3522 1452 3584; x_wconf 91' lang='lat' dir='ltr'><strong>ob-</strong></span> 
     </span>
     <span class='ocr_line' id='line_1_37' title="bbox 119 3611 1454 3695; baseline -0.001 -20"><span class='ocrx_word' id='word_1_367' title='bbox 119 3612 170 3677; x_wconf 82' lang='lat' dir='ltr'><strong>olo.</strong></span> <span class='ocrx_word' id='word_1_368' title='bbox 217 3613 353 3674; x_wconf 90' lang='lat' dir='ltr'><strong>Primum</strong></span> <span class='ocrx_word' id='word_1_369' title='bbox 377 3621 497 3674; x_wconf 89' lang='lat' dir='ltr'><strong>veteres</strong></span> <span class='ocrx_word' id='word_1_370' title='bbox 520 3612 777 3695; x_wconf 84' lang='lat' dir='ltr'><strong>eccentrjcitatem</strong></span> <span class='ocrx_word' id='word_1_371' title='bbox 801 3614 910 3678; x_wconf 88' lang='lat' dir='ltr'><strong>Martis</strong></span> <span class='ocrx_word' id='word_1_372' title='bbox 934 3631 969 3674; x_wconf 91' lang='lat' dir='ltr'><strong>eo</strong></span> <span class='ocrx_word' id='word_1_373' title='bbox 993 3612 1081 3673; x_wconf 92' lang='lat' dir='ltr'><strong>mo&#39;do</strong></span> <span class='ocrx_word' id='word_1_374' title='bbox 1105 3611 1342 3691; x_wconf 87' lang='lat' dir='ltr'><strong>investigarunt,</strong></span> <span class='ocrx_word' id='word_1_375' title='bbox 1367 3630 1454 3692; x_wconf 88' lang='lat' dir='ltr'><strong>quem</strong></span> 
     </span>
     <span class='ocr_line' id='line_1_38' title="bbox 119 3698 1452 3782; baseline -0.004 -17"><span class='ocrx_word' id='word_1_376' title='bbox 119 3717 160 3779; x_wconf 79' lang='grc' dir='ltr'><strong>ιιι</strong></span> <span class='ocrx_word' id='word_1_377' title='bbox 179 3700 412 3765; x_wconf 86' lang='lat' dir='ltr'><strong>insufficientem</strong></span> <span class='ocrx_word' id='word_1_378' title='bbox 437 3701 520 3764; x_wconf 89' lang='lat' dir='ltr'><strong>dicit.</strong></span> <span class='ocrx_word' id='word_1_379' title='bbox 566 3701 694 3764; x_wconf 91' lang='lat' dir='ltr'><strong>Dubites</strong></span> <span class='ocrx_word' id='word_1_380' title='bbox 718 3702 823 3782; x_wconf 91' lang='lat' dir='ltr'><strong>igitur,</strong></span> <span class='ocrx_word' id='word_1_381' title='bbox 854 3722 892 3764; x_wconf 91' lang='lat' dir='ltr'><strong>an</strong></span> <span class='ocrx_word' id='word_1_382' title='bbox 916 3701 1021 3763; x_wconf 91' lang='lat' dir='ltr'><strong>vitium</strong></span> <span class='ocrx_word' id='word_1_383' title='bbox 1049 3700 1078 3762; x_wconf 94' lang='lat' dir='ltr'><strong>in</strong></span> <span class='ocrx_word' id='word_1_384' title='bbox 1108 3700 1215 3763; x_wconf 87' lang='lat' dir='ltr'><strong>veteri.</strong></span> <span class='ocrx_word' id='word_1_385' title='bbox 1227 3698 1452 3761; x_wconf 86' lang='lat' dir='ltr'><strong>eccentricitate</strong></span> 
     </span>
     <span class='ocr_line' id='line_1_39' title="bbox 119 3788 1453 3872; baseline -0.003 -19"><span class='ocrx_word' id='word_1_386' title='bbox 119 3790 189 3853; x_wconf 79' lang='lat' dir='ltr'><strong>nie?</strong></span> <span class='ocrx_word' id='word_1_387' title='bbox 221 3790 341 3852; x_wconf 91' lang='lat' dir='ltr'><strong>Deinde</strong></span> <span class='ocrx_word' id='word_1_388' title='bbox 357 3788 541 3871; x_wconf 87' lang='lat' dir='ltr'><strong>Copernicus</strong></span> <span class='ocrx_word' id='word_1_389' title='bbox 560 3789 690 3869; x_wconf 79' lang='lat' dir='ltr'><strong>dnoysus,</strong></span> <span class='ocrx_word' id='word_1_390' title='bbox 714 3810 772 3852; x_wconf 93' lang='lat' dir='ltr'><strong>uon</strong></span> <span class='ocrx_word' id='word_1_391' title='bbox 795 3790 905 3870; x_wconf 78' lang='grc' dir='ltr'>ἀφηιια</span> <span class='ocrx_word' id='word_1_392' title='bbox 929 3789 1123 3872; x_wconf 90' lang='lat' dir='ltr'><strong>computavit,</strong></span> <span class='ocrx_word' id='word_1_393' title='bbox 1148 3790 1198 3852; x_wconf 91' lang='lat' dir='ltr'><strong>ille</strong></span> <span class='ocrx_word' id='word_1_394' title='bbox 1219 3791 1349 3851; x_wconf 82' lang='lat' dir='ltr'><strong>sortasse</strong></span> <span class='ocrx_word' id='word_1_395' title='bbox 1369 3807 1453 3850; x_wconf 91' lang='lat' dir='ltr'><strong>com-</strong></span> 
     </span>
     <span class='ocr_line' id='line_1_40' title="bbox 119 3877 1452 3962; baseline -0.003 -20"><span class='ocrx_word' id='word_1_396' title='bbox 119 3879 212 3942; x_wconf 85' lang='lat' dir='ltr'><strong>utabit</strong></span> <span class='ocrx_word' id='word_1_397' title='bbox 225 3879 348 3957; x_wconf 77' lang='grc' dir='ltr'>ἀφηλια.</span> <span class='ocrx_word' id='word_1_398' title='bbox 382 3880 513 3943; x_wconf 91' lang='lat' dir='ltr'><strong>Videtur</strong></span> <span class='ocrx_word' id='word_1_399' title='bbox 531 3877 608 3942; x_wconf 89' lang='lat' dir='ltr'><strong>eriim</strong></span> <span class='ocrx_word' id='word_1_400' title='bbox 628 3881 731 3959; x_wconf 91' lang='lat' dir='ltr'><strong>vigore</strong></span> <span class='ocrx_word' id='word_1_401' title='bbox 750 3880 960 3962; x_wconf 84' lang='lat' dir='ltr'><strong>hypothesium</strong></span> <span class='ocrx_word' id='word_1_402' title='bbox 983 3898 1105 3940; x_wconf 88' lang='lat' dir='ltr'><strong>suarum</strong></span> <span class='ocrx_word' id='word_1_403' title='bbox 1127 3878 1183 3940; x_wconf 91' lang='lat' dir='ltr'><strong>hoc</strong></span> <span class='ocrx_word' id='word_1_404' title='bbox 1207 3879 1306 3940; x_wconf 89' lang='lat' dir='ltr'><strong>lacere</strong></span> <span class='ocrx_word' id='word_1_405' title='bbox 1331 3877 1452 3940; x_wconf 91' lang='lat' dir='ltr'><strong>debere.</strong></span> 
     </span>
     <span class='ocr_line' id='line_1_41' title="bbox 119 3966 1481 4050; baseline -0.002 -19"><span class='ocrx_word' id='word_1_406' title='bbox 119 3968 195 4033; x_wconf 79' lang='lat' dir='ltr'><strong>lalde</strong></span> <span class='ocrx_word' id='word_1_407' title='bbox 218 3970 299 4031; x_wconf 90' lang='lat' dir='ltr'><strong>enim</strong></span> <span class='ocrx_word' id='word_1_408' title='bbox 322 3969 482 4031; x_wconf 87' lang='lat' dir='ltr'><strong>absurdum</strong></span> <span class='ocrx_word' id='word_1_409' title='bbox 505 3977 596 4045; x_wconf 89' lang='lat' dir='ltr'><strong>esset,</strong></span> <span class='ocrx_word' id='word_1_410' title='bbox 621 3970 646 4031; x_wconf 86' lang='lat' dir='ltr'><strong>si</strong></span> <span class='ocrx_word' id='word_1_411' title='bbox 669 3975 812 4048; x_wconf 90' lang='lat' dir='ltr'><strong>punctum</strong></span> <span class='ocrx_word' id='word_1_412' title='bbox 835 3969 957 4050; x_wconf 88' lang='lat' dir='ltr'><strong>aliqpod</strong></span> <span class='ocrx_word' id='word_1_413' title='bbox 980 3969 1009 4029; x_wconf 91' lang='lat' dir='ltr'><strong>in</strong></span> <span class='ocrx_word' id='word_1_414' title='bbox 1032 3967 1142 4030; x_wconf 86' lang='lat' dir='ltr'><strong>vicinia</strong></span> <span class='ocrx_word' id='word_1_415' title='bbox 1164 3966 1246 4030; x_wconf 89' lang='lat' dir='ltr'><strong>Solis</strong></span> <span class='ocrx_word' id='word_1_416' title='bbox 1269 3985 1324 4048; x_wconf 93' lang='lat' dir='ltr'><strong>pro</strong></span> <span class='ocrx_word' id='word_1_417' title='bbox 1348 3976 1481 4029; x_wconf 90' lang='lat' dir='ltr'><strong>centro·</strong></span> 
     </span>
     <span class='ocr_line' id='line_1_42' title="bbox 119 4057 1453 4140; baseline 0.002 -25"><span class='ocrx_word' id='word_1_418' title='bbox 119 4057 329 4140; x_wconf 79' lang='lat' dir='ltr'><strong>vplauetarum</strong></span> <span class='ocrx_word' id='word_1_419' title='bbox 353 4066 531 4121; x_wconf 87' lang='lat' dir='ltr'><strong>assumeret.</strong></span> <span class='ocrx_word' id='word_1_420' title='bbox 577 4059 666 4121; x_wconf 87' lang='lat' dir='ltr'><strong>Adde</strong></span> <span class='ocrx_word' id='word_1_421' title='bbox 690 4066 722 4119; x_wconf 90' lang='lat' dir='ltr'><strong>et</strong></span> <span class='ocrx_word' id='word_1_422' title='bbox 744 4058 831 4129; x_wconf 88' lang='lat' dir='ltr'><strong>illud,</strong></span> <span class='ocrx_word' id='word_1_423' title='bbox 856 4057 935 4139; x_wconf 93' lang='lat' dir='ltr'><strong>quod</strong></span> <span class='ocrx_word' id='word_1_424' title='bbox 958 4066 1070 4120; x_wconf 88' lang='lat' dir='ltr'><strong>certum</strong></span> <span class='ocrx_word' id='word_1_425' title='bbox 1095 4057 1213 4119; x_wconf 91' lang='lat' dir='ltr'><strong>omnino</strong></span> <span class='ocrx_word' id='word_1_426' title='bbox 1237 4057 1292 4132; x_wconf 88' lang='lat' dir='ltr'><strong>sit,</strong></span> <span class='ocrx_word' id='word_1_427' title='bbox 1317 4066 1453 4119; x_wconf 90' lang='lat' dir='ltr'><strong>centrum</strong></span> 
     </span>
     <span class='ocr_line' id='line_1_43' title="bbox 119 4142 1453 4230; baseline 0.003 -26"><span class='ocrx_word' id='word_1_428' title='bbox 119 4142 257 4210; x_wconf 78' lang='lat' dir='ltr'><strong>&#39;turbium</strong></span> <span class='ocrx_word' id='word_1_429' title='bbox 280 4147 337 4226; x_wconf 85' lang='lat' dir='ltr'><strong>ipsi</strong></span> <span class='ocrx_word' id='word_1_430' title='bbox 367 4167 425 4209; x_wconf 93' lang='lat' dir='ltr'><strong>non</strong></span> <span class='ocrx_word' id='word_1_431' title='bbox 453 4147 621 4230; x_wconf 89' lang='lat' dir='ltr'><strong>aequaliter</strong></span> <span class='ocrx_word' id='word_1_432' title='bbox 649 4146 729 4209; x_wconf 88' lang='lat' dir='ltr'><strong>circa</strong></span> <span class='ocrx_word' id='word_1_433' title='bbox 752 4147 875 4210; x_wconf 87' lang='lat' dir='ltr'><strong>Terram</strong></span> <span class='ocrx_word' id='word_1_434' title='bbox 903 4148 959 4221; x_wconf 92' lang='lat' dir='ltr'><strong>ire,</strong></span> <span class='ocrx_word' id='word_1_435' title='bbox 994 4166 1061 4208; x_wconf 90' lang='lat' dir='ltr'><strong>cum</strong></span> <span class='ocrx_word' id='word_1_436' title='bbox 1090 4146 1250 4228; x_wconf 87' lang='lat' dir='ltr'><strong>aliquando</strong></span> <span class='ocrx_word' id='word_1_437' title='bbox 1278 4146 1453 4227; x_wconf 89' lang='lat' dir='ltr'><strong>ampliorem</strong></span> 
     </span>
     <span class='ocr_line' id='line_1_44' title="bbox 119 4235 1452 4317; baseline 0 -21"><span class='ocrx_word' id='word_1_438' title='bbox 119 4235 249 4312; x_wconf 79' lang='lat' dir='ltr'><strong>Jeriodnm</strong></span> <span class='ocrx_word' id='word_1_439' title='bbox 272 4237 371 4298; x_wconf 87' lang='lat' dir='ltr'><strong>facere</strong></span> <span class='ocrx_word' id='word_1_440' title='bbox 396 4237 521 4310; x_wconf 87' lang='lat' dir='ltr'><strong>debeat,</strong></span> <span class='ocrx_word' id='word_1_441' title='bbox 547 4236 707 4317; x_wconf 87' lang='lat' dir='ltr'><strong>aliquando</strong></span> <span class='ocrx_word' id='word_1_442' title='bbox 731 4237 944 4316; x_wconf 89' lang='lat' dir='ltr'><strong>angustiorem.</strong></span> <span class='ocrx_word' id='word_1_443' title='bbox 991 4236 1026 4297; x_wconf 94' lang='lat' dir='ltr'><strong>Id</strong></span> <span class='ocrx_word' id='word_1_444' title='bbox 1050 4238 1128 4297; x_wconf 89' lang='lat' dir='ltr'><strong>enim</strong></span> <span class='ocrx_word' id='word_1_445' title='bbox 1151 4254 1275 4297; x_wconf 85' lang='lat' dir='ltr'><strong>necesse</strong></span> <span class='ocrx_word' id='word_1_446' title='bbox 1299 4246 1348 4297; x_wconf 90' lang='lat' dir='ltr'><strong>est</strong></span> <span class='ocrx_word' id='word_1_447' title='bbox 1370 4235 1452 4297; x_wconf 93' lang='lat' dir='ltr'><strong>illum</strong></span> 
     </span>
     <span class='ocr_line' id='line_1_45' title="bbox 119 4321 1451 4405; baseline -0.002 -19"><span class='ocrx_word' id='word_1_448' title='bbox 119 4331 229 4387; x_wconf 73' lang='lat' dir='ltr'><strong>emere</strong></span> <span class='ocrx_word' id='word_1_449' title='bbox 258 4325 298 4388; x_wconf 89' lang='lat' dir='ltr'><strong>ad</strong></span> <span class='ocrx_word' id='word_1_450' title='bbox 321 4325 402 4387; x_wconf 91' lang='lat' dir='ltr'><strong>illam</strong></span> <span class='ocrx_word' id='word_1_451' title='bbox 427 4325 625 4388; x_wconf 84' lang='lat' dir='ltr'><strong>differentiam</strong></span> <span class='ocrx_word' id='word_1_452' title='bbox 656 4322 694 4386; x_wconf 82' lang='lat'><strong>1⁰</strong></span> <span class='ocrx_word' id='word_1_453' title='bbox 714 4321 768 4386; x_wconf 75' lang='lat'><strong>‹15‘</strong></span> <span class='ocrx_word' id='word_1_454' title='bbox 792 4325 821 4386; x_wconf 94' lang='lat' dir='ltr'><strong>in</strong></span> <span class='ocrx_word' id='word_1_455' title='bbox 846 4327 945 4387; x_wconf 87' lang='lat' dir='ltr'><strong>Marte</strong></span> <span class='ocrx_word' id='word_1_456' title='bbox 968 4325 1198 4405; x_wconf 87' lang='lat' dir='ltr'><strong>producendam.</strong></span> <span class='ocrx_word' id='word_1_457' title='bbox 1244 4325 1351 4404; x_wconf 88' lang='lat' dir='ltr'><strong>ltaque</strong></span> <span class='ocrx_word' id='word_1_458' title='bbox 1374 4342 1451 4384; x_wconf 92' lang='lat' dir='ltr'><strong>non-</strong></span> 
     </span>
     <span class='ocr_line' id='line_1_46' title="bbox 121 4411 1452 4494; baseline -0.002 -19"><span class='ocrx_word' id='word_1_459' title='bbox 121 4411 174 4475; x_wconf 84' lang='lat' dir='ltr'><strong>dum</strong></span> <span class='ocrx_word' id='word_1_460' title='bbox 191 4433 237 4479; x_wconf 92' lang='lat' dir='ltr'><strong>me</strong></span> <span class='ocrx_word' id='word_1_461' title='bbox 264 4424 367 4477; x_wconf 88' lang='lat' dir='ltr'><strong>movet</strong></span> <span class='ocrx_word' id='word_1_462' title='bbox 388 4417 463 4477; x_wconf 92' lang='lat' dir='ltr'><strong>haec</strong></span> <span class='ocrx_word' id='word_1_463' title='bbox 486 4415 575 4477; x_wconf 88' lang='lat' dir='ltr'><strong>ratio</strong></span> <span class='ocrx_word' id='word_1_464' title='bbox 623 4415 657 4475; x_wconf 92' lang='lat' dir='ltr'><strong>In</strong></span> <span class='ocrx_word' id='word_1_465' title='bbox 681 4414 888 4476; x_wconf 89' lang='lat' dir='ltr'><strong>librationibus</strong></span> <span class='ocrx_word' id='word_1_466' title='bbox 916 4414 999 4494; x_wconf 91' lang='lat' dir='ltr'><strong>globi</strong></span> <span class='ocrx_word' id='word_1_467' title='bbox 1018 4415 1128 4476; x_wconf 89' lang='lat' dir='ltr'><strong>Terrae</strong></span> <span class='ocrx_word' id='word_1_468' title='bbox 1153 4423 1185 4475; x_wconf 87' lang='lat' dir='ltr'><strong>et</strong></span> <span class='ocrx_word' id='word_1_469' title='bbox 1207 4413 1323 4476; x_wconf 91' lang='lat' dir='ltr'><strong>ratione</strong></span> <span class='ocrx_word' id='word_1_470' title='bbox 1346 4411 1452 4492; x_wconf 89' lang='lat' dir='ltr'><strong>aequi·</strong></span> 
     </span>
     <span class='ocr_line' id='line_1_47' title="bbox 123 4500 1450 4585; baseline 0 -23"><span class='ocrx_word' id='word_1_471' title='bbox 123 4501 261 4566; x_wconf 83' lang='lat' dir='ltr'><strong>uoctiomm</strong></span> <span class='ocrx_word' id='word_1_472' title='bbox 275 4500 473 4584; x_wconf 88' lang='lat' dir='ltr'><strong>suspicionem</strong></span> <span class='ocrx_word' id='word_1_473' title='bbox 488 4504 608 4585; x_wconf 90' lang='lat' dir='ltr'><strong>quidem</strong></span> <span class='ocrx_word' id='word_1_474' title='bbox 628 4502 700 4565; x_wconf 88' lang='lat' dir='ltr'><strong>facit</strong></span> <span class='ocrx_word' id='word_1_475' title='bbox 723 4503 848 4583; x_wconf 86' lang='lat' dir='ltr'><strong>alicujus</strong></span> <span class='ocrx_word' id='word_1_476' title='bbox 872 4503 1059 4578; x_wconf 88' lang='lat' dir='ltr'><strong>incommodi,</strong></span> <span class='ocrx_word' id='word_1_477' title='bbox 1084 4503 1138 4564; x_wconf 88' lang='lat' dir='ltr'><strong>sed</strong></span> <span class='ocrx_word' id='word_1_478' title='bbox 1152 4502 1226 4565; x_wconf 94' lang='lat' dir='ltr'><strong>nihil</strong></span> <span class='ocrx_word' id='word_1_479' title='bbox 1246 4511 1348 4582; x_wconf 88' lang='lat' dir='ltr'><strong>aperte</strong></span> <span class='ocrx_word' id='word_1_480' title='bbox 1367 4500 1450 4563; x_wconf 81' lang='lat' dir='ltr'><strong>dicit.</strong></span> 
     </span>
     <span class='ocr_line' id='line_1_48' title="bbox 125 4582 1453 4671; baseline 0.002 -23"><span class='ocrx_word' id='word_1_481' title='bbox 125 4582 173 4665; x_wconf 82' lang='lat' dir='ltr'><strong>Ego</strong></span> <span class='ocrx_word' id='word_1_482' title='bbox 191 4610 257 4655; x_wconf 87' lang='lat' dir='ltr'><strong>vero</strong></span> <span class='ocrx_word' id='word_1_483' title='bbox 280 4612 339 4654; x_wconf 93' lang='lat' dir='ltr'><strong>non</strong></span> <span class='ocrx_word' id='word_1_484' title='bbox 362 4594 468 4656; x_wconf 88' lang='lat' dir='ltr'><strong>terreri</strong></span> <span class='ocrx_word' id='word_1_485' title='bbox 491 4593 546 4655; x_wconf 86' lang='lat' dir='ltr'><strong>sed</strong></span> <span class='ocrx_word' id='word_1_486' title='bbox 570 4593 669 4654; x_wconf 88' lang='lat' dir='ltr'><strong>doceri</strong></span> <span class='ocrx_word' id='word_1_487' title='bbox 693 4593 772 4654; x_wconf 91' lang='lat' dir='ltr'><strong>volo.</strong></span> <span class='ocrx_word' id='word_1_488' title='bbox 817 4593 1055 4654; x_wconf 86' lang='lat' dir='ltr'><strong>Immensitatem</strong></span> <span class='ocrx_word' id='word_1_489' title='bbox 1078 4593 1174 4654; x_wconf 90' lang='lat' dir='ltr'><strong>solam</strong></span> <span class='ocrx_word' id='word_1_490' title='bbox 1198 4590 1299 4666; x_wconf 88' lang='lat' dir='ltr'><strong>habet,</strong></span> <span class='ocrx_word' id='word_1_491' title='bbox 1324 4609 1383 4671; x_wconf 89' lang='lat' dir='ltr'><strong>qua</strong></span> <span class='ocrx_word' id='word_1_492' title='bbox 1404 4609 1453 4651; x_wconf 93' lang='lat' dir='ltr'><strong>me</strong></span> 
     </span>
    </p>
   </div>
   <div class='ocr_carea' id='block_1_5' title="bbox 129 4679 1453 5015">
    <p class='ocr_par' dir='ltr' id='par_1_6' title="bbox 129 4679 1453 5015">
     <span class='ocr_line' id='line_1_49' title="bbox 129 4679 1453 4763; baseline 0.002 -25"><span class='ocrx_word' id='word_1_493' title='bbox 129 4691 171 4737; x_wconf 86' lang='grc' dir='ltr'><strong>ιιι</strong></span> <span class='ocrx_word' id='word_1_494' title='bbox 187 4682 371 4743; x_wconf 88' lang='lat' dir='ltr'><strong>mediocriter</strong></span> <span class='ocrx_word' id='word_1_495' title='bbox 393 4690 503 4746; x_wconf 91' lang='lat' dir='ltr'><strong>movet.</strong></span> <span class='ocrx_word' id='word_1_496' title='bbox 550 4679 613 4744; x_wconf 88' lang='lat' dir='ltr'><strong>Sed</strong></span> <span class='ocrx_word' id='word_1_497' title='bbox 636 4701 691 4744; x_wconf 88' lang='lat' dir='ltr'><strong>nos</strong></span> <span class='ocrx_word' id='word_1_498' title='bbox 715 4682 824 4744; x_wconf 93' lang='lat' dir='ltr'><strong>mundo</strong></span> <span class='ocrx_word' id='word_1_499' title='bbox 849 4683 968 4762; x_wconf 92' lang='lat' dir='ltr'><strong>quidem</strong></span> <span class='ocrx_word' id='word_1_500' title='bbox 989 4681 1076 4763; x_wconf 87' lang='lat' dir='ltr'><strong>parvi</strong></span> <span class='ocrx_word' id='word_1_501' title='bbox 1099 4699 1214 4756; x_wconf 88' lang='lat' dir='ltr'><strong>snmus,</strong></span> <span class='ocrx_word' id='word_1_502' title='bbox 1239 4680 1364 4742; x_wconf 89' lang='lat' dir='ltr'><strong>mundns</strong></span> <span class='ocrx_word' id='word_1_503' title='bbox 1386 4679 1453 4740; x_wconf 88' lang='lat' dir='ltr'><strong>Deo</strong></span> 
     </span>
     <span class='ocr_line' id='line_1_50' title="bbox 131 4767 1452 4852; baseline 0.008 -33"><span class='ocrx_word' id='word_1_504' title='bbox 131 4778 172 4824; x_wconf 92' lang='lat' dir='ltr'><strong>non</strong></span> <span class='ocrx_word' id='word_1_505' title='bbox 189 4777 231 4832; x_wconf 85' lang='lat' dir='ltr'><strong>est</strong></span> <span class='ocrx_word' id='word_1_506' title='bbox 250 4789 388 4852; x_wconf 85' lang='lat' dir='ltr'><strong>magnus.</strong></span> <span class='ocrx_word' id='word_1_507' title='bbox 423 4772 467 4836; x_wconf 87' lang='lat' dir='ltr'><strong>Et</strong></span> <span class='ocrx_word' id='word_1_508' title='bbox 489 4779 560 4836; x_wconf 90' lang='lat' dir='ltr'><strong>sunt</strong></span> <span class='ocrx_word' id='word_1_509' title='bbox 582 4769 715 4834; x_wconf 87' lang='lat' dir='ltr'><strong>rationes</strong></span> <span class='ocrx_word' id='word_1_510' title='bbox 733 4770 948 4834; x_wconf 86' lang='lat' dir='ltr'><strong>immensitatis</strong></span> <span class='ocrx_word' id='word_1_511' title='bbox 971 4770 1062 4835; x_wconf 86' lang='lat' dir='ltr'><strong>illius.</strong></span> <span class='ocrx_word' id='word_1_512' title='bbox 1098 4768 1233 4834; x_wconf 85' lang='lat' dir='ltr'><strong>Etiam</strong></span> <span class='ocrx_word' id='word_1_513' title='bbox 1224 4789 1253 4831; x_wconf 87' lang='grc' dir='ltr'><strong>ιι</strong></span> <span class='ocrx_word' id='word_1_514' title='bbox 1275 4769 1332 4832; x_wconf 87' lang='lat' dir='ltr'><strong>hoc</strong></span> <span class='ocrx_word' id='word_1_515' title='bbox 1355 4767 1452 4831; x_wconf 84' lang='lat' dir='ltr'><strong>minna</strong></span> 
     </span>
     <span class='ocr_line' id='line_1_51' title="bbox 132 4858 1452 5015; baseline -0.009 -84"><span class='ocrx_word' id='word_1_516' title='bbox 132 4859 359 5015; x_wconf 48' lang='grc' dir='ltr'>Ἢιὶοιίιιιὶ,</span> <span class='ocrx_word' id='word_1_517' title='bbox 383 4861 462 4945; x_wconf 83' lang='lat' dir='ltr'><strong>quod</strong></span> <span class='ocrx_word' id='word_1_518' title='bbox 473 4860 628 4944; x_wconf 81' lang='lat' dir='ltr'><strong>postulat:</strong></span> <span class='ocrx_word' id='word_1_519' title='bbox 653 4860 780 4925; x_wconf 85' lang='lat' dir='ltr'><strong>eandem</strong></span> <span class='ocrx_word' id='word_1_520' title='bbox 797 4860 863 4926; x_wconf 87' lang='lat' dir='ltr'><strong>dari</strong></span> <span class='ocrx_word' id='word_1_521' title='bbox 884 4858 1107 4941; x_wconf 90' lang='lat' dir='ltr'><strong>proportionem</strong></span> <span class='ocrx_word' id='word_1_522' title='bbox 1130 4858 1315 5012; x_wconf 48' lang='lat' dir='ltr'><strong>quiescimus</strong></span> <span class='ocrx_word' id='word_1_523' title='bbox 1334 4865 1367 4923; x_wconf 86' lang='lat' dir='ltr'><strong>et</strong></span> <span class='ocrx_word' id='word_1_524' title='bbox 1385 4874 1452 4919; x_wconf 89' lang='lat' dir='ltr'><strong>mo-</strong></span> 
     </span>
    </p>
   </div>
   <div class='ocr_carea' id='block_1_6' title="bbox 0 0 1644 5542">
    <p class='ocr_par' dir='ltr' id='par_1_7' title="bbox 0 0 1644 5542">
     <span class='ocr_line' id='line_1_52' title="bbox 0 0 1644 5542; baseline 0 0"><span class='ocrx_word' id='word_1_525' title='bbox 0 0 1644 5542; x_wconf 95' lang='lat' dir='ltr'><strong> </strong></span> 
     </span>
    </p>
   </div>
  </div>
 </body>
</html>
