3278 5542
136 344 202 412 326
558 348 659 400 murae
676 347 780 414 Ksplerl
797 345 947 412 abommqne
964 351 1068 398 matese

224 508 427 581 Exonerata,
453 525 505 569 cur
528 507 600 569 milri
624 526 681 570 non
707 507 893 583 satisfacias,
917 507 1035 568 interea
1059 509 1163 571 sedulo
1188 526 1275 571 anre
1299 508 1405 570 literas
1427 507 1477 569 exi·

136 597 194 679 gis.
241 595 348 671 Scias,
373 615 419 658 me
445 597 580 676 cogitare
604 598 732 676 posthac
755 606 787 658 te
812 597 931 670 ulcisci,
956 617 1013 657 nou
1037 597 1120 676 prius
1145 597 1330 673 rescribere
1354 595 1477 679 querulo

137 684 328 765 astrologicis
353 685 530 767 quibusdam
555 685 651 748 literis
675 686 750 748 meis
774 685 923 765 prioribus
948 685 1144 748 satisfeceris.

224 772 368 856 Princeps
384 774 504 854 quidam
520 783 609 837 natus
625 781 673 836 est
695 771 789 848 1578,
814 773 866 838 25.
885 772 954 838 Oct.
974 776 1003 835 ιι.
1029 768 1089 856 δ’]
1112 795 1142 856 p
1159 797 1197 839 m.
1220 772 1275 836 alt.
1292 773 1354 854 polr
1369 764 1478 853 ‹18¹l,

136 862 222 927 Mars
244 880 299 944 per
323 860 367 925 3ο
389 863 469 925 ultra
492 864 639 926 calculum
663 864 762 927 Stadii
786 873 818 926 et
841 864 997 926 Maestlini
1021 864 1129 927 fuerat.
1177 865 1222 926 De
1247 870 1347 926 morte
1364 860 1478 926 Candaei

136 952 209 1014 nibil
233 951 306 1015 scio.
352 952 399 1013 De
423 953 616 1033 astrologicis
640 955 732 1015 etiem
756 953 829 1015 nihil
852 953 991 1033 posthac,
1017 953 1073 1014 nisi
1096 955 1181 1034 prius
1203 972 1259 1034 per
1284 960 1391 1033 partes
1410 951 1477 1032 jndi-

137 1059 198 1116 ces,
223 1041 396 1122 quidquid
388 1061 419 1102 m
443 1061 510 1102 mea
534 1042 748 1104 dissertatione
772 1044 881 1122 probes
906 1042 953 1103 vel
976 1040 1107 1121 rejicias.

226 1128 277 1192 Ad
309 1130 470 1211 epistolam
498 1131 526 1192 d
550 1127 602 1194 30.
631 1131 701 1193 Jan.
726 1127 771 1206 (9.
796 1131 886 1204 Feb)
920 1131 1073 1211 scriptam
1120 1136 1334 1204 (ιιιιιιιρηρ.
1354 1133 1427 1198 ιιι.)

226 1219 285 1282 Ριο
310 1219 575 1281 observationibus
599 1216 651 1284 29.
675 1220 745 1282 Jan.
770 1221 886 1302 gratias
910 1238 978 1300 ago.

226 1306 260 1368 ln
286 1304 450 1371 Germania
481 1309 549 1388 plus
584 1309 717 1388 frigoris,
752 1309 822 1390 quia
850 1311 924 1371 baec
953 1308 1074 1388 propior
1107 1306 1234 1387 frigidae
1267 1306 1349 1371 aeris
1373 1307 1480 1389 regioni.

139 1392 295 1460 Maritima
318 1396 521 1476 profundiora,
547 1405 577 1458 et
601 1398 665 1479 ipse
689 1407 793 1459 aestus
818 1399 971 1460 madorem
996 1398 1098 1473 affert,
1124 1396 1200 1480 quod
1223 1396 1263 1461 D.
1286 1395 1480 1460 cancellarius

138 1486 273 1549 Francus
298 1486 414 1548 erudite
438 1486 562 1548 monuit.
610 1487 732 1549 Nivium
747 1507 817 1549 vero
841 1488 909 1569 plus
933 1486 962 1548 iu
980 1485 1154 1562 Germania,
1180 1485 1251 1565 quia
1269 1486 1339 1567 plus
1354 1485 1395 1548 ibi
1409 1504 1481 1548 mou-

139 1575 221 1649 tium,
247 1574 325 1635 unde
348 1574 423 1636 baec
446 1576 576 1637 materia
598 1577 731 1638 exhalat.

228 1665 372 1725 Boreas
406 1662 654 1727 aGroeulandia
676 1664 761 1727 venit
792 1682 847 1743 per
874 1664 1003 1726 medium
1029 1680 1173 1724 oceanum
1206 1662 1287 1724 inter
1309 1662 1484 1726 Britanniam

141 1759 172 1814 et
195 1749 440 1824 scandinaviam,
465 1753 494 1817 h.
511 1773 537 1814 e.
562 1753 795 1833 Nordwegiam:
822 1753 914 1834 igitur
936 1753 1045 1814 mitior.
1094 1750 1210 1814 Contra
1229 1751 1396 1814 Caecius
1418 1751 1488 1813 venit

140 1861 177 1902 ex
203 1841 256 1902 illa
279 1860 372 1921 prope
396 1841 537 1921 regione,
563 1843 611 1904 ubi
644 1843 780 1905 Drace
814 1843 913 1905 media
938 1849 1056 1904 aestate
1081 1860 1229 1903 summum
1253 1840 1371 1904 invenit
1394 1839 1485 1922 frigus.

140 1930 296 1995 Allabitur
329 1940 448 1991 ventum
482 1932 597 2007 fluxus,
636 1940 670 1993 ut
698 1951 825 2011 aquam,
859 1941 1021 2012 propterea
1044 1931 1074 1992 iu
1098 1930 1241 1993 circulum
1265 1930 1350 2005 abit,
1389 1928 1487 1992 neuin

144 2027 288 2082 rectum.
316 2019 396 2082 Nam
419 2019 551 2102 impetus
575 2040 610 2082 eo
634 2041 728 2101 usque
752 2021 835 2082 illum
859 2040 916 2081 nou
940 2027 1047 2101 posset
1070 2021 1203 2094 deferre,
1237 2021 1297 2083 nisi
1319 2022 1419 2083 fluxus
1439 2019 1487 2080 ad-

139 2109 272 2189 juvaret.
319 2108 440 2171 Ventus
465 2119 512 2171 est
535 2111 632 2171 fluxus
657 2110 745 2180 aeris,
772 2117 805 2172 ιιι
829 2128 924 2191 aquae
940 2111 1049 2171 fluxus.
1087 2107 1271 2188 Principium
1295 2109 1407 2172 duendl
1426 2108 1489 2172 iacit

142 2197 279 2259 ebullitio
303 2217 340 2258 ex
374 2198 532 2261 altissimis
555 2199 715 2262 montibus.
768 2200 819 2261 Ab
850 2219 885 2261 eo
920 2198 1042 2281 fastigio
1076 2197 1205 2260 materia
1236 2198 1352 2279 partim
1383 2199 1488 2277 frigore,

141 2287 254 2366 partim
278 2307 334 2349 sua
358 2287 509 2366 gravitate
540 2290 623 2360 (nam
647 2294 700 2349 aer
724 2287 752 2348 in
778 2288 901 2349 aethere
924 2286 1026 2368 gravis
1051 2288 1113 2362 est)
1147 2286 1317 2350 devolvitur
1341 2294 1375 2349 et
1397 2288 1425 2350 in
1447 2306 1490 2346 su-

144 2375 263 2455 perficie
288 2376 367 2437 aeris
392 2375 466 2438 facit
490 2377 632 2439 circulum
657 2377 747 2438 alium
773 2398 810 2439 ex
834 2377 903 2449 alio,
930 2376 1093 2438 latissimos
1116 2376 1239 2438 ultimos
1263 2384 1296 2438 et
1318 2375 1488 2439 laxissimos.

233 2461 394 2525 Genesin
418 2464 719 2528 Dietricbstenii
744 2467 864 2542 uescio;
888 2465 1009 2528 incivile
1033 2472 1091 2542 est,
1116 2465 1246 2547 petendo
1271 2484 1340 2529 eam
1360 2465 1489 2528 refricare

144 2554 274 2615 dolorem
297 2553 404 2637 patris.

233 2639 409 2705 Cometas
450 2651 524 2723 puto
566 2663 692 2723 corpora
732 2644 893 2724 perspicua
933 2643 981 2704 vel
1022 2642 1192 2723 pellucido,
1235 2643 1319 2707 intus
1357 2640 1489 2705 materiae

144 2731 261 2793 ratione
286 2732 433 2793 colorata.
481 2732 624 2794 Transito
648 2733 750 2811 itaque
775 2733 926 2793 radiorum
942 2731 1024 2794 Solis
1048 2732 1228 2794 colorantur.
1276 2732 1325 2794 De
1350 2731 1407 2792 boe
1428 2728 1490 2791 nibil

145 2819 258 2882 dubito.
307 2818 464 2891 Quomodo
489 2822 594 2882 aether
618 2821 757 2901 limpidus
782 2821 836 2882 bos
861 2821 976 2882 colores
999 2821 1159 2900 suscipiat,
1185 2839 1252 2882 eum
1276 2820 1361 2883 Solis
1385 2828 1417 2881 et
1436 2819 1489 2881 p..-

145 2928 201 2971 nae
225 2909 327 2971 radios
352 2929 408 2972 nou
434 2909 594 2990 suscipiat,
623 2911 780 2991 plurimum
805 2909 935 2989 disputo,
960 2928 1066 2988 parum
1089 2909 1161 2971 mibi
1184 2920 1301 2972 consto.
1350 2907 1488 2971 Interdum

143 3007 227 3080 puto,
253 2998 412 3061 materiam
437 3019 504 3060 esse
529 2998 610 3061 eirca
633 3009 779 3061 cometam
803 3006 866 3059 tam
891 2999 953 3060 late
978 3017 1153 3077 expansam,
1178 3018 1254 3079 quae
1275 2997 1409 3079 excipiat
1424 2996 1488 3059 bauo

145 3087 391 3161 illustrationem,
421 3097 455 3156 ιιιΙ
477 3088 637 3166 pulvisculi
661 3088 764 3149 Solem
788 3089 817 3149 in
842 3088 970 3149 obscura
993 3107 1131 3162 camera;
1164 3096 1236 3151 tunc
1259 3107 1355 3149 causa
1378 3084 1487 3148 ιιιιοιιιι

145 3182 228 3236 esset
243 3177 271 3236 in
287 3176 465 3237 collectione
479 3186 511 3238 ct
528 3176 778 3257 multiplicatione
792 3176 952 3239 radiorum.
990 3177 1143 3238 Interdum
1165 3176 1236 3239 mibi
1255 3185 1288 3238 et
1305 3175 1355 3238 bic
1370 3173 1487 3249 (aetber)

145 3264 210 3343 ipse
234 3263 353 3326 videtur
376 3266 554 3326 materiatus
579 3274 610 3326 et
625 3266 755 3328 colorum
774 3285 880 3346 capax,
905 3266 1084 3344 praesertim
1104 3267 1174 3346 quia
1199 3265 1351 3328 latissima
1375 3266 1435 3344 ejus
1451 3268 1487 3322 est

143 3352 307 3414 illustratio
332 3373 350 3413 a
374 3362 510 3429 cometa,
544 3354 636 3416 radiis
656 3353 737 3416 Solis
765 3355 915 3417 refractis.
944 3353 1044 3415 'Tunc
1073 3355 1166 3433 igitur
1193 3354 1319 3429 accidit,
1350 3363 1392 3429 ut,
1423 3348 1485 3434 qued

145 3449 192 3502 est
215 3442 427 3521 propinquum,
462 3442 710 3524 inconspectum
738 3463 796 3504 nou
821 3443 933 3504 veniat.
982 3443 1136 3505 Interdum
1169 3452 1257 3523 puto,
1296 3443 1423 3506 caudam
1444 3458 1484 3501 co·

144 3539 243 3592 metae
266 3533 438 3610 pertingere
462 3530 540 3594 iufra
563 3533 689 3605 Lunam,
716 3539 747 3593 et
769 3533 847 3593 banc
871 3551 992 3594 causam
1017 3552 1084 3594 esse
1101 3533 1276 3612 apparentis
1300 3532 1484 3612 caudaepro·

143 3619 291 3699 jectiouis,
319 3629 349 3681 et
372 3620 465 3682 radiis
489 3621 570 3683 illius
594 3619 719 3683 colorari
744 3620 901 3683 materiam
925 3622 1039 3682 aeriam
1063 3623 1253 3684 crassiorem.
1300 3617 1482 3682 Dilatatiouit

145 3727 239 3771 causa
270 3711 353 3771 venit
385 3729 422 3772 ex
455 3711 572 3790 legibus
605 3710 731 3789 opticis,
765 3711 968 3789 refringuntur
998 3710 1073 3771 radii
1106 3711 1143 3772 ad
1165 3709 1427 3791 perpendiculum,
1453 3712 1483 3775 et

145 3798 279 3859 sectione
304 3798 395 3872 facta,
421 3807 581 3862 transeunt
604 3799 634 3860 in
659 3799 828 3878 oppositam
852 3808 978 3878 partem.

233 3885 280 3946 De
304 3887 564 3949 incurvatione
589 3888 659 3968 quid
684 3905 740 3948 uon
766 3887 816 3960 sit,
841 3888 940 3949 dicere
964 3905 1096 3966 possum,
1121 3892 1155 3947 at
1179 3885 1326 3968 neuquid
1346 3887 1395 3949 sit.
1430 3884 1482 3946 Nou

146 3981 195 4035 est
217 3975 392 4053 parallaxis‚
418 3985 451 4038 ut
475 3977 577 4058 Tycho
600 3977 738 4056 putavit:
763 3995 832 4037 nam
855 3976 1022 4055 parallaris
1047 3995 1084 4037 ex
1108 3975 1201 4037 rectis
1223 3994 1283 4037 non
1308 3983 1411 4055 potest
1427 3970 1482 4035 red·

147 4062 216 4123 dere
240 4082 341 4124 curva.
388 4063 456 4126 Nou
481 4075 529 4127 est
553 4074 586 4127 ut
610 4066 714 4126 Lunae
738 4066 930 4136 illuminatio,
965 4084 1041 4145 quae
1064 4084 1135 4126 vere
1170 4072 1217 4126 est
1250 4084 1345 4126 curva
1375 4062 1484 4126 circula·

145 4151 228 4213 riter.
276 4152 321 4214 Tu
345 4151 371 4213 si
394 4172 440 4214 me
465 4155 660 4224 refutaveris,
686 4173 743 4214 non
769 4174 815 4214 me
840 4155 983 4216 offendes
1032 4151 1259 4216 Obscurissima
1282 4162 1333 4215 est
1355 4149 1481 4234 quaestio

145 4239 210 4303 Nec
234 4258 290 4317 ego
313 4241 413 4323 plures
438 4242 499 4303 vidi
523 4260 593 4304 uno
618 4243 688 4303 anui
715 4239 798 4307 1596
822 4244 994 4306 Novembri
1043 4251 1119 4313 (vids
1137 4251 1222 4302 Prodr.
1246 4267 1271 4315 p
1292 4248 1368 4312 ιιι)

216 4328 386 4379 fabricius
407 4325 442 4394 [d.
464 4330 487 4380 l.
508 4326 689 4395 (ll.)Fabr.]:
720 4331 811 4382 Scribis
830 4332 1090 4382 deterraemetnin
1109 4330 1293 4382 montaneas
1312 4329 1349 4394 (v.
1362 4321 1481 4396 apelli

146 4399 222 4463 (lupia
248 4409 344 4463 tempus
370 4416 527 4485 cognoscere.
565 4402 633 4453 Nihil
656 4417 701 4452 nor
719 4403 759 4453 bie
778 4403 899 4453 sensimus
918 4402 962 4453 dte
1001 4403 1056 4468 Ege
1075 4418 1105 4452 ex
1123 4403 1196 4452 ruina
1221 4405 1299 4466 pern
1318 4404 1421 4467 alienia
1434 4402 1480 4452 i*

145 4472 213 4525 riorie
233 4471 390 4523 dissolutae
385 4489 409 4522 ιιι
428 4475 598 4535 subjacentem
618 4476 755 4525 ιιιιιιιιιιι
768 4476 908 4524 inferiorem
927 4482 1008 4525 terrae
1026 4482 1108 4524 metue
1127 4475 1232 4525 existere
1244 4481 1314 4539 pete.
1351 4475 1419 4527 Sient
1433 4469 1480 4523 ni!

145 4557 220 4609 supra
237 4550 328 4594 terram
346 4551 404 4593 eunt
421 4553 526 4604 montes,
547 4547 584 4594 ita
601 4544 669 4594 haud
687 4546 759 4594 dubie
778 4547 804 4595 in
822 4552 890 4596 terra
908 4560 1030 4597 cavernae
1049 4545 1224 4609 amplissimae,
1243 4547 1315 4613 quasi
1335 4554 1418 4602 entre,
1433 4550 1479 4611 φῦ

146 4613 320 4665 combustibilis
333 4616 447 4675 materia,
467 4617 505 4665 vel
524 4616 618 4681 liquida
637 4616 785 4676 substantia,
804 4618 843 4666 vel
862 4617 940 4667 simila
959 4617 1017 4682 quid
1036 4617 1129 4680 implet.

233 4685 437 4767 Keplerus:
476 4688 513 4748 ad
542 4687 675 4767 prolixas
706 4689 773 4748 illas
804 4689 828 4749 l
854 4688 941 4749 Febr.
969 4690 1067 4751 datas.
1107 4687 1238 4767 Tempus
1270 4695 1370 4751 terrae
1403 4682 1479 4749 motu

146 4776 266 4854 quaeris
282 4774 391 4836 rectius
408 4796 445 4839 ex
460 4776 655 4838 relationibus
671 4776 833 4839 historicis.
863 4777 995 4838 Videtur
1012 4764 1062 4840 15.
1079 4777 1164 4856 Sept.
1180 4776 1274 4840 fuisse
1289 4796 1369 4840 anno
1386 4770 1463 4838 toll

234 4864 353 4944 Negas,
388 4865 500 4928 moveri
523 4873 636 4928 terram
658 4875 808 4942 vestram,
843 4866 1002 4928 confirmat
1029 4874 1060 4928 te
1085 4864 1177 4930 Corn.
1202 4864 1343 4931 Gemma
1386 4865 1478 4930 exea
