3278 5542
604 312 636 363 ds
653 312 727 365 sebas
744 313 906 379 aanologlcts.
935 335 940 349 =
1372 311 1438 381 303

104 478 152 534 tar
181 490 238 533 nos
265 473 382 534 existat
403 471 452 533 vel
480 471 637 533 levissima
659 471 802 544 offensio,
829 490 866 533 ue
894 472 1013 550 quidem
1037 492 1143 534 sexum
1167 472 1308 535 variavit.
1354 473 1439 536 Nata

104 559 145 622 dri
170 569 221 621 est
242 560 305 623 iilia
328 559 498 622 Susanna
525 561 640 621 decimo
672 560 720 620 die
748 559 923 638 priusquam
953 561 1008 622 tibi
1033 560 1158 635 Sabina,
1183 562 1298 623 oriente
1322 559 1437 640 20⁰5,

104 667 164 711 uua
185 648 216 710 in
241 646 357 724 30⁰5.
395 648 555 730 Reliquum
581 648 684 709 thema
702 648 767 726 jam
791 648 880 709 facile
905 659 1073 712 construes.
1113 647 1200 720 Quod
1221 650 1300 712 diens
1315 650 1437 719 attinet.

104 737 170 800 cies
194 738 270 799 coeli
293 736 399 818 ἄλογος
423 745 491 799 erat
513 747 544 799 et
566 735 752 816 ἀναρμοςος,
777 755 844 798 cum
866 748 991 816 praeter
1004 739 1185 802 Mercurium
1199 739 1297 805 nuilus
1313 740 1439 819 planeta

104 834 205 888 terum
228 826 416 906 adspiceret:
441 826 519 905 quod
534 825 638 887 horam
659 844 739 899 vero,
764 826 839 887 nihil
864 828 962 904 potuit
983 847 1050 890 esse
1076 827 1201 889 felicius.
1249 827 1311 888 Sed
1331 837 1437 902 osteu-

104 915 221 978 tisuuc
252 934 366 995 quoque
401 915 516 976 foetum
538 914 622 976 Deus
654 924 685 975 et
711 913 829 993 eripuit.
878 915 999 977 Mortua
1022 925 1071 977 est
1095 924 1285 996 apostemate
1310 916 1436 996 capitis:

104 1002 179 1073 elane
204 1011 237 1066 ut
261 1006 355 1066 frater
383 1004 447 1084 ejus
471 1011 542 1064 ante
568 1007 693 1077 annum)
727 1022 794 1064 cum
818 1003 946 1065 vixisset
974 1005 1039 1066 dies
1064 1001 1116 1067 35.
1164 1004 1274 1066 Mortis
1297 1007 1327 1066 in
1352 1005 1437 1068 coelo

104 1090 187 1154 rilnm
211 1101 279 1154 erat
302 1091 435 1172 signum:
469 1111 563 1154 causa
585 1092 772 1175 pertigitex
795 1101 895 1167 utero,
926 1112 980 1155 seu
1003 1093 1100 1173 magis
1129 1113 1167 1156 ex
1189 1101 1289 1174 partu.
1337 1092 1438 1165 Quam

120 1179 208 1243 brevi
231 1190 319 1261 pater
342 1182 501 1261 sequatur,
536 1180 609 1242 nihil
634 1181 677 1242 illi
700 1181 870 1260 inopinanti
894 1183 1021 1244 accidet.
1068 1181 1143 1244 Cum
1168 1179 1247 1244 enirh
1269 1183 1383 1262 passim
1407 1184 1435 1244 in

104 1269 210 1351 egeria
237 1288 342 1332 cruces
371 1269 554 1349 sanguineae
587 1270 617 1330 in
642 1269 793 1331 hominum
823 1270 997 1349 corporibus
1029 1270 1147 1351 aliaque
1172 1271 1342 1349 hujusmodi
1365 1291 1435 1334 cru·

104 1364 144 1421 lta
165 1358 257 1438 signs
280 1359 310 1419 in
334 1358 448 1420 foribus
473 1359 625 1431 domuum,
663 1357 691 1418 in
717 1357 863 1430 scamnis,
889 1359 919 1419 iu
944 1360 1108 1439 parietibus
1133 1368 1317 1440 appareant,
1343 1361 1437 1441 (quod

104 1445 254 1510 dvorsaiis
277 1447 471 1528 pestilentiae
497 1446 615 1526 signum
640 1455 770 1526 arguunt
793 1445 965 1521 historiae),
994 1449 1106 1528 primus
1132 1469 1188 1530 ego
1213 1449 1241 1509 in
1266 1449 1323 1511 hac
1353 1449 1435 1524 urbe,

104 1535 152 1597 sod
176 1536 290 1612 sciam,
323 1535 505 1598 cruciculam
533 1534 719 1597 ineiuistro
747 1535 824 1614 pede
853 1538 1045 1616 conspicatus
1071 1557 1152 1615 sum,
1184 1537 1269 1616 cujm
1294 1538 1376 1600 color
1400 1556 1436 1599 ex

104 1669 238 1751 mgnineo
261 1669 374 1733 dilutus
399 1668 428 1731 in
454 1670 579 1739 luteum,
615 1670 711 1731 forma
739 1677 771 1732 et
795 1669 949 1750 quantitas
972 1669 1060 1732 haec.
1112 1636 1204 1781 ᾧ
1272 1670 1373 1733 Locus
1405 1673 1436 1733 in

104 1803 161 1877 tde,
184 1822 243 1883 qua
267 1803 388 1866 dorsum
413 1801 501 1881 pedis
526 1803 563 1864 ad
587 1803 687 1864 volam
712 1822 834 1884 vergere
859 1802 978 1885 incipit,
1005 1802 1102 1864 medio
1126 1797 1226 1881 spatio
1249 1802 1328 1864 iuter
1351 1799 1435 1865 radi·

104 1912 127 1954 a
147 1892 240 1953 tibiae
265 1901 297 1953 et
319 1891 489 1970 digitorum.
537 1888 737 1966 Crediderim,
773 1911 831 1954 non
861 1893 921 1954 alio
950 1891 1015 1953 loco
1043 1891 1133 1954 fixum
1162 1909 1230 1951 esse
1258 1891 1378 1954 clavum
1405 1891 1435 1953 in

104 1981 150 2042 eis
173 1979 297 2043 Christi.
345 1979 475 2051 Quidam
508 1988 660 2058 guttarum
695 1983 927 2060 sanguinearum
960 1980 1077 2059 species
1111 1979 1276 2040 ostendunt
1303 1980 1333 2041 in
1365 1981 1436 2041 vola

104 2085 191 2143 suus,
226 2078 260 2130 ut
287 2069 385 2131 audio.
432 2068 512 2131 Nam
539 2067 587 2130 hic
616 2069 714 2131 adbuc
738 2070 810 2131 nihil
835 2070 946 2144 simile,
979 2076 1189 2150 praeterquam
1212 2068 1242 2129 in
1267 2086 1325 2130 me.
1373 2068 1436 2131 Sed

104 2156 144 2221 *la
165 2156 288 2220 Christo
312 2166 344 2220 et
367 2158 433 2237 ipsa
456 2158 602 2220 transfixa
632 2167 690 2219 est.
738 2158 852 2220 Verum
881 2169 914 2220 ut
941 2158 1063 2222 redeam
1092 2178 1111 2218 a
1139 2165 1236 2218 morte
1267 2157 1306 2217 ad
1331 2157 1435 2220 sitam.

104 2245 183 2308 *let
206 2246 296 2309 Luna
318 2246 484 2308 Sabinuiae
508 2254 578 2307 tuae
603 2246 794 2308 stabulantes
813 2249 842 2309 in
859 2246 1045 2316 duodecima,
1070 2247 1156 2308 Luna
1179 2244 1344 2319 combusta,
1370 2246 1435 2307 dis-

104 2330 174 2397 luts
205 2336 282 2397 coeii
315 2335 424 2410 iacies,
461 2336 544 2396 solus
568 2337 590 2411 ζ)
612 2335 640 2396 in
664 2328 745 2412 Ue,
779 2346 811 2398 et
839 2344 923 2397 ortus
946 2337 975 2398 in
998 2329 1179 2414 Uiongob,
1215 2334 1355 2396 videntur
1378 2335 1432 2397 tibi

104 2440 188 2504 loque
213 2424 292 2486 idem
316 2423 425 2498 dicere,
460 2424 537 2503 quod
562 2423 634 2486 mihi
658 2426 777 2487 accidit.
825 2423 859 2487 Si
883 2433 909 2496 ό
931 2445 985 2505 per
1009 2421 1060 2499 24,
1074 2421 1168 2498 3011,
1192 2420 1257 2489 Se)
1281 2423 1433 2485 transiens

104 2506 147 2575 lm
170 2512 305 2586 nocebit,
330 2511 480 2575 Saturnus
505 2521 605 2574 tamen
630 2533 709 2575 anno
737 2509 946 2590 rattruut,
975 2533 1043 2576 cum
1067 2522 1099 2574 et
1122 2512 1302 2575 directiones
1325 2532 1431 2575 acces-

104 2600 177 2676 rint,
201 2602 285 2663 vitae
307 2601 472 2681 pericnlum
495 2603 612 2663 afferet.
1068 2635 1074 2640 -

133 2690 219 2753 ‚Hic
242 2690 322 2771 apud
345 2708 400 2752 uos
424 2690 599 2771 dysenteria
621 2689 765 2769 plurimos
790 2690 919 2752 omnium
943 2699 1087 2765 aetatum,
1112 2690 1165 2751 sed
1184 2690 1278 2751 multo
1301 2690 1431 2753 maxime

104 2778 204 2843 butes
232 2778 372 2862 absqmit.
419 2778 534 2858 Aprilis
564 2777 642 2840 enim
671 2779 855 2843 siccissimus
880 2788 912 2841 et
935 2787 1111 2863 cumaestu
1136 2779 1331 2842 fundamenta
1355 2780 1432 2859 jecit

104 2868 184 2933 atati
208 2868 354 2940 torridae,
378 2885 454 2948 quae
478 2867 614 2946 frugibus
638 2868 762 2928 muitum
786 2869 899 2930 nocuit.
950 2867 1044 2930 Stant
1067 2868 1115 2929 hic
1140 2867 1278 2942 arbores,
1307 2870 1431 2931 summis

104 2957 173 3019 idae
198 2956 364 3028 frondibus,
387 2957 511 3036 perinde
537 2976 573 3018 ac
597 2964 762 3035 presterem
786 2976 913 3037 passae:
944 2958 999 3019 sed
1023 2976 1080 3018 non
1107 2966 1210 3018 aestus
1234 2956 1304 3018 illas
1327 2957 1431 3019 defor-

104 3047 166 3111 isia
188 3045 376 3114 immediate,
410 3045 464 3107 sed
491 3045 579 3126 copia
601 3045 768 3108 vermium·
803 3045 837 3108 Si
858 3047 971 3108 eadem
1004 3054 1075 3109 sunt
1102 3065 1196 3127 penes
1220 3064 1292 3117 voe.
1330 3055 1431 3109 metuo

104 3154 136 3201 se
162 3135 281 3197 filiolae
298 3135 355 3197 hac
379 3142 498 3196 aestate
522 3134 629 3209 adhuc,
655 3153 691 3195 ne
716 3135 826 3197 similia
847 3136 992 3216 patiatur.

134 3275 316 3334 calamitates,
336 3289 398 3342 quas
418 3276 532 3336 diximus,
552 3277 678 3340 publicae,
703 3277 789 3341 quibus
810 3276 854 3325 viri
877 3277 1003 3343 ingenium
1021 3275 1123 3326 liberum
1147 3275 1179 3326 sd
1197 3276 1263 3327 hanc
1280 3279 1430 3342 superstitio-

104 3366 119 3402 a
139 3354 299 3413 pertractum
317 3354 369 3403 eet,
388 3360 462 3412 quam
480 3348 631 3410 praemissae
650 3354 775 3398 testantur
792 3348 893 3404 literae,
918 3353 1044 3396 exertmas
1062 3347 1188 3413 siguificat
1206 3349 1311 3411 epistola
1328 3349 1431 3413 Kepleri

104 3422 179 3473 nior
207 3416 277 3483 (pag.
297 3415 378 3480 299),
407 3433 498 3483 easque
514 3421 567 3481 jam
587 3424 685 3469 exortas
712 3419 823 3470 referunt
845 3418 933 3468 literas
959 3419 992 3467 ad
1011 3417 1170 3467 Maestliunm
1189 3426 1216 3469 et
1232 3419 1389 3470 namnam
1407 3436 1430 3471 c.

104 3508 140 3544 ι
163 3492 224 3540 anni
244 3487 312 3540 1999
331 3489 406 3540 datae
434 3488 532 3553 (Comp.
551 3506 575 3554 p.
596 3487 630 3539 39
649 3499 674 3541 et
693 3486 748 3552 99).
786 3490 857 3550 Quae
883 3491 908 3539 iu
933 3490 971 3539 his
989 3491 1048 3553 ipsis
1066 3489 1143 3539 literis
1172 3486 1226 3551 (29.
1246 3492 1312 3556 ling.
1333 3487 1379 3551 99)
1405 3501 1432 3542 et

104 3576 183 3630 quae
207 3562 252 3611 luas
270 3562 419 3612 subsecutae
444 3568 510 3618 suut,
533 3562 642 3625 pluribus
670 3562 702 3611 de
729 3563 835 3611 turbatis
862 3561 934 3610 rebus
954 3560 1073 3623 Styriacis
1101 3575 1178 3626 aeger
1202 3556 1280 3611 animi
1297 3561 1431 3612 biaestliuo

104 3635 191 3691 nint,
223 3631 399 3697 hiasstlinique
433 3647 577 3697 responsum
609 3647 696 3696 parum
723 3633 805 3682 solatii
833 3632 968 3695 praebens,
1004 3631 1120 3696 leguntur
1152 3646 1227 3696 supra
1259 3645 1284 3695 p.
1314 3631 1344 3680 5¹
1378 3648 1430 3698 sqq.

104 3706 168 3757 ibus
185 3705 306 3766 inspectis
325 3718 399 3753 nemo
418 3703 480 3753 forte
502 3705 639 3763 mirabitur,
659 3712 795 3768 temporum
814 3704 905 3765 injuria
922 3709 1037 3752 vexatum
1051 3703 1236 3766 cruciatumque
1253 3703 1330 3751 sirum
1348 3705 1431 3754 auimo

104 3791 143 3829 aa
160 3775 313 3846 'conturbato
331 3781 358 3825 et
375 3776 479 3832 incerta,
500 3782 527 3825 et
545 3775 578 3824 a'd
597 3777 784 3838 superstitiones
804 3775 930 3825 transiisse
949 3788 1030 3836 paene
1049 3773 1135 3824 aniles.
1172 3757 1210 3824 90
1228 3775 1281 3837 ipso
1294 3788 1351 3823 rero
1369 3782 1431 3825 tem·

104 3863 138 3906 a.
168 3852 319 3909 recuperata
335 3847 434 3910 propria
452 3853 557 3901 natura.
582 3848 757 3910 circumspexit
775 3846 900 3901 subsidia,
925 3845 1013 3909 quibus
1031 3845 1077 3894 sibi
1095 3846 1194 3909 suisque
1213 3846 1303 3894 rictum
1322 3854 1432 3909 pararet,

104 3933 149 3986 pse
167 3918 279 3981 arripnit.
298 3931 363 3982 quae
381 3918 427 3980 ipsi
444 3925 543 3981 promta
561 3924 648 3975 eraut3
669 3932 725 3968 cnm
737 3916 856 3980 Tychoue
876 3919 929 3981 egit
947 3917 978 3966 de
991 3917 1097 3965 tranntn
1110 3917 1136 3965 in
1149 3915 1302 3976 Bobemiam,
1322 3919 1431 3968 interim·

104 4011 117 4052 a
140 3988 203 4040 dum
221 3989 267 4038 hoc
285 3990 412 4053 negotium
430 3989 456 4037 in
474 4003 592 4052 suspenso
610 3989 748 4048 haerebat,
775 3988 955 4039 concinnandis
975 3987 1150 4037 sauvitatibus
1164 3988 1313 4038 mediocrem
1332 3991 1432 4054 conqui-

104 4068 139 4113 ιι
158 4061 297 4123 pecuniam.
334 4059 403 4109 iuter
421 4058 520 4121 Styrias
547 4060 643 4109 nobiles
667 4061 800 4124 praecipue
824 4059 926 4110 larebat
942 4058 1052 4123 Keplero
1070 4059 1132 4109 liber
1157 4060 1216 4109 baro
1241 4059 1272 4109 de
1290 4059 1430 4111 Herbes-

104 4134 177 4188 sim.
196 4145 297 4194 praeses
315 4136 426 4180 statuum
445 4129 558 4193 Styriae,
578 4133 619 4195 qui
638 4146 695 4179 cum
713 4131 759 4181 sibi
777 4132 823 4193 ipsi
842 4138 895 4180 tum
914 4132 968 4180 aliis
986 4130 1107 4181 nobilibus
1125 4133 1224 4195 saepius
1242 4133 1344 4194 expetiit
1361 4131 1431 4196 Kep-

104 4232 109 4255 t
129 4201 311 4266 analogicum
327 4202 461 4264 iudicium,
492 4201 540 4252 hac
557 4203 620 4251 torto
640 4203 716 4251 etiam
735 4209 827 4263 meum,
846 4210 883 4259 ut.
902 4202 1044 4253 labantibus
1062 4202 1134 4252 rebus
1154 4200 1274 4264 Styriaeis
1291 4209 1318 4252 ot
1336 4206 1432 4255 aerario

104 4274 167 4329 alico
187 4274 308 4338 angustiis
326 4287 427 4336 presso.
455 4272 591 4337 KepIernm
609 4273 764 4329 sublevaret.
793 4288 899 4338 parcens
918 4274 1032 4339 dignitati
1051 4275 1095 4322 viri
1120 4288 1193 4339 quem
1210 4275 1295 4339 magui
1313 4273 1432 4325 faciebat.

104 4343 203 4397 ham
223 4344 333 4408 Kaplero
350 4343 484 4408 interprete
502 4359 562 4393 uana
587 4344 739 4395 Colomauno
758 4344 949 4407 Zehentmajero
968 4346 1114 4402 secretario,
1142 4347 1214 4407 cnjus
1231 4345 1316 4394 literas
1334 4345 1434 4396 exhibet

104 4416 212 4471 machina
229 4431 253 4479 p.
275 4411 326 4464 129
346 4430 380 4464 aa.
400 4417 472 4465 anuis
496 4412 670 4464 tuus-1600
690 4417 773 4466 datas.
809 4416 846 4465 Ex
863 4415 902 4464 his
920 4415 984 4466 haec
1007 4422 1104 4467 tantum
1124 4417 1301 4479 excerpsimus:
1333 4416 1431 4475 ,Gene-

122 4495 185 4539 tuaa
205 4501 358 4550 summopere
377 4486 541 4537 commendat¹
558 4488 699 4537 Generosus
727 4485 803 4548 (idem
820 4487 862 4537 iiie
880 4483 1069 4549 Herberstein),
1093 4493 1118 4536 et
1143 4487 1272 4552 aliquoties
1291 4486 1432 4546 affirmarit.

107 4573 165 4611 nm
184 4573 233 4610 acu
251 4559 364 4623 tetigisse
382 4558 475 4607 inillis
491 4559 608 4620 judiciis,
634 4572 698 4622 quae
716 4557 846 4608 Nobilibus
868 4560 893 4607 in
912 4559 1014 4609 Austris
1031 4560 1172 4623 conscripta
1189 4565 1255 4608 sunt.
1290 4557 1371 4608 Jnssit
1387 4559 1433 4608 tibi

104 4630 218 4689 ficari,
247 4635 276 4678 ut
294 4629 441 4679 dilationem
458 4630 664 4679 remunerationis
682 4630 809 4692 patienter
826 4630 890 4680 lerre
908 4629 981 4685 veiis,
1008 4631 1163 4694 usquedum
1184 4629 1226 4679 iile
1244 4630 1376 4680 Graeciam
1393 4645 1432 4680 re·

104 4715 167 4753 aava
192 4701 276 4752 luerit.
313 4699 377 4750 Tum
404 4699 539 4751 honorilice
563 4700 608 4750 tibi
637 4700 755 4760 satisfiet,
786 4707 812 4751 et
837 4701 939 4751 ulterius
964 4707 1047 4751 tecum
1070 4709 1172 4773 agetur¹
1185 4701 1217 4750 ds
1234 4700 1358 4751 nonnullis
1377 4701 1432 4752 aliis

104 4771 395 4904 ..c
413 4771 745 4899 009000
759 4770 1433 4910 neumnensium:
