<?xml version="1.0" encoding="UTF-8"?>
<!DOCTYPE html PUBLIC "-//W3C//DTD XHTML 1.0 Transitional//EN"
    "http://www.w3.org/TR/xhtml1/DTD/xhtml1-transitional.dtd">
<html xmlns="http://www.w3.org/1999/xhtml" xml:lang="en" lang="en">
 <head>
  <title>
</title>
<meta http-equiv="Content-Type" content="text/html;charset=utf-8" />
  <meta name='ocr-system' content='tesseract 3.04.00' />
  <meta name='ocr-capabilities' content='ocr_page ocr_carea ocr_par ocr_line ocrx_word'/>
</head>
<body>
  <div class='ocr_page' id='page_1' title='image "./joanniskepleria17frisgoog_0199.png"; bbox 0 0 3278 5542; ppageno 0'>
   <div class='ocr_carea' id='block_1_1' title="bbox 198 72 1037 192">
    <p class='ocr_par' dir='ltr' id='par_1_1' title="bbox 198 72 1037 192">
     <span class='ocr_line' id='line_1_1' title="bbox 198 72 1037 192; baseline 0.001 -16"><span class='ocrx_word' id='word_1_1' title='bbox 198 124 261 192; x_wconf 73' lang='lat'>175</span> <span class='ocrx_word' id='word_1_2' title='bbox 550 72 557 79; x_wconf 30' lang='lat'>⁵</span> <span class='ocrx_word' id='word_1_3' title='bbox 705 122 818 188; x_wconf 69' lang='lat' dir='ltr'>nysam</span> <span class='ocrx_word' id='word_1_4' title='bbox 835 123 1037 192; x_wconf 63' lang='lat' dir='ltr'>commus</span> 
     </span>
    </p>
   </div>
   <div class='ocr_carea' id='block_1_2' title="bbox 196 281 1556 453">
    <p class='ocr_par' dir='ltr' id='par_1_2' title="bbox 196 281 1556 453">
     <span class='ocr_line' id='line_1_2' title="bbox 196 281 1556 367; baseline -0.003 -18"><span class='ocrx_word' id='word_1_5' title='bbox 196 285 365 349; x_wconf 88' lang='lat' dir='ltr'>coincidere</span> <span class='ocrx_word' id='word_1_6' title='bbox 388 291 421 347; x_wconf 89' lang='lat' dir='ltr'>et</span> <span class='ocrx_word' id='word_1_7' title='bbox 441 282 498 345; x_wconf 92' lang='lat' dir='ltr'>niti</span> <span class='ocrx_word' id='word_1_8' title='bbox 520 281 626 347; x_wconf 85' lang='lat' dir='ltr'>eodem</span> <span class='ocrx_word' id='word_1_9' title='bbox 649 283 854 360; x_wconf 82' lang='lat' dir='ltr'>fundamento,</span> <span class='ocrx_word' id='word_1_10' title='bbox 879 283 958 365; x_wconf 88' lang='lat' dir='ltr'>qnod</span> <span class='ocrx_word' id='word_1_11' title='bbox 981 292 1084 347; x_wconf 83' lang='grc' dir='ltr'><strong>ιιιιιι</strong></span> <span class='ocrx_word' id='word_1_12' title='bbox 1106 292 1271 365; x_wconf 80' lang='lat' dir='ltr'>qnopacto</span> <span class='ocrx_word' id='word_1_13' title='bbox 1284 282 1350 363; x_wconf 76' lang='lat' dir='ltr'>so,</span> <span class='ocrx_word' id='word_1_14' title='bbox 1373 282 1556 367; x_wconf 75' lang='lat' dir='ltr'>investigere</span> 
     </span>
     <span class='ocr_line' id='line_1_3' title="bbox 197 368 670 453; baseline -0.006 -16"><span class='ocrx_word' id='word_1_15' title='bbox 197 375 342 440; x_wconf 88' lang='lat' dir='ltr'>hactenns</span> <span class='ocrx_word' id='word_1_16' title='bbox 365 391 515 453; x_wconf 86' lang='lat' dir='ltr'>nunquam</span> <span class='ocrx_word' id='word_1_17' title='bbox 536 371 631 451; x_wconf 90' lang='lat' dir='ltr'>potui.</span> <span class='ocrx_word' id='word_1_18' title='bbox 646 368 670 446; x_wconf 70' lang='grc' dir='ltr'>ί)</span> 
     </span>
    </p>
   </div>
   <div class='ocr_carea' id='block_1_3' title="bbox 643 545 1113 722">
    <p class='ocr_par' dir='ltr' id='par_1_3' title="bbox 643 545 1113 722">
     <span class='ocr_line' id='line_1_4' title="bbox 643 545 1113 613; baseline -0.002 0"><span class='ocrx_word' id='word_1_19' title='bbox 643 548 687 613; x_wconf 87' lang='lat' dir='ltr'>IN</span> <span class='ocrx_word' id='word_1_20' title='bbox 712 545 850 611; x_wconf 82' lang='lat' dir='ltr'><strong>CAPUT</strong></span> <span class='ocrx_word' id='word_1_21' title='bbox 874 546 1113 612; x_wconf 80' lang='lat' dir='ltr'><strong>VICESIMUM</strong></span> 
     </span>
     <span class='ocr_line' id='line_1_5' title="bbox 722 670 1034 722; baseline 0 0"><span class='ocrx_word' id='word_1_22' title='bbox 722 670 836 722; x_wconf 75' lang='lat' dir='ltr'>uorsa</span> <span class='ocrx_word' id='word_1_23' title='bbox 855 671 1034 722; x_wconf 70' lang='lat' dir='ltr'>ancnoris</span> 
     </span>
    </p>
   </div>
   <div class='ocr_carea' id='block_1_4' title="bbox 196 777 1619 3657">
    <p class='ocr_par' dir='ltr' id='par_1_4' title="bbox 196 777 1573 1330">
     <span class='ocr_line' id='line_1_6' title="bbox 196 777 1563 851; baseline -0.001 -16"><span class='ocrx_word' id='word_1_24' title='bbox 196 834 209 847; x_wconf 80' lang='grc'>,</span> <span class='ocrx_word' id='word_1_25' title='bbox 276 777 308 851; x_wconf 89' lang='grc' dir='ltr'>ι)</span> <span class='ocrx_word' id='word_1_26' title='bbox 331 783 410 835; x_wconf 87' lang='lat' dir='ltr'>Haec</span> <span class='ocrx_word' id='word_1_27' title='bbox 424 780 595 850; x_wconf 87' lang='lat' dir='ltr'>estpropria</span> <span class='ocrx_word' id='word_1_28' title='bbox 609 781 728 834; x_wconf 91' lang='lat' dir='ltr'>materia</span> <span class='ocrx_word' id='word_1_29' title='bbox 742 780 804 833; x_wconf 86' lang='lat' dir='ltr'>libri</span> <span class='ocrx_word' id='word_1_30' title='bbox 819 781 865 834; x_wconf 91' lang='lat' dir='ltr'>lV</span> <span class='ocrx_word' id='word_1_31' title='bbox 880 781 1036 850; x_wconf 88' lang='lat' dir='ltr'>Epitomes;</span> <span class='ocrx_word' id='word_1_32' title='bbox 1062 786 1232 835; x_wconf 85' lang='lat' dir='ltr'>transsumta</span> <span class='ocrx_word' id='word_1_33' title='bbox 1251 779 1422 835; x_wconf 88' lang='lat' dir='ltr'>iudeialib.</span> <span class='ocrx_word' id='word_1_34' title='bbox 1436 780 1471 834; x_wconf 88' lang='lat' dir='ltr'>V.</span> <span class='ocrx_word' id='word_1_35' title='bbox 1487 780 1563 833; x_wconf 83' lang='lat' dir='ltr'>Har-</span> 
     </span>
     <span class='ocr_line' id='line_1_7' title="bbox 197 859 1566 930; baseline -0.003 -14"><span class='ocrx_word' id='word_1_36' title='bbox 197 861 368 917; x_wconf 89' lang='lat' dir='ltr'>monicorum.</span> <span class='ocrx_word' id='word_1_37' title='bbox 406 862 476 915; x_wconf 87' lang='lat' dir='ltr'>Nam</span> <span class='ocrx_word' id='word_1_38' title='bbox 491 860 565 913; x_wconf 90' lang='lat' dir='ltr'>illius</span> <span class='ocrx_word' id='word_1_39' title='bbox 580 859 644 913; x_wconf 87' lang='lat' dir='ltr'>libri</span> <span class='ocrx_word' id='word_1_40' title='bbox 658 876 719 930; x_wconf 91' lang='lat' dir='ltr'>cap.</span> <span class='ocrx_word' id='word_1_41' title='bbox 736 860 762 914; x_wconf 88' lang='lat'>3.</span> <span class='ocrx_word' id='word_1_42' title='bbox 779 860 870 913; x_wconf 91' lang='lat' dir='ltr'>haec</span> <span class='ocrx_word' id='word_1_43' title='bbox 863 876 926 929; x_wconf 83' lang='lat' dir='ltr'>ipsa</span> <span class='ocrx_word' id='word_1_44' title='bbox 940 863 1066 930; x_wconf 88' lang='lat' dir='ltr'>quaest-io</span> <span class='ocrx_word' id='word_1_45' title='bbox 1081 862 1225 923; x_wconf 74' lang='lat' dir='ltr'>enodatur,</span> <span class='ocrx_word' id='word_1_46' title='bbox 1248 868 1278 914; x_wconf 85' lang='lat' dir='ltr'>et</span> <span class='ocrx_word' id='word_1_47' title='bbox 1291 861 1364 915; x_wconf 88' lang='lat' dir='ltr'>inter</span> <span class='ocrx_word' id='word_1_48' title='bbox 1378 860 1566 915; x_wconf 73' lang='lat' dir='ltr'>fundamenta</span> 
     </span>
     <span class='ocr_line' id='line_1_8' title="bbox 197 940 1565 1012; baseline -0.004 -14"><span class='ocrx_word' id='word_1_49' title='bbox 197 942 353 1005; x_wconf 71' lang='lat' dir='ltr'>assumitur,</span> <span class='ocrx_word' id='word_1_50' title='bbox 378 942 476 1012; x_wconf 92' lang='lat' dir='ltr'>quibus</span> <span class='ocrx_word' id='word_1_51' title='bbox 490 942 703 1004; x_wconf 89' lang='lat' dir='ltr'>demonstratur,</span> <span class='ocrx_word' id='word_1_52' title='bbox 726 947 816 994; x_wconf 88' lang='lat' dir='ltr'>motus</span> <span class='ocrx_word' id='word_1_53' title='bbox 830 941 1005 1009; x_wconf 88' lang='lat' dir='ltr'>planetarum</span> <span class='ocrx_word' id='word_1_54' title='bbox 1019 949 1159 996; x_wconf 88' lang='lat' dir='ltr'>extremos</span> <span class='ocrx_word' id='word_1_55' title='bbox 1173 941 1307 997; x_wconf 77' lang='lat' dir='ltr'><strong>contineri</strong></span> <span class='ocrx_word' id='word_1_56' title='bbox 1331 940 1565 1012; x_wconf 67' lang='lat' dir='ltr'><strong>proportionibus</strong></span> 
     </span>
     <span class='ocr_line' id='line_1_9' title="bbox 197 1010 1567 1093; baseline -0.001 -16"><span class='ocrx_word' id='word_1_57' title='bbox 197 1022 370 1077; x_wconf 89' lang='lat' dir='ltr'>harmonicis.</span> <span class='ocrx_word' id='word_1_58' title='bbox 411 1021 471 1075; x_wconf 88' lang='lat' dir='ltr'>Etsi</span> <span class='ocrx_word' id='word_1_59' title='bbox 485 1038 551 1074; x_wconf 77' lang='lat' dir='ltr'>vero</span> <span class='ocrx_word' id='word_1_60' title='bbox 573 1021 600 1074; x_wconf 93' lang='lat' dir='ltr'>in</span> <span class='ocrx_word' id='word_1_61' title='bbox 614 1010 667 1073; x_wconf 79' lang='lat' dir='ltr'>hiso</span> <span class='ocrx_word' id='word_1_62' title='bbox 680 1020 772 1089; x_wconf 90' lang='lat' dir='ltr'>capite</span> <span class='ocrx_word' id='word_1_63' title='bbox 787 1023 905 1074; x_wconf 88' lang='lat' dir='ltr'>nondum</span> <span class='ocrx_word' id='word_1_64' title='bbox 923 1028 1067 1076; x_wconf 91' lang='lat' dir='ltr'>assecutus</span> <span class='ocrx_word' id='word_1_65' title='bbox 1089 1038 1148 1075; x_wconf 89' lang='lat' dir='ltr'>sum</span> <span class='ocrx_word' id='word_1_66' title='bbox 1172 1023 1243 1092; x_wconf 91' lang='lat' dir='ltr'>quod</span> <span class='ocrx_word' id='word_1_67' title='bbox 1263 1024 1442 1092; x_wconf 80' lang='lat' dir='ltr'>quaerebam,</span> <span class='ocrx_word' id='word_1_68' title='bbox 1469 1022 1567 1093; x_wconf 74' lang='lat' dir='ltr'>plera-</span> 
     </span>
     <span class='ocr_line' id='line_1_10' title="bbox 198 1099 1571 1173; baseline -0.001 -16"><span class='ocrx_word' id='word_1_69' title='bbox 198 1120 252 1173; x_wconf 90' lang='lat' dir='ltr'>que</span> <span class='ocrx_word' id='word_1_70' title='bbox 265 1110 360 1156; x_wconf 89' lang='lat' dir='ltr'>tamen</span> <span class='ocrx_word' id='word_1_71' title='bbox 375 1102 501 1155; x_wconf 87' lang='lat' dir='ltr'>adhibita</span> <span class='ocrx_word' id='word_1_72' title='bbox 515 1099 658 1169; x_wconf 92' lang='lat' dir='ltr'>principia,</span> <span class='ocrx_word' id='word_1_73' title='bbox 681 1116 753 1171; x_wconf 88' lang='lat' dir='ltr'>quae</span> <span class='ocrx_word' id='word_1_74' title='bbox 767 1100 865 1154; x_wconf 90' lang='lat' dir='ltr'>mihi</span> <span class='ocrx_word' id='word_1_75' title='bbox 851 1117 913 1169; x_wconf 78' lang='lat' dir='ltr'>Jam</span> <span class='ocrx_word' id='word_1_76' title='bbox 936 1107 993 1155; x_wconf 92' lang='lat' dir='ltr'>tum</span> <span class='ocrx_word' id='word_1_77' title='bbox 1013 1110 1131 1156; x_wconf 86' lang='lat' dir='ltr'>naturae</span> <span class='ocrx_word' id='word_1_78' title='bbox 1149 1118 1240 1155; x_wconf 90' lang='lat' dir='ltr'>rerum</span> <span class='ocrx_word' id='word_1_79' title='bbox 1253 1103 1423 1157; x_wconf 84' lang='lat' dir='ltr'>videbantur</span> <span class='ocrx_word' id='word_1_80' title='bbox 1445 1118 1571 1157; x_wconf 84' lang='lat' dir='ltr'>consen·</span> 
     </span>
     <span class='ocr_line' id='line_1_11' title="bbox 198 1181 1573 1252; baseline -0.001 -15"><span class='ocrx_word' id='word_1_81' title='bbox 198 1192 290 1247; x_wconf 87' lang='lat' dir='ltr'>tanea,</span> <span class='ocrx_word' id='word_1_82' title='bbox 316 1182 471 1236; x_wconf 85' lang='lat' dir='ltr'>certissima</span> <span class='ocrx_word' id='word_1_83' title='bbox 493 1188 523 1234; x_wconf 88' lang='lat' dir='ltr'>et</span> <span class='ocrx_word' id='word_1_84' title='bbox 539 1182 607 1234; x_wconf 90' lang='lat' dir='ltr'>totis</span> <span class='ocrx_word' id='word_1_85' title='bbox 627 1181 670 1234; x_wconf 93' lang='lat' dir='ltr'>his</span> <span class='ocrx_word' id='word_1_86' title='bbox 686 1181 723 1234; x_wconf 90' lang='grc'>25</span> <span class='ocrx_word' id='word_1_87' title='bbox 738 1181 817 1234; x_wconf 87' lang='lat' dir='ltr'>annis</span> <span class='ocrx_word' id='word_1_88' title='bbox 831 1181 977 1236; x_wconf 90' lang='lat' dir='ltr'>utilissima</span> <span class='ocrx_word' id='word_1_89' title='bbox 1000 1199 1059 1237; x_wconf 90' lang='lat' dir='ltr'>sum</span> <span class='ocrx_word' id='word_1_90' title='bbox 1074 1187 1225 1251; x_wconf 86' lang='lat' dir='ltr'>expertus:</span> <span class='ocrx_word' id='word_1_91' title='bbox 1250 1182 1417 1252; x_wconf 85' lang='lat' dir='ltr'>praesertim</span> <span class='ocrx_word' id='word_1_92' title='bbox 1439 1183 1471 1237; x_wconf 88' lang='lat' dir='ltr'>in</span> <span class='ocrx_word' id='word_1_93' title='bbox 1485 1182 1573 1237; x_wconf 81' lang='lat' dir='ltr'>Com-</span> 
     </span>
     <span class='ocr_line' id='line_1_12' title="bbox 200 1261 836 1330; baseline -0.003 -14"><span class='ocrx_word' id='word_1_94' title='bbox 200 1262 341 1317; x_wconf 87' lang='lat' dir='ltr'>mentariis</span> <span class='ocrx_word' id='word_1_95' title='bbox 362 1264 396 1315; x_wconf 90' lang='lat' dir='ltr'>de</span> <span class='ocrx_word' id='word_1_96' title='bbox 416 1261 535 1316; x_wconf 91' lang='lat' dir='ltr'>motibus</span> <span class='ocrx_word' id='word_1_97' title='bbox 555 1261 664 1325; x_wconf 84' lang='lat' dir='ltr'>Martis,</span> <span class='ocrx_word' id='word_1_98' title='bbox 687 1268 768 1330; x_wconf 88' lang='lat' dir='ltr'>parte</span> <span class='ocrx_word' id='word_1_99' title='bbox 789 1262 836 1315; x_wconf 85' lang='lat' dir='ltr'>lV.</span> 
     </span>
    </p>

    <p class='ocr_par' dir='ltr' id='par_1_5' title="bbox 278 1340 1092 1410">
     <span class='ocr_line' id='line_1_13' title="bbox 278 1340 1092 1410; baseline -0.001 -14"><span class='ocrx_word' id='word_1_100' title='bbox 278 1340 310 1409; x_wconf 88' lang='lat' dir='ltr'>b)</span> <span class='ocrx_word' id='word_1_101' title='bbox 333 1344 408 1404; x_wconf 88' lang='lat' dir='ltr'>Quas</span> <span class='ocrx_word' id='word_1_102' title='bbox 430 1341 521 1395; x_wconf 89' lang='lat' dir='ltr'>nullas</span> <span class='ocrx_word' id='word_1_103' title='bbox 543 1358 604 1395; x_wconf 91' lang='lat' dir='ltr'>esse</span> <span class='ocrx_word' id='word_1_104' title='bbox 625 1341 742 1410; x_wconf 82' lang='lat' dir='ltr'>probavi</span> <span class='ocrx_word' id='word_1_105' title='bbox 763 1341 790 1394; x_wconf 94' lang='lat' dir='ltr'>iu</span> <span class='ocrx_word' id='word_1_106' title='bbox 812 1341 961 1395; x_wconf 89' lang='lat' dir='ltr'>Comment.</span> <span class='ocrx_word' id='word_1_107' title='bbox 983 1341 1092 1396; x_wconf 86' lang='lat' dir='ltr'>Martis.</span> 
     </span>
    </p>

    <p class='ocr_par' dir='ltr' id='par_1_6' title="bbox 198 1419 1618 2053">
     <span class='ocr_line' id='line_1_14' title="bbox 279 1419 1596 1494; baseline 0 -20"><span class='ocrx_word' id='word_1_108' title='bbox 279 1419 304 1488; x_wconf 88' lang='lat' dir='ltr'>c)</span> <span class='ocrx_word' id='word_1_109' title='bbox 326 1422 354 1476; x_wconf 88' lang='lat' dir='ltr'>si</span> <span class='ocrx_word' id='word_1_110' title='bbox 376 1440 426 1492; x_wconf 90' lang='lat' dir='ltr'>pro</span> <span class='ocrx_word' id='word_1_111' title='bbox 446 1439 513 1475; x_wconf 81' lang='lat' dir='ltr'>voce</span> <span class='ocrx_word' id='word_1_112' title='bbox 535 1421 650 1475; x_wconf 89' lang='lat' dir='ltr'>anima</span> <span class='ocrx_word' id='word_1_113' title='bbox 669 1438 763 1474; x_wconf 81' lang='lat' dir='ltr'>vocem</span> <span class='ocrx_word' id='word_1_114' title='bbox 784 1421 847 1475; x_wconf 80' lang='lat' dir='ltr'>vim</span> <span class='ocrx_word' id='word_1_115' title='bbox 876 1422 1042 1485; x_wconf 76' lang='lat' dir='ltr'>substituas,</span> <span class='ocrx_word' id='word_1_116' title='bbox 1074 1422 1161 1475; x_wconf 85' lang='lat' dir='ltr'>habes</span> <span class='ocrx_word' id='word_1_117' title='bbox 1190 1423 1355 1494; x_wconf 88' lang='lat' dir='ltr'>ipsissimum</span> <span class='ocrx_word' id='word_1_118' title='bbox 1387 1420 1596 1491; x_wconf 69' lang='lat' dir='ltr'>principium.</span> 
     </span>
     <span class='ocr_line' id='line_1_15' title="bbox 200 1500 1609 1573; baseline -0.002 -16"><span class='ocrx_word' id='word_1_119' title='bbox 200 1520 237 1557; x_wconf 83' lang='lat' dir='ltr'>ex</span> <span class='ocrx_word' id='word_1_120' title='bbox 259 1519 312 1573; x_wconf 93' lang='lat' dir='ltr'>quo</span> <span class='ocrx_word' id='word_1_121' title='bbox 332 1502 451 1573; x_wconf 78' lang='lat' dir='ltr'>physica</span> <span class='ocrx_word' id='word_1_122' title='bbox 471 1502 599 1555; x_wconf 90' lang='lat' dir='ltr'>coelestis</span> <span class='ocrx_word' id='word_1_123' title='bbox 621 1502 648 1554; x_wconf 93' lang='lat' dir='ltr'>in</span> <span class='ocrx_word' id='word_1_124' title='bbox 669 1501 818 1555; x_wconf 86' lang='lat' dir='ltr'>Commeat.</span> <span class='ocrx_word' id='word_1_125' title='bbox 839 1502 938 1557; x_wconf 84' lang='lat' dir='ltr'>Martis</span> <span class='ocrx_word' id='word_1_126' title='bbox 967 1509 1011 1554; x_wconf 90' lang='lat' dir='ltr'>est</span> <span class='ocrx_word' id='word_1_127' title='bbox 1031 1502 1197 1567; x_wconf 88' lang='lat' dir='ltr'>constituta,</span> <span class='ocrx_word' id='word_1_128' title='bbox 1223 1511 1253 1557; x_wconf 92' lang='lat' dir='ltr'>et</span> <span class='ocrx_word' id='word_1_129' title='bbox 1280 1503 1327 1558; x_wconf 94' lang='lat' dir='ltr'>lib.</span> <span class='ocrx_word' id='word_1_130' title='bbox 1348 1502 1397 1556; x_wconf 89' lang='lat' dir='ltr'>1v.</span> <span class='ocrx_word' id='word_1_131' title='bbox 1419 1500 1609 1571; x_wconf 66' lang='lat' dir='ltr'>Epitomes</span> 
     </span>
     <span class='ocr_line' id='line_1_16' title="bbox 199 1581 1611 1650; baseline -0.001 -14"><span class='ocrx_word' id='word_1_132' title='bbox 199 1586 274 1636; x_wconf 76' lang='lat' dir='ltr'>Astr.</span> <span class='ocrx_word' id='word_1_133' title='bbox 296 1583 419 1636; x_wconf 86' lang='lat' dir='ltr'>exculta.</span> <span class='ocrx_word' id='word_1_134' title='bbox 463 1582 533 1636; x_wconf 87' lang='lat' dir='ltr'><strong>Olim</strong></span> <span class='ocrx_word' id='word_1_135' title='bbox 561 1581 631 1635; x_wconf 93' lang='lat' dir='ltr'>enim</span> <span class='ocrx_word' id='word_1_136' title='bbox 653 1597 764 1635; x_wconf 89' lang='lat' dir='ltr'>causam</span> <span class='ocrx_word' id='word_1_137' title='bbox 784 1588 937 1635; x_wconf 81' lang='lat' dir='ltr'>moventem</span> <span class='ocrx_word' id='word_1_138' title='bbox 965 1582 1096 1650; x_wconf 90' lang='lat' dir='ltr'>planetas</span> <span class='ocrx_word' id='word_1_139' title='bbox 1117 1584 1246 1637; x_wconf 89' lang='lat' dir='ltr'>absolute</span> <span class='ocrx_word' id='word_1_140' title='bbox 1273 1583 1392 1637; x_wconf 87' lang='lat' dir='ltr'>animam</span> <span class='ocrx_word' id='word_1_141' title='bbox 1420 1597 1487 1635; x_wconf 84' lang='lat' dir='ltr'>esse</span> <span class='ocrx_word' id='word_1_142' title='bbox 1508 1596 1611 1635; x_wconf 78' lang='lat' dir='ltr'>cre-</span> 
     </span>
     <span class='ocr_line' id='line_1_17' title="bbox 199 1660 1612 1733; baseline -0.003 -16"><span class='ocrx_word' id='word_1_143' title='bbox 199 1665 312 1726; x_wconf 87' lang='lat' dir='ltr'>debam,</span> <span class='ocrx_word' id='word_1_144' title='bbox 345 1663 445 1733; x_wconf 90' lang='lat' dir='ltr'>quippe</span> <span class='ocrx_word' id='word_1_145' title='bbox 471 1662 590 1715; x_wconf 92' lang='lat' dir='ltr'>imbutus</span> <span class='ocrx_word' id='word_1_146' title='bbox 619 1662 795 1732; x_wconf 82' lang='lat' dir='ltr'>dogmatibus</span> <span class='ocrx_word' id='word_1_147' title='bbox 823 1663 847 1715; x_wconf 90' lang='lat' dir='ltr'>J.</span> <span class='ocrx_word' id='word_1_148' title='bbox 872 1662 900 1715; x_wconf 86' lang='lat' dir='ltr'>C.</span> <span class='ocrx_word' id='word_1_149' title='bbox 928 1662 1077 1731; x_wconf 79' lang='lat' dir='ltr'>scaligeri,</span> <span class='ocrx_word' id='word_1_150' title='bbox 1109 1664 1143 1715; x_wconf 90' lang='lat' dir='ltr'>de</span> <span class='ocrx_word' id='word_1_151' title='bbox 1169 1664 1328 1718; x_wconf 90' lang='lat' dir='ltr'>motrioibus</span> <span class='ocrx_word' id='word_1_152' title='bbox 1353 1660 1574 1733; x_wconf 69' lang='lat' dir='ltr'>intelligentiis</span> <span class='ocrx_word' id='word_1_153' title='bbox 1598 1702 1612 1714; x_wconf 92' lang='lat'><strong>.</strong></span> 
     </span>
     <span class='ocr_line' id='line_1_18' title="bbox 198 1739 1615 1812; baseline -0.002 -15"><span class='ocrx_word' id='word_1_154' title='bbox 198 1747 238 1797; x_wconf 81' lang='lat' dir='ltr'>At</span> <span class='ocrx_word' id='word_1_155' title='bbox 257 1759 317 1796; x_wconf 90' lang='lat' dir='ltr'>cum</span> <span class='ocrx_word' id='word_1_156' title='bbox 338 1745 551 1812; x_wconf 84' lang='lat' dir='ltr'>perpenderem,</span> <span class='ocrx_word' id='word_1_157' title='bbox 573 1742 645 1795; x_wconf 91' lang='lat' dir='ltr'>hanc</span> <span class='ocrx_word' id='word_1_158' title='bbox 666 1758 778 1794; x_wconf 90' lang='lat' dir='ltr'>causam</span> <span class='ocrx_word' id='word_1_159' title='bbox 800 1741 938 1795; x_wconf 89' lang='lat' dir='ltr'>motricem</span> <span class='ocrx_word' id='word_1_160' title='bbox 960 1741 1099 1795; x_wconf 90' lang='lat' dir='ltr'>debilitari</span> <span class='ocrx_word' id='word_1_161' title='bbox 1121 1759 1181 1797; x_wconf 90' lang='lat' dir='ltr'>oum</span> <span class='ocrx_word' id='word_1_162' title='bbox 1202 1743 1351 1807; x_wconf 86' lang='lat' dir='ltr'>distantia,</span> <span class='ocrx_word' id='word_1_163' title='bbox 1373 1742 1471 1796; x_wconf 84' lang='lat' dir='ltr'>lumen</span> <span class='ocrx_word' id='word_1_164' title='bbox 1493 1739 1615 1795; x_wconf 70' lang='lat' dir='ltr'>Soli:</span> 
     </span>
     <span class='ocr_line' id='line_1_19' title="bbox 200 1820 1615 1891; baseline -0.001 -15"><span class='ocrx_word' id='word_1_165' title='bbox 200 1822 285 1877; x_wconf 89' lang='lat' dir='ltr'>etiam</span> <span class='ocrx_word' id='word_1_166' title='bbox 305 1822 446 1877; x_wconf 83' lang='lat' dir='ltr'>attenuari</span> <span class='ocrx_word' id='word_1_167' title='bbox 468 1839 528 1876; x_wconf 88' lang='lat' dir='ltr'>oum</span> <span class='ocrx_word' id='word_1_168' title='bbox 549 1822 684 1875; x_wconf 90' lang='lat' dir='ltr'>distantia</span> <span class='ocrx_word' id='word_1_169' title='bbox 705 1837 723 1873; x_wconf 89' lang='lat' dir='ltr'>a</span> <span class='ocrx_word' id='word_1_170' title='bbox 742 1820 821 1877; x_wconf 89' lang='lat' dir='ltr'>Sole:</span> <span class='ocrx_word' id='word_1_171' title='bbox 852 1821 915 1874; x_wconf 89' lang='lat' dir='ltr'>hinc</span> <span class='ocrx_word' id='word_1_172' title='bbox 936 1821 1055 1875; x_wconf 92' lang='lat' dir='ltr'>conclusi</span> <span class='ocrx_word' id='word_1_173' title='bbox 1076 1822 1130 1875; x_wconf 83' lang='lat' dir='ltr'>vim</span> <span class='ocrx_word' id='word_1_174' title='bbox 1150 1823 1221 1877; x_wconf 89' lang='lat' dir='ltr'>hanc</span> <span class='ocrx_word' id='word_1_175' title='bbox 1242 1841 1304 1878; x_wconf 86' lang='lat' dir='ltr'>esse</span> <span class='ocrx_word' id='word_1_176' title='bbox 1325 1838 1495 1891; x_wconf 87' lang='lat' dir='ltr'>corporeum</span> <span class='ocrx_word' id='word_1_177' title='bbox 1514 1820 1615 1875; x_wconf 72' lang='lat' dir='ltr'>ali-</span> 
     </span>
     <span class='ocr_line' id='line_1_20' title="bbox 201 1900 1618 1974; baseline 0.001 -16"><span class='ocrx_word' id='word_1_178' title='bbox 201 1903 272 1974; x_wconf 91' lang='lat' dir='ltr'>quid,</span> <span class='ocrx_word' id='word_1_179' title='bbox 294 1903 316 1955; x_wconf 92' lang='lat' dir='ltr'>si</span> <span class='ocrx_word' id='word_1_180' title='bbox 338 1921 392 1957; x_wconf 92' lang='lat' dir='ltr'>uon</span> <span class='ocrx_word' id='word_1_181' title='bbox 412 1902 523 1972; x_wconf 87' lang='lat' dir='ltr'>proprie</span> <span class='ocrx_word' id='word_1_182' title='bbox 545 1902 645 1955; x_wconf 89' lang='lat' dir='ltr'>saltem</span> <span class='ocrx_word' id='word_1_183' title='bbox 666 1901 829 1971; x_wconf 72' lang='lat' dir='ltr'>aequivoce,</span> <span class='ocrx_word' id='word_1_184' title='bbox 852 1901 923 1954; x_wconf 92' lang='lat' dir='ltr'>sicut</span> <span class='ocrx_word' id='word_1_185' title='bbox 944 1902 1034 1954; x_wconf 87' lang='lat' dir='ltr'>lumen</span> <span class='ocrx_word' id='word_1_186' title='bbox 1055 1900 1168 1957; x_wconf 84' lang='lat' dir='ltr'>dicimus</span> <span class='ocrx_word' id='word_1_187' title='bbox 1182 1921 1244 1957; x_wconf 90' lang='lat' dir='ltr'>esse</span> <span class='ocrx_word' id='word_1_188' title='bbox 1266 1902 1369 1974; x_wconf 89' lang='lat' dir='ltr'>aliquid</span> <span class='ocrx_word' id='word_1_189' title='bbox 1389 1917 1618 1972; x_wconf 68' lang='lat' dir='ltr'>corporeum.</span> 
     </span>
     <span class='ocr_line' id='line_1_21' title="bbox 200 1981 1103 2053; baseline 0 -17"><span class='ocrx_word' id='word_1_190' title='bbox 200 1983 226 2036; x_wconf 92' lang='lat' dir='ltr'>id</span> <span class='ocrx_word' id='word_1_191' title='bbox 247 1989 299 2046; x_wconf 90' lang='lat' dir='ltr'>est,</span> <span class='ocrx_word' id='word_1_192' title='bbox 322 1984 441 2053; x_wconf 88' lang='lat' dir='ltr'>speciem</span> <span class='ocrx_word' id='word_1_193' title='bbox 463 1999 482 2035; x_wconf 91' lang='lat' dir='ltr'>a</span> <span class='ocrx_word' id='word_1_194' title='bbox 501 1999 616 2052; x_wconf 88' lang='lat' dir='ltr'>corpore</span> <span class='ocrx_word' id='word_1_195' title='bbox 637 1983 790 2051; x_wconf 88' lang='lat' dir='ltr'>delapsam,</span> <span class='ocrx_word' id='word_1_196' title='bbox 811 1983 859 2035; x_wconf 88' lang='lat' dir='ltr'>sed</span> <span class='ocrx_word' id='word_1_197' title='bbox 880 1981 1103 2037; x_wconf 88' lang='lat' dir='ltr'>immateriatam.</span> 
     </span>
    </p>

    <p class='ocr_par' dir='ltr' id='par_1_7' title="bbox 201 2060 1619 2210">
     <span class='ocr_line' id='line_1_22' title="bbox 280 2060 1619 2128; baseline 0 -13"><span class='ocrx_word' id='word_1_198' title='bbox 280 2060 308 2128; x_wconf 87' lang='lat' dir='ltr'>d)</span> <span class='ocrx_word' id='word_1_199' title='bbox 330 2063 461 2117; x_wconf 87' lang='lat' dir='ltr'>Nimirum</span> <span class='ocrx_word' id='word_1_200' title='bbox 483 2063 571 2115; x_wconf 89' lang='lat' dir='ltr'>locum</span> <span class='ocrx_word' id='word_1_201' title='bbox 593 2061 699 2116; x_wconf 77' lang='lat' dir='ltr'>invenit</span> <span class='ocrx_word' id='word_1_202' title='bbox 719 2061 748 2113; x_wconf 91' lang='lat' dir='ltr'>in</span> <span class='ocrx_word' id='word_1_203' title='bbox 769 2062 918 2115; x_wconf 87' lang='lat' dir='ltr'>Commeat.</span> <span class='ocrx_word' id='word_1_204' title='bbox 939 2061 1038 2115; x_wconf 84' lang='lat' dir='ltr'>Martis</span> <span class='ocrx_word' id='word_1_205' title='bbox 1065 2077 1137 2115; x_wconf 91' lang='lat' dir='ltr'>anno</span> <span class='ocrx_word' id='word_1_206' title='bbox 1162 2062 1236 2116; x_wconf 94' lang='grc'>1609</span> <span class='ocrx_word' id='word_1_207' title='bbox 1258 2062 1354 2117; x_wconf 89' lang='lat' dir='ltr'>editis:</span> <span class='ocrx_word' id='word_1_208' title='bbox 1386 2062 1453 2116; x_wconf 89' lang='lat' dir='ltr'>iude</span> <span class='ocrx_word' id='word_1_209' title='bbox 1475 2069 1619 2117; x_wconf 63' lang='lat' dir='ltr'>usas·</span> 
     </span>
     <span class='ocr_line' id='line_1_23' title="bbox 201 2141 1153 2210; baseline -0.001 -14"><span class='ocrx_word' id='word_1_210' title='bbox 201 2149 293 2197; x_wconf 88' lang='lat' dir='ltr'>sumta</span> <span class='ocrx_word' id='word_1_211' title='bbox 313 2151 357 2196; x_wconf 88' lang='lat' dir='ltr'>est</span> <span class='ocrx_word' id='word_1_212' title='bbox 378 2158 482 2195; x_wconf 90' lang='lat' dir='ltr'>summa</span> <span class='ocrx_word' id='word_1_213' title='bbox 504 2141 544 2195; x_wconf 93' lang='lat' dir='ltr'>rei</span> <span class='ocrx_word' id='word_1_214' title='bbox 565 2147 595 2194; x_wconf 91' lang='lat' dir='ltr'>et</span> <span class='ocrx_word' id='word_1_215' title='bbox 615 2141 736 2210; x_wconf 87' lang='lat' dir='ltr'>repetita</span> <span class='ocrx_word' id='word_1_216' title='bbox 758 2141 784 2195; x_wconf 92' lang='lat' dir='ltr'>in</span> <span class='ocrx_word' id='word_1_217' title='bbox 805 2141 880 2210; x_wconf 89' lang='lat' dir='ltr'>Epit.</span> <span class='ocrx_word' id='word_1_218' title='bbox 902 2145 1013 2196; x_wconf 83' lang='lat' dir='ltr'>Astron.</span> <span class='ocrx_word' id='word_1_219' title='bbox 1037 2142 1083 2195; x_wconf 93' lang='lat' dir='ltr'>lib.</span> <span class='ocrx_word' id='word_1_220' title='bbox 1106 2143 1153 2195; x_wconf 90' lang='lat' dir='ltr'>lV.</span> 
     </span>
    </p>

    <p class='ocr_par' dir='ltr' id='par_1_8' title="bbox 281 2219 1425 2285">
     <span class='ocr_line' id='line_1_24' title="bbox 281 2219 1425 2285; baseline 0.003 -11"><span class='ocrx_word' id='word_1_221' title='bbox 281 2219 308 2285; x_wconf 91' lang='lat' dir='ltr'>e)</span> <span class='ocrx_word' id='word_1_222' title='bbox 330 2224 408 2276; x_wconf 88' lang='lat' dir='ltr'>Haec</span> <span class='ocrx_word' id='word_1_223' title='bbox 429 2222 520 2275; x_wconf 90' lang='lat' dir='ltr'>omnia</span> <span class='ocrx_word' id='word_1_224' title='bbox 540 2222 598 2275; x_wconf 91' lang='lat' dir='ltr'>siue</span> <span class='ocrx_word' id='word_1_225' title='bbox 619 2222 679 2274; x_wconf 89' lang='lat' dir='ltr'>ulla</span> <span class='ocrx_word' id='word_1_226' title='bbox 698 2221 851 2276; x_wconf 82' lang='lat' dir='ltr'>mutatione</span> <span class='ocrx_word' id='word_1_227' title='bbox 872 2223 968 2275; x_wconf 81' lang='lat' dir='ltr'>valent</span> <span class='ocrx_word' id='word_1_228' title='bbox 989 2221 1072 2275; x_wconf 90' lang='lat' dir='ltr'>etiam</span> <span class='ocrx_word' id='word_1_229' title='bbox 1093 2221 1120 2274; x_wconf 91' lang='lat' dir='ltr'>in</span> <span class='ocrx_word' id='word_1_230' title='bbox 1142 2222 1291 2276; x_wconf 88' lang='lat' dir='ltr'>Comment.</span> <span class='ocrx_word' id='word_1_231' title='bbox 1313 2222 1425 2277; x_wconf 81' lang='lat' dir='ltr'>Martis.</span> 
     </span>
    </p>

    <p class='ocr_par' dir='ltr' id='par_1_9' title="bbox 199 2298 1617 2854">
     <span class='ocr_line' id='line_1_25' title="bbox 281 2298 1617 2381; baseline -0.001 -27"><span class='ocrx_word' id='word_1_232' title='bbox 281 2298 309 2370; x_wconf 81' lang='lat' dir='ltr'>l)</span> <span class='ocrx_word' id='word_1_233' title='bbox 330 2302 383 2357; x_wconf 91' lang='lat' dir='ltr'>Hic</span> <span class='ocrx_word' id='word_1_234' title='bbox 406 2318 482 2355; x_wconf 87' lang='lat' dir='ltr'>error</span> <span class='ocrx_word' id='word_1_235' title='bbox 505 2301 623 2381; x_wconf 29' lang='lat' dir='ltr'>incipit!</span> <span class='ocrx_word' id='word_1_236' title='bbox 646 2303 706 2354; x_wconf 89' lang='lat' dir='ltr'>Hoc</span> <span class='ocrx_word' id='word_1_237' title='bbox 720 2302 790 2355; x_wconf 90' lang='lat' dir='ltr'>enim</span> <span class='ocrx_word' id='word_1_238' title='bbox 805 2319 859 2355; x_wconf 91' lang='lat' dir='ltr'>non</span> <span class='ocrx_word' id='word_1_239' title='bbox 874 2308 918 2355; x_wconf 88' lang='lat' dir='ltr'>est</span> <span class='ocrx_word' id='word_1_240' title='bbox 931 2301 1001 2355; x_wconf 89' lang='lat' dir='ltr'>idem</span> <span class='ocrx_word' id='word_1_241' title='bbox 1023 2301 1050 2355; x_wconf 92' lang='lat' dir='ltr'>iu</span> <span class='ocrx_word' id='word_1_242' title='bbox 1065 2300 1239 2367; x_wconf 87' lang='lat' dir='ltr'>contrarium,</span> <span class='ocrx_word' id='word_1_243' title='bbox 1264 2319 1323 2356; x_wconf 92' lang='lat' dir='ltr'>cum</span> <span class='ocrx_word' id='word_1_244' title='bbox 1339 2320 1373 2357; x_wconf 89' lang='lat' dir='ltr'>eo</span> <span class='ocrx_word' id='word_1_245' title='bbox 1393 2304 1470 2375; x_wconf 87' lang='lat' dir='ltr'>quod</span> <span class='ocrx_word' id='word_1_246' title='bbox 1484 2318 1617 2373; x_wconf 70' lang='lat' dir='ltr'>prae·</span> 
     </span>
     <span class='ocr_line' id='line_1_26' title="bbox 200 2381 1616 2453; baseline 0 -18"><span class='ocrx_word' id='word_1_247' title='bbox 200 2381 327 2445; x_wconf 86' lang='lat' dir='ltr'>mittitur,</span> <span class='ocrx_word' id='word_1_248' title='bbox 350 2382 410 2436; x_wconf 89' lang='lat' dir='ltr'>scil.</span> <span class='ocrx_word' id='word_1_249' title='bbox 434 2382 640 2453; x_wconf 87' lang='lat' dir='ltr'>elongationem</span> <span class='ocrx_word' id='word_1_250' title='bbox 664 2397 682 2434; x_wconf 89' lang='lat' dir='ltr'>a</span> <span class='ocrx_word' id='word_1_251' title='bbox 701 2381 766 2434; x_wconf 87' lang='lat' dir='ltr'>Sole</span> <span class='ocrx_word' id='word_1_252' title='bbox 790 2381 830 2435; x_wconf 89' lang='lat' dir='ltr'>bis</span> <span class='ocrx_word' id='word_1_253' title='bbox 853 2383 945 2436; x_wconf 85' lang='lat' dir='ltr'>iacere</span> <span class='ocrx_word' id='word_1_254' title='bbox 970 2383 1005 2434; x_wconf 90' lang='lat' dir='ltr'>ad</span> <span class='ocrx_word' id='word_1_255' title='bbox 1029 2383 1183 2452; x_wconf 89' lang='lat' dir='ltr'>augendam</span> <span class='ocrx_word' id='word_1_256' title='bbox 1211 2382 1361 2451; x_wconf 90' lang='lat' dir='ltr'>periodum.</span> <span class='ocrx_word' id='word_1_257' title='bbox 1403 2382 1452 2438; x_wconf 82' lang='lat' dir='ltr'>Sic</span> <span class='ocrx_word' id='word_1_258' title='bbox 1472 2389 1616 2437; x_wconf 71' lang='lat' dir='ltr'>autem</span> 
     </span>
     <span class='ocr_line' id='line_1_27' title="bbox 200 2458 1614 2536; baseline -0.001 -20"><span class='ocrx_word' id='word_1_259' title='bbox 200 2462 282 2516; x_wconf 91' lang='lat' dir='ltr'>debui</span> <span class='ocrx_word' id='word_1_260' title='bbox 297 2463 438 2534; x_wconf 81' lang='lat' dir='ltr'>colligere,</span> <span class='ocrx_word' id='word_1_261' title='bbox 460 2470 490 2515; x_wconf 87' lang='lat' dir='ltr'>ct</span> <span class='ocrx_word' id='word_1_262' title='bbox 504 2469 601 2514; x_wconf 88' lang='lat' dir='ltr'>contra</span> <span class='ocrx_word' id='word_1_263' title='bbox 614 2462 817 2531; x_wconf 87' lang='lat' dir='ltr'>proportionem</span> <span class='ocrx_word' id='word_1_264' title='bbox 833 2462 1005 2531; x_wconf 91' lang='lat' dir='ltr'>periodorum</span> <span class='ocrx_word' id='word_1_265' title='bbox 1020 2462 1132 2531; x_wconf 86' lang='lat' dir='ltr'>duplam</span> <span class='ocrx_word' id='word_1_266' title='bbox 1153 2479 1215 2515; x_wconf 91' lang='lat' dir='ltr'>esse</span> <span class='ocrx_word' id='word_1_267' title='bbox 1236 2458 1430 2536; x_wconf 74' lang='grc' dir='ltr'><strong>α’ποςημαιιν</strong></span> <span class='ocrx_word' id='word_1_268' title='bbox 1449 2474 1614 2533; x_wconf 63' lang='lat' dir='ltr'>propat·</span> 
     </span>
     <span class='ocr_line' id='line_1_28' title="bbox 201 2541 1613 2613; baseline -0.001 -17"><span class='ocrx_word' id='word_1_269' title='bbox 201 2541 291 2606; x_wconf 88' lang='lat' dir='ltr'>tionis,</span> <span class='ocrx_word' id='word_1_270' title='bbox 315 2561 369 2596; x_wconf 89' lang='lat' dir='ltr'>uon</span> <span class='ocrx_word' id='word_1_271' title='bbox 384 2544 454 2612; x_wconf 93' lang='lat' dir='ltr'>quod</span> <span class='ocrx_word' id='word_1_272' title='bbox 469 2543 521 2595; x_wconf 92' lang='lat' dir='ltr'>hoc</span> <span class='ocrx_word' id='word_1_273' title='bbox 535 2558 628 2595; x_wconf 84' lang='lat' dir='ltr'>verum</span> <span class='ocrx_word' id='word_1_274' title='bbox 643 2558 704 2594; x_wconf 89' lang='lat' dir='ltr'>esse</span> <span class='ocrx_word' id='word_1_275' title='bbox 719 2550 837 2605; x_wconf 88' lang='lat' dir='ltr'>teneam,</span> <span class='ocrx_word' id='word_1_276' title='bbox 860 2548 904 2595; x_wconf 91' lang='lat' dir='ltr'>est</span> <span class='ocrx_word' id='word_1_277' title='bbox 923 2542 994 2595; x_wconf 90' lang='lat' dir='ltr'>enim</span> <span class='ocrx_word' id='word_1_278' title='bbox 1016 2542 1076 2609; x_wconf 88' lang='lat' dir='ltr'>ejus</span> <span class='ocrx_word' id='word_1_279' title='bbox 1101 2544 1287 2596; x_wconf 86' lang='lat' dir='ltr'>tantummodo</span> <span class='ocrx_word' id='word_1_280' title='bbox 1309 2542 1512 2613; x_wconf 64' lang='lat' dir='ltr'>sesquialtera</span> <span class='ocrx_word' id='word_1_281' title='bbox 1535 2544 1613 2594; x_wconf 83' lang='lat' dir='ltr'>ut</span> 
     </span>
     <span class='ocr_line' id='line_1_29' title="bbox 200 2618 1610 2693; baseline -0.004 -14"><span class='ocrx_word' id='word_1_282' title='bbox 200 2623 356 2679; x_wconf 88' lang='lat' dir='ltr'>audiemus:</span> <span class='ocrx_word' id='word_1_283' title='bbox 381 2626 429 2677; x_wconf 87' lang='lat' dir='ltr'>sed</span> <span class='ocrx_word' id='word_1_284' title='bbox 454 2622 519 2693; x_wconf 90' lang='lat' dir='ltr'>quia</span> <span class='ocrx_word' id='word_1_285' title='bbox 541 2640 578 2676; x_wconf 86' lang='lat' dir='ltr'>ex</span> <span class='ocrx_word' id='word_1_286' title='bbox 592 2622 645 2675; x_wconf 92' lang='lat' dir='ltr'>bac</span> <span class='ocrx_word' id='word_1_287' title='bbox 669 2623 911 2693; x_wconf 79' lang='lat' dir='ltr'>argumentatione</span> <span class='ocrx_word' id='word_1_288' title='bbox 934 2622 986 2675; x_wconf 94' lang='lat' dir='ltr'>hoc</span> <span class='ocrx_word' id='word_1_289' title='bbox 1005 2622 1130 2692; x_wconf 89' lang='lat' dir='ltr'>legitime</span> <span class='ocrx_word' id='word_1_290' title='bbox 1145 2623 1327 2692; x_wconf 86' lang='lat' dir='ltr'>sequebatur:</span> <span class='ocrx_word' id='word_1_291' title='bbox 1351 2623 1432 2677; x_wconf 85' lang='lat' dir='ltr'>vides</span> <span class='ocrx_word' id='word_1_292' title='bbox 1454 2622 1500 2677; x_wconf 86' lang='lat' dir='ltr'>uti</span> <span class='ocrx_word' id='word_1_293' title='bbox 1522 2618 1610 2677; x_wconf 74' lang='lat' dir='ltr'>hic</span> 
     </span>
     <span class='ocr_line' id='line_1_30' title="bbox 199 2701 1609 2772; baseline -0.003 -15"><span class='ocrx_word' id='word_1_294' title='bbox 199 2703 316 2757; x_wconf 92' lang='lat' dir='ltr'>medium</span> <span class='ocrx_word' id='word_1_295' title='bbox 339 2703 604 2757; x_wconf 86' lang='lat' dir='ltr'>arithmeticum</span> <span class='ocrx_word' id='word_1_296' title='bbox 629 2701 666 2755; x_wconf 89' lang='lat' dir='ltr'>sit</span> <span class='ocrx_word' id='word_1_297' title='bbox 689 2708 815 2765; x_wconf 90' lang='lat' dir='ltr'>sumtum,</span> <span class='ocrx_word' id='word_1_298' title='bbox 839 2720 889 2772; x_wconf 91' lang='lat' dir='ltr'>per</span> <span class='ocrx_word' id='word_1_299' title='bbox 910 2701 1122 2756; x_wconf 88' lang='lat' dir='ltr'>dimidiationem</span> <span class='ocrx_word' id='word_1_300' title='bbox 1139 2703 1320 2767; x_wconf 79' lang='lat' dir='ltr'>differentiae,</span> <span class='ocrx_word' id='word_1_301' title='bbox 1344 2719 1407 2757; x_wconf 89' lang='lat' dir='ltr'>oum</span> <span class='ocrx_word' id='word_1_302' title='bbox 1420 2703 1609 2758; x_wconf 76' lang='lat' dir='ltr'>debuisset</span> 
     </span>
     <span class='ocr_line' id='line_1_31' title="bbox 199 2782 696 2854; baseline -0.006 -16"><span class='ocrx_word' id='word_1_303' title='bbox 199 2784 317 2838; x_wconf 88' lang='lat' dir='ltr'>medium</span> <span class='ocrx_word' id='word_1_304' title='bbox 339 2783 594 2854; x_wconf 89' lang='lat' dir='ltr'>geometricum</span> <span class='ocrx_word' id='word_1_305' title='bbox 618 2782 696 2835; x_wconf 90' lang='lat' dir='ltr'>sumi.</span> 
     </span>
    </p>

    <p class='ocr_par' dir='ltr' id='par_1_10' title="bbox 200 2860 1606 3415">
     <span class='ocr_line' id='line_1_32' title="bbox 279 2860 1606 2956; baseline -0.001 -38"><span class='ocrx_word' id='word_1_306' title='bbox 279 2861 311 2935; x_wconf 82' lang='lat' dir='ltr'>g)</span> <span class='ocrx_word' id='word_1_307' title='bbox 331 2863 447 2933; x_wconf 93' lang='lat' dir='ltr'>Propius</span> <span class='ocrx_word' id='word_1_308' title='bbox 462 2880 529 2917; x_wconf 89' lang='lat' dir='ltr'>sane</span> <span class='ocrx_word' id='word_1_309' title='bbox 553 2880 603 2933; x_wconf 84' lang='lat' dir='ltr'>per</span> <span class='ocrx_word' id='word_1_310' title='bbox 617 2863 702 2915; x_wconf 90' lang='lat' dir='ltr'>talem</span> <span class='ocrx_word' id='word_1_311' title='bbox 716 2860 908 2936; x_wconf 83' lang='lat' dir='ltr'>mediatipuem</span> <span class='ocrx_word' id='word_1_312' title='bbox 922 2860 1138 2926; x_wconf 77' lang='lat' dir='ltr'>arithmeticam,</span> <span class='ocrx_word' id='word_1_313' title='bbox 1163 2879 1252 2956; x_wconf 37' lang='lat' dir='ltr'>&#39;quam</span> <span class='ocrx_word' id='word_1_314' title='bbox 1276 2879 1327 2933; x_wconf 90' lang='lat' dir='ltr'>per</span> <span class='ocrx_word' id='word_1_315' title='bbox 1353 2862 1606 2933; x_wconf 61' lang='lat' dir='ltr'>genuensem</span> 
     </span>
     <span class='ocr_line' id='line_1_33' title="bbox 200 2942 1606 3016; baseline -0.002 -18"><span class='ocrx_word' id='word_1_316' title='bbox 200 2944 324 3016; x_wconf 82' lang='lat' dir='ltr'>quamvis</span> <span class='ocrx_word' id='word_1_317' title='bbox 347 2944 519 3014; x_wconf 87' lang='lat' dir='ltr'>geometrica</span> <span class='ocrx_word' id='word_1_318' title='bbox 541 2942 666 3013; x_wconf 89' lang='lat' dir='ltr'>legitime</span> <span class='ocrx_word' id='word_1_319' title='bbox 688 2942 903 2995; x_wconf 89' lang='lat' dir='ltr'>concludebatur</span> <span class='ocrx_word' id='word_1_320' title='bbox 923 2960 960 2995; x_wconf 86' lang='lat' dir='ltr'>ex</span> <span class='ocrx_word' id='word_1_321' title='bbox 982 2942 1110 2996; x_wconf 90' lang='lat' dir='ltr'>assumtis</span> <span class='ocrx_word' id='word_1_322' title='bbox 1127 2943 1282 3014; x_wconf 90' lang='lat' dir='ltr'>principiis;</span> <span class='ocrx_word' id='word_1_323' title='bbox 1308 2942 1374 3014; x_wconf 89' lang='lat' dir='ltr'>quia</span> <span class='ocrx_word' id='word_1_324' title='bbox 1388 2960 1453 2997; x_wconf 87' lang='lat' dir='ltr'>cum</span> <span class='ocrx_word' id='word_1_325' title='bbox 1466 2954 1606 2997; x_wconf 77' lang='lat' dir='ltr'>revers</span> 
     </span>
     <span class='ocr_line' id='line_1_34' title="bbox 201 3018 1605 3095; baseline -0.001 -18"><span class='ocrx_word' id='word_1_326' title='bbox 201 3025 238 3078; x_wconf 88' lang='lat' dir='ltr'>sit</span> <span class='ocrx_word' id='word_1_327' title='bbox 259 3024 401 3094; x_wconf 91' lang='lat' dir='ltr'>proportio</span> <span class='ocrx_word' id='word_1_328' title='bbox 425 3022 610 3094; x_wconf 88' lang='lat' dir='ltr'>proportionis</span> <span class='ocrx_word' id='word_1_329' title='bbox 635 3040 689 3076; x_wconf 92' lang='lat' dir='ltr'>nou</span> <span class='ocrx_word' id='word_1_330' title='bbox 711 3023 805 3091; x_wconf 90' lang='lat' dir='ltr'>dupla,</span> <span class='ocrx_word' id='word_1_331' title='bbox 832 3023 879 3075; x_wconf 90' lang='lat' dir='ltr'>sed</span> <span class='ocrx_word' id='word_1_332' title='bbox 894 3028 1001 3076; x_wconf 86' lang='lat' dir='ltr'>tautum</span> <span class='ocrx_word' id='word_1_333' title='bbox 1021 3021 1205 3092; x_wconf 87' lang='lat' dir='ltr'>sesquialtera</span> <span class='ocrx_word' id='word_1_334' title='bbox 1229 3022 1280 3091; x_wconf 85' lang='lat'>(2:</span> <span class='ocrx_word' id='word_1_335' title='bbox 1298 3022 1334 3085; x_wconf 86' lang='lat'>3,</span> <span class='ocrx_word' id='word_1_336' title='bbox 1349 3023 1377 3077; x_wconf 93' lang='lat' dir='ltr'>b.</span> <span class='ocrx_word' id='word_1_337' title='bbox 1393 3041 1418 3077; x_wconf 91' lang='lat' dir='ltr'>e.</span> <span class='ocrx_word' id='word_1_338' title='bbox 1434 3018 1605 3095; x_wconf 70' lang='lat' dir='ltr'>quadra-6</span> 
     </span>
     <span class='ocr_line' id='line_1_35' title="bbox 202 3082 1605 3194; baseline -0.001 -36"><span class='ocrx_word' id='word_1_339' title='bbox 202 3106 237 3159; x_wconf 91' lang='lat' dir='ltr'>ad</span> <span class='ocrx_word' id='word_1_340' title='bbox 252 3102 376 3169; x_wconf 81' lang='lat' dir='ltr'>cubuml:</span> <span class='ocrx_word' id='word_1_341' title='bbox 399 3104 499 3158; x_wconf 88' lang='lat' dir='ltr'>accidit</span> <span class='ocrx_word' id='word_1_342' title='bbox 521 3103 574 3167; x_wconf 90' lang='lat' dir='ltr'>hio,</span> <span class='ocrx_word' id='word_1_343' title='bbox 598 3110 630 3155; x_wconf 90' lang='lat' dir='ltr'>ut</span> <span class='ocrx_word' id='word_1_344' title='bbox 652 3102 768 3156; x_wconf 88' lang='lat' dir='ltr'>medium</span> <span class='ocrx_word' id='word_1_345' title='bbox 792 3082 995 3156; x_wconf 83' lang='lat' dir='ltr'>arithmeticum</span> <span class='ocrx_word' id='word_1_346' title='bbox 1017 3101 1254 3194; x_wconf 84' lang='lat' dir='ltr'>appropinquaret</span> <span class='ocrx_word' id='word_1_347' title='bbox 1273 3102 1362 3156; x_wconf 89' lang='lat' dir='ltr'>medio</span> <span class='ocrx_word' id='word_1_348' title='bbox 1377 3099 1605 3174; x_wconf 79' lang='lat' dir='ltr'>proportioni·</span> 
     </span>
     <span class='ocr_line' id='line_1_36' title="bbox 200 3181 1605 3255; baseline -0.004 -18"><span class='ocrx_word' id='word_1_349' title='bbox 200 3184 408 3255; x_wconf 86' lang='lat' dir='ltr'>sesquialterae,</span> <span class='ocrx_word' id='word_1_350' title='bbox 431 3184 493 3255; x_wconf 87' lang='lat' dir='ltr'>plus</span> <span class='ocrx_word' id='word_1_351' title='bbox 509 3200 590 3253; x_wconf 92' lang='lat' dir='ltr'>quam</span> <span class='ocrx_word' id='word_1_352' title='bbox 606 3181 720 3236; x_wconf 86' lang='lat' dir='ltr'>modium</span> <span class='ocrx_word' id='word_1_353' title='bbox 734 3182 939 3252; x_wconf 87' lang='lat' dir='ltr'>geometricum,</span> <span class='ocrx_word' id='word_1_354' title='bbox 965 3200 1013 3236; x_wconf 91' lang='lat' dir='ltr'>seu</span> <span class='ocrx_word' id='word_1_355' title='bbox 1028 3181 1212 3253; x_wconf 88' lang='lat' dir='ltr'>proportionis</span> <span class='ocrx_word' id='word_1_356' title='bbox 1227 3183 1343 3253; x_wconf 86' lang='lat' dir='ltr'>duplae,</span> <span class='ocrx_word' id='word_1_357' title='bbox 1366 3182 1435 3255; x_wconf 90' lang='lat' dir='ltr'>quia</span> <span class='ocrx_word' id='word_1_358' title='bbox 1448 3182 1605 3239; x_wconf 78' lang='lat' dir='ltr'>medius</span> 
     </span>
     <span class='ocr_line' id='line_1_37' title="bbox 202 3258 1605 3334; baseline 0 -16"><span class='ocrx_word' id='word_1_359' title='bbox 202 3264 405 3320; x_wconf 82' lang='lat' dir='ltr'>arithmeticum</span> <span class='ocrx_word' id='word_1_360' title='bbox 429 3281 537 3334; x_wconf 90' lang='lat' dir='ltr'>semper</span> <span class='ocrx_word' id='word_1_361' title='bbox 551 3263 663 3334; x_wconf 87' lang='lat' dir='ltr'>propius</span> <span class='ocrx_word' id='word_1_362' title='bbox 687 3271 731 3316; x_wconf 89' lang='lat' dir='ltr'>est</span> <span class='ocrx_word' id='word_1_363' title='bbox 744 3262 842 3330; x_wconf 84' lang='lat' dir='ltr'>majori</span> <span class='ocrx_word' id='word_1_364' title='bbox 862 3262 986 3326; x_wconf 89' lang='lat' dir='ltr'>termino,</span> <span class='ocrx_word' id='word_1_365' title='bbox 1009 3279 1090 3332; x_wconf 88' lang='lat' dir='ltr'>quam</span> <span class='ocrx_word' id='word_1_366' title='bbox 1112 3263 1228 3317; x_wconf 89' lang='lat' dir='ltr'>medium</span> <span class='ocrx_word' id='word_1_367' title='bbox 1250 3264 1465 3334; x_wconf 84' lang='lat' dir='ltr'>geometricum:</span> <span class='ocrx_word' id='word_1_368' title='bbox 1488 3270 1520 3318; x_wconf 87' lang='lat' dir='ltr'>ut</span> <span class='ocrx_word' id='word_1_369' title='bbox 1584 3258 1605 3312; x_wconf 70' lang='lat' dir='ltr'>il</span> 
     </span>
     <span class='ocr_line' id='line_1_38' title="bbox 201 3342 1518 3415; baseline 0.001 -17"><span class='ocrx_word' id='word_1_370' title='bbox 201 3347 330 3415; x_wconf 85' lang='lat' dir='ltr'>exemplo</span> <span class='ocrx_word' id='word_1_371' title='bbox 345 3346 372 3400; x_wconf 89' lang='grc'>6.</span> <span class='ocrx_word' id='word_1_372' title='bbox 388 3345 416 3400; x_wconf 88' lang='grc'>9.</span> <span class='ocrx_word' id='word_1_373' title='bbox 435 3345 479 3399; x_wconf 88' lang='grc'>12.</span> <span class='ocrx_word' id='word_1_374' title='bbox 496 3352 526 3397; x_wconf 92' lang='lat' dir='ltr'>et</span> <span class='ocrx_word' id='word_1_375' title='bbox 540 3346 566 3399; x_wconf 93' lang='lat'>6.</span> <span class='ocrx_word' id='word_1_376' title='bbox 583 3344 611 3397; x_wconf 87' lang='grc'>8.</span> <span class='ocrx_word' id='word_1_377' title='bbox 631 3342 675 3397; x_wconf 86' lang='grc'>12.</span> <span class='ocrx_word' id='word_1_378' title='bbox 690 3342 735 3396; x_wconf 92' lang='lat' dir='ltr'>hic</span> <span class='ocrx_word' id='word_1_379' title='bbox 750 3342 865 3395; x_wconf 88' lang='lat' dir='ltr'>medium</span> <span class='ocrx_word' id='word_1_380' title='bbox 880 3343 1081 3397; x_wconf 88' lang='lat' dir='ltr'>arithmeticum</span> <span class='ocrx_word' id='word_1_381' title='bbox 1103 3343 1120 3395; x_wconf 89' lang='grc'><strong>9</strong></span> <span class='ocrx_word' id='word_1_382' title='bbox 1135 3344 1225 3413; x_wconf 89' lang='lat' dir='ltr'>majus</span> <span class='ocrx_word' id='word_1_383' title='bbox 1245 3351 1290 3414; x_wconf 82' lang='lat' dir='ltr'>est</span> <span class='ocrx_word' id='word_1_384' title='bbox 1301 3344 1476 3415; x_wconf 83' lang='lat' dir='ltr'>geometrico</span> <span class='ocrx_word' id='word_1_385' title='bbox 1490 3344 1518 3401; x_wconf 83' lang='lat'>8.</span> 
     </span>
    </p>

    <p class='ocr_par' dir='ltr' id='par_1_11' title="bbox 202 3422 1606 3577">
     <span class='ocr_line' id='line_1_39' title="bbox 280 3422 1606 3495; baseline -0.005 -15"><span class='ocrx_word' id='word_1_386' title='bbox 280 3424 311 3491; x_wconf 85' lang='lat' dir='ltr'>h)</span> <span class='ocrx_word' id='word_1_387' title='bbox 336 3425 414 3480; x_wconf 87' lang='lat' dir='ltr'>Citra</span> <span class='ocrx_word' id='word_1_388' title='bbox 434 3424 543 3479; x_wconf 92' lang='lat' dir='ltr'>dubium</span> <span class='ocrx_word' id='word_1_389' title='bbox 564 3423 662 3494; x_wconf 81' lang='lat' dir='ltr'>praxis</span> <span class='ocrx_word' id='word_1_390' title='bbox 686 3423 742 3477; x_wconf 88' lang='lat' dir='ltr'>ista</span> <span class='ocrx_word' id='word_1_391' title='bbox 764 3440 818 3476; x_wconf 93' lang='lat' dir='ltr'>nou</span> <span class='ocrx_word' id='word_1_392' title='bbox 843 3422 895 3476; x_wconf 83' lang='lat' dir='ltr'>ruit</span> <span class='ocrx_word' id='word_1_393' title='bbox 909 3430 1038 3477; x_wconf 89' lang='lat' dir='ltr'>assecuta</span> <span class='ocrx_word' id='word_1_394' title='bbox 1056 3423 1235 3479; x_wconf 88' lang='lat' dir='ltr'>theorematis</span> <span class='ocrx_word' id='word_1_395' title='bbox 1250 3440 1371 3494; x_wconf 88' lang='lat' dir='ltr'>scopum,</span> <span class='ocrx_word' id='word_1_396' title='bbox 1395 3430 1429 3478; x_wconf 94' lang='lat' dir='ltr'>ut</span> <span class='ocrx_word' id='word_1_397' title='bbox 1447 3423 1511 3495; x_wconf 85' lang='lat' dir='ltr'>jam</span> <span class='ocrx_word' id='word_1_398' title='bbox 1536 3424 1606 3473; x_wconf 70' lang='grc' dir='ltr'>ει</span> 
     </span>
     <span class='ocr_line' id='line_1_40' title="bbox 202 3503 1367 3577; baseline -0.001 -17"><span class='ocrx_word' id='word_1_399' title='bbox 202 3507 389 3577; x_wconf 83' lang='lat' dir='ltr'>explicatum:</span> <span class='ocrx_word' id='word_1_400' title='bbox 411 3505 527 3561; x_wconf 89' lang='lat' dir='ltr'>medium</span> <span class='ocrx_word' id='word_1_401' title='bbox 548 3504 619 3558; x_wconf 90' lang='lat' dir='ltr'>enim</span> <span class='ocrx_word' id='word_1_402' title='bbox 644 3503 848 3557; x_wconf 86' lang='lat' dir='ltr'>arithmeticum</span> <span class='ocrx_word' id='word_1_403' title='bbox 869 3521 923 3556; x_wconf 92' lang='lat' dir='ltr'>non</span> <span class='ocrx_word' id='word_1_404' title='bbox 947 3510 991 3556; x_wconf 88' lang='lat' dir='ltr'>est</span> <span class='ocrx_word' id='word_1_405' title='bbox 1013 3504 1083 3557; x_wconf 90' lang='lat' dir='ltr'>idem</span> <span class='ocrx_word' id='word_1_406' title='bbox 1107 3520 1167 3557; x_wconf 90' lang='lat' dir='ltr'>oum</span> <span class='ocrx_word' id='word_1_407' title='bbox 1190 3504 1367 3576; x_wconf 87' lang='lat' dir='ltr'>geometrico.</span> 
     </span>
    </p>

    <p class='ocr_par' dir='ltr' id='par_1_12' title="bbox 281 3583 1605 3657">
     <span class='ocr_line' id='line_1_41' title="bbox 281 3583 1605 3657; baseline -0.002 -17"><span class='ocrx_word' id='word_1_408' title='bbox 281 3584 305 3657; x_wconf 91' lang='grc'>1)</span> <span class='ocrx_word' id='word_1_409' title='bbox 329 3586 401 3649; x_wconf 88' lang='lat' dir='ltr'>Quia</span> <span class='ocrx_word' id='word_1_410' title='bbox 424 3587 549 3641; x_wconf 89' lang='lat' dir='ltr'>nimirum</span> <span class='ocrx_word' id='word_1_411' title='bbox 572 3585 731 3639; x_wconf 86' lang='lat' dir='ltr'>incedebam</span> <span class='ocrx_word' id='word_1_412' title='bbox 754 3583 835 3654; x_wconf 79' lang='lat' dir='ltr'>ragis</span> <span class='ocrx_word' id='word_1_413' title='bbox 850 3584 993 3654; x_wconf 87' lang='lat' dir='ltr'>gressibus</span> <span class='ocrx_word' id='word_1_414' title='bbox 1016 3583 1225 3653; x_wconf 84' lang='lat' dir='ltr'>flexiloquorum</span> <span class='ocrx_word' id='word_1_415' title='bbox 1239 3586 1394 3651; x_wconf 77' lang='lat' dir='ltr'>verborum,</span> <span class='ocrx_word' id='word_1_416' title='bbox 1420 3602 1478 3641; x_wconf 87' lang='lat' dir='ltr'>nou</span> <span class='ocrx_word' id='word_1_417' title='bbox 1499 3584 1605 3649; x_wconf 68' lang='lat' dir='ltr'>les-*1²</span> 
     </span>
    </p>
   </div>
   <div class='ocr_carea' id='block_1_5' title="bbox 203 3663 1270 3799">
    <p class='ocr_par' dir='ltr' id='par_1_13' title="bbox 203 3663 1270 3799">
     <span class='ocr_line' id='line_1_42' title="bbox 203 3663 1270 3733; baseline -0.002 -11"><span class='ocrx_word' id='word_1_418' title='bbox 203 3666 387 3722; x_wconf 81' lang='lat' dir='ltr'>arithmetica.</span> <span class='ocrx_word' id='word_1_419' title='bbox 428 3667 497 3721; x_wconf 87' lang='lat' dir='ltr'>Vide</span> <span class='ocrx_word' id='word_1_420' title='bbox 520 3666 566 3719; x_wconf 88' lang='lat' dir='ltr'>hio</span> <span class='ocrx_word' id='word_1_421' title='bbox 582 3664 643 3733; x_wconf 88' lang='lat' dir='ltr'>jam</span> <span class='ocrx_word' id='word_1_422' title='bbox 665 3672 810 3733; x_wconf 86' lang='lat' dir='ltr'>utrumque</span> <span class='ocrx_word' id='word_1_423' title='bbox 833 3681 1009 3733; x_wconf 88' lang='lat' dir='ltr'>processum:</span> <span class='ocrx_word' id='word_1_424' title='bbox 1033 3663 1109 3733; x_wconf 93' lang='lat' dir='ltr'>prior</span> <span class='ocrx_word' id='word_1_425' title='bbox 1131 3664 1170 3718; x_wconf 92' lang='lat' dir='ltr'>sic</span> <span class='ocrx_word' id='word_1_426' title='bbox 1193 3672 1270 3720; x_wconf 89' lang='lat' dir='ltr'>erat:</span> 
     </span>
     <span class='ocr_line' id='line_1_43' title="bbox 733 3743 1077 3799; baseline -0.003 -1"><span class='ocrx_word' id='word_1_427' title='bbox 733 3743 866 3798; x_wconf 89' lang='lat' dir='ltr'>Periodus</span> <span class='ocrx_word' id='word_1_428' title='bbox 886 3743 985 3798; x_wconf 84' lang='lat' dir='ltr'>Martis</span> <span class='ocrx_word' id='word_1_429' title='bbox 1010 3744 1077 3799; x_wconf 86' lang='grc'><strong>687.</strong></span> 
     </span>
    </p>
   </div>
   <div class='ocr_carea' id='block_1_6' title="bbox 729 3820 1117 3911">
    <p class='ocr_par' dir='ltr' id='par_1_14' title="bbox 729 3820 1117 3911">
     <span class='ocr_line' id='line_1_44' title="bbox 729 3820 1117 3911; baseline 0.011 -34.055"><span class='ocrx_word' id='word_1_430' title='bbox 729 3823 866 3911; x_wconf 26' lang='lat' dir='ltr'>&#39;Periodus</span> <span class='ocrx_word' id='word_1_431' title='bbox 887 3825 989 3879; x_wconf 85' lang='lat' dir='ltr'>Terrae</span> <span class='ocrx_word' id='word_1_432' title='bbox 1013 3820 1117 3883; x_wconf 73' lang='grc'>36571.</span> 
     </span>
    </p>
   </div>
   <div class='ocr_carea' id='block_1_7' title="bbox 1046 3912 1352 4088">
    <p class='ocr_par' dir='ltr' id='par_1_15' title="bbox 1054 3912 1352 4082">
     <span class='ocr_line' id='line_1_45' title="bbox 1054 3912 1352 3983; baseline -0.007 -6"><span class='ocrx_word' id='word_1_433' title='bbox 1054 3920 1221 3977; x_wconf 83' lang='lat' dir='ltr'>Differentia</span> <span class='ocrx_word' id='word_1_434' title='bbox 1248 3912 1352 3983; x_wconf 74' lang='lat' dir='ltr'>321⁸l..</span> 
     </span>
     <span class='ocr_line' id='line_1_46' title="bbox 1046 3995 1348 4088; baseline 0.011 -32.088"><span class='ocrx_word' id='word_1_435' title='bbox 1046 4001 1202 4088; x_wconf 87' lang='lat' dir='ltr'>Dimidium</span> <span class='ocrx_word' id='word_1_436' title='bbox 1212 4077 1223 4083; x_wconf 21' lang='grc' dir='ltr'>Ι</span> <span class='ocrx_word' id='word_1_437' title='bbox 1244 3995 1348 4063; x_wconf 77' lang='lat' dir='ltr'>160&#39;t.</span> 
     </span>
    </p>
   </div>
   <div class='ocr_carea' id='block_1_8' title="bbox 204 4096 1578 4737">
    <p class='ocr_par' dir='ltr' id='par_1_16' title="bbox 479 4096 1294 4330">
     <span class='ocr_line' id='line_1_47' title="bbox 736 4096 1191 4161; baseline 0.007 -7"><span class='ocrx_word' id='word_1_438' title='bbox 736 4100 856 4154; x_wconf 85' lang='lat' dir='ltr'>Medium</span> <span class='ocrx_word' id='word_1_439' title='bbox 871 4100 1074 4155; x_wconf 89' lang='lat' dir='ltr'>arithmeticum</span> <span class='ocrx_word' id='word_1_440' title='bbox 1089 4096 1160 4155; x_wconf 85' lang='lat'>526¹</span> <span class='ocrx_word' id='word_1_441' title='bbox 1160 4105 1191 4161; x_wconf 77' lang='lat' dir='ltr'>l.</span> 
     </span>
     <span class='ocr_line' id='line_1_48' title="bbox 479 4166 1294 4251; baseline 0 -16"><span class='ocrx_word' id='word_1_442' title='bbox 479 4178 536 4235; x_wconf 87' lang='grc'>526</span> <span class='ocrx_word' id='word_1_443' title='bbox 555 4174 585 4241; x_wconf 73' lang='grc'>’11</span> <span class='ocrx_word' id='word_1_444' title='bbox 606 4166 654 4234; x_wconf 90' lang='lat' dir='ltr'>dat</span> <span class='ocrx_word' id='word_1_445' title='bbox 674 4180 833 4237; x_wconf 88' lang='lat' dir='ltr'>distantiam</span> <span class='ocrx_word' id='word_1_446' title='bbox 852 4181 950 4235; x_wconf 85' lang='lat' dir='ltr'>Martis</span> <span class='ocrx_word' id='word_1_447' title='bbox 973 4182 1066 4246; x_wconf 91' lang='grc'>1000,</span> <span class='ocrx_word' id='word_1_448' title='bbox 1094 4181 1158 4251; x_wconf 91' lang='lat' dir='ltr'>quid</span> <span class='ocrx_word' id='word_1_449' title='bbox 1180 4180 1237 4236; x_wconf 86' lang='lat'>365</span> <span class='ocrx_word' id='word_1_450' title='bbox 1244 4172 1294 4239; x_wconf 72' lang='lat' dir='ltr'>iil</span> 
     </span>
     <span class='ocr_line' id='line_1_49' title="bbox 502 4260 1152 4330; baseline 0.005 -17"><span class='ocrx_word' id='word_1_451' title='bbox 502 4318 511 4325; x_wconf 58' lang='grc'>,</span> <span class='ocrx_word' id='word_1_452' title='bbox 616 4260 758 4330; x_wconf 89' lang='lat' dir='ltr'>Sequitur,</span> <span class='ocrx_word' id='word_1_453' title='bbox 784 4261 919 4315; x_wconf 88' lang='lat' dir='ltr'>distantia</span> <span class='ocrx_word' id='word_1_454' title='bbox 942 4261 1061 4316; x_wconf 88' lang='lat' dir='ltr'>Telluris</span> <span class='ocrx_word' id='word_1_455' title='bbox 1085 4262 1152 4316; x_wconf 86' lang='grc'><strong>694.</strong></span> 
     </span>
    </p>

    <p class='ocr_par' dir='ltr' id='par_1_17' title="bbox 205 4326 1578 4574">
     <span class='ocr_line' id='line_1_50' title="bbox 285 4326 1578 4396; baseline 0.001 -2"><span class='ocrx_word' id='word_1_456' title='bbox 285 4340 429 4395; x_wconf 89' lang='lat' dir='ltr'>Posterior</span> <span class='ocrx_word' id='word_1_457' title='bbox 448 4341 488 4394; x_wconf 91' lang='lat' dir='ltr'>sic</span> <span class='ocrx_word' id='word_1_458' title='bbox 511 4347 588 4394; x_wconf 90' lang='lat' dir='ltr'>erat:</span> <span class='ocrx_word' id='word_1_459' title='bbox 610 4339 706 4395; x_wconf 89' lang='lat' dir='ltr'>Posito</span> <span class='ocrx_word' id='word_1_460' title='bbox 731 4341 891 4395; x_wconf 89' lang='lat' dir='ltr'>distantiam</span> <span class='ocrx_word' id='word_1_461' title='bbox 916 4342 1034 4396; x_wconf 84' lang='lat' dir='ltr'>Telluris</span> <span class='ocrx_word' id='word_1_462' title='bbox 1058 4359 1120 4396; x_wconf 88' lang='lat' dir='ltr'>esse</span> <span class='ocrx_word' id='word_1_463' title='bbox 1145 4342 1212 4396; x_wconf 90' lang='grc'><strong>694.</strong></span> <span class='ocrx_word' id='word_1_464' title='bbox 1253 4340 1323 4396; x_wconf 90' lang='lat' dir='ltr'>Dico</span> <span class='ocrx_word' id='word_1_465' title='bbox 1345 4339 1399 4395; x_wconf 83' lang='lat' dir='ltr'>sio:</span> <span class='ocrx_word' id='word_1_466' title='bbox 1425 4326 1578 4395; x_wconf 47' lang='lat' dir='ltr'>Distu&amp;</span> 
     </span>
     <span class='ocr_line' id='line_1_51' title="bbox 205 4411 1572 4492; baseline -0.001 -16"><span class='ocrx_word' id='word_1_467' title='bbox 205 4420 304 4476; x_wconf 77' lang='lat' dir='ltr'>Martis</span> <span class='ocrx_word' id='word_1_468' title='bbox 322 4422 396 4475; x_wconf 87' lang='grc'>1060</span> <span class='ocrx_word' id='word_1_469' title='bbox 412 4423 461 4475; x_wconf 89' lang='lat' dir='ltr'>dat</span> <span class='ocrx_word' id='word_1_470' title='bbox 473 4421 615 4492; x_wconf 89' lang='lat' dir='ltr'>periodum</span> <span class='ocrx_word' id='word_1_471' title='bbox 630 4421 697 4486; x_wconf 91' lang='grc'>687,</span> <span class='ocrx_word' id='word_1_472' title='bbox 714 4421 777 4491; x_wconf 89' lang='lat' dir='ltr'>quid</span> <span class='ocrx_word' id='word_1_473' title='bbox 791 4421 927 4476; x_wconf 80' lang='lat' dir='ltr'>distantia</span> <span class='ocrx_word' id='word_1_474' title='bbox 936 4422 1038 4476; x_wconf 86' lang='lat' dir='ltr'>Terrae</span> <span class='ocrx_word' id='word_1_475' title='bbox 1054 4422 1132 4477; x_wconf 83' lang='lat'>694?</span> <span class='ocrx_word' id='word_1_476' title='bbox 1153 4421 1278 4492; x_wconf 89' lang='lat' dir='ltr'>sequitur</span> <span class='ocrx_word' id='word_1_477' title='bbox 1292 4427 1427 4491; x_wconf 86' lang='lat' dir='ltr'>tanquam</span> <span class='ocrx_word' id='word_1_478' title='bbox 1439 4411 1572 4492; x_wconf 65' lang='lat' dir='ltr'>periodus</span> 
     </span>
     <span class='ocr_line' id='line_1_52' title="bbox 206 4501 1046 4574; baseline -0.002 -17"><span class='ocrx_word' id='word_1_479' title='bbox 206 4502 309 4557; x_wconf 79' lang='lat' dir='ltr'>Terrae</span> <span class='ocrx_word' id='word_1_480' title='bbox 324 4501 390 4556; x_wconf 91' lang='grc'><strong>477.</strong></span> <span class='ocrx_word' id='word_1_481' title='bbox 418 4501 534 4574; x_wconf 89' lang='lat' dir='ltr'>Pergo</span> <span class='ocrx_word' id='word_1_482' title='bbox 526 4502 613 4573; x_wconf 81' lang='lat' dir='ltr'>igitur</span> <span class='ocrx_word' id='word_1_483' title='bbox 626 4518 677 4572; x_wconf 93' lang='lat' dir='ltr'>per</span> <span class='ocrx_word' id='word_1_484' title='bbox 692 4518 817 4555; x_wconf 76' lang='lat' dir='ltr'>eversam</span> <span class='ocrx_word' id='word_1_485' title='bbox 833 4503 1046 4572; x_wconf 90' lang='lat' dir='ltr'>proportionem.</span> 
     </span>
    </p>

    <p class='ocr_par' dir='ltr' id='par_1_18' title="bbox 204 4578 1562 4737">
     <span class='ocr_line' id='line_1_53' title="bbox 286 4578 1562 4662; baseline 0 -25"><span class='ocrx_word' id='word_1_486' title='bbox 286 4582 362 4637; x_wconf 87' lang='lat' dir='ltr'>Vera</span> <span class='ocrx_word' id='word_1_487' title='bbox 375 4582 503 4653; x_wconf 92' lang='lat' dir='ltr'>periodus</span> <span class='ocrx_word' id='word_1_488' title='bbox 519 4578 611 4643; x_wconf 78' lang='grc'>365“’1</span> <span class='ocrx_word' id='word_1_489' title='bbox 639 4584 688 4636; x_wconf 89' lang='lat' dir='ltr'>dat</span> <span class='ocrx_word' id='word_1_490' title='bbox 708 4582 810 4637; x_wconf 81' lang='lat' dir='ltr'>falsam</span> <span class='ocrx_word' id='word_1_491' title='bbox 826 4581 893 4646; x_wconf 90' lang='grc'><strong>477,</strong></span> <span class='ocrx_word' id='word_1_492' title='bbox 917 4589 1051 4653; x_wconf 88' lang='lat' dir='ltr'>tanquam</span> <span class='ocrx_word' id='word_1_493' title='bbox 1072 4599 1110 4636; x_wconf 85' lang='lat' dir='ltr'>ex</span> <span class='ocrx_word' id='word_1_494' title='bbox 1123 4582 1224 4647; x_wconf 84' lang='lat' dir='ltr'>Marte,</span> <span class='ocrx_word' id='word_1_495' title='bbox 1247 4581 1310 4653; x_wconf 91' lang='lat' dir='ltr'>quid</span> <span class='ocrx_word' id='word_1_496' title='bbox 1328 4582 1415 4646; x_wconf 90' lang='grc'>1000,</span> <span class='ocrx_word' id='word_1_497' title='bbox 1437 4584 1562 4662; x_wconf 68' lang='lat' dir='ltr'>tuqus·</span> 
     </span>
     <span class='ocr_line' id='line_1_54' title="bbox 204 4650 1558 4737; baseline -0.004 -18"><span class='ocrx_word' id='word_1_498' title='bbox 204 4663 246 4719; x_wconf 82' lang='lat' dir='ltr'>ris</span> <span class='ocrx_word' id='word_1_499' title='bbox 260 4663 380 4719; x_wconf 77' lang='lat' dir='ltr'>Martis?</span> <span class='ocrx_word' id='word_1_500' title='bbox 405 4663 529 4737; x_wconf 90' lang='lat' dir='ltr'>sequitur</span> <span class='ocrx_word' id='word_1_501' title='bbox 545 4663 629 4729; x_wconf 92' lang='grc'>1306,</span> <span class='ocrx_word' id='word_1_502' title='bbox 655 4671 788 4736; x_wconf 86' lang='lat' dir='ltr'>tanquam</span> <span class='ocrx_word' id='word_1_503' title='bbox 808 4662 851 4719; x_wconf 82' lang='lat' dir='ltr'>vis</span> <span class='ocrx_word' id='word_1_504' title='bbox 872 4663 1002 4720; x_wconf 85' lang='lat' dir='ltr'>Telluris.</span> <span class='ocrx_word' id='word_1_505' title='bbox 1043 4665 1185 4720; x_wconf 84' lang='lat' dir='ltr'>Excessus</span> <span class='ocrx_word' id='word_1_506' title='bbox 1208 4663 1296 4737; x_wconf 87' lang='lat' dir='ltr'>igitur</span> <span class='ocrx_word' id='word_1_507' title='bbox 1317 4662 1431 4719; x_wconf 78' lang='lat' dir='ltr'>virtutis</span> <span class='ocrx_word' id='word_1_508' title='bbox 1451 4650 1558 4719; x_wconf 76' lang='lat' dir='ltr'>Teuma</span> 
     </span>
    </p>
   </div>
   <div class='ocr_carea' id='block_1_9' title="bbox 0 0 1652 5542">
    <p class='ocr_par' dir='ltr' id='par_1_19' title="bbox 0 0 1652 5542">
     <span class='ocr_line' id='line_1_55' title="bbox 0 0 1652 5542; baseline 0 0"><span class='ocrx_word' id='word_1_509' title='bbox 0 0 1652 5542; x_wconf 95' lang='lat' dir='ltr'> </span> 
     </span>
    </p>
   </div>
  </div>
 </body>
</html>
