3278 5542
741 307 903 363 mm
1458 311 1498 377 13

148 468 324 552 aphaeresin
364 471 494 533 ecoentri
530 489 586 531 non
622 488 688 532 esse
719 469 937 549 adjungendam
965 470 1003 531 ad
1030 470 1208 551 παραλλαξιν
1235 472 1314 535 orbis
1342 491 1395 553 pro
1426 493 1496 536 arcu

145 560 196 621 illo
221 559 387 640 capiendo,
421 561 504 639 cnjus
527 560 609 620 sinus
633 560 673 620 sit
697 559 842 620 distantia
865 559 993 621 Telluris
1018 580 1035 619 a
1058 571 1170 623 centro.
1216 561 1294 623 nam
1318 562 1344 622 si
1368 562 1497 634 additur,

144 658 212 710 tota
237 649 519 729 prostbapbaeresis
543 667 600 709 non
625 647 778 709 exhibebit
799 649 959 710 maximam
987 650 1142 728 planetae,
1180 649 1244 711 sive
1272 651 1373 732 potius
1406 651 1496 713 mini-

143 756 224 798 mam
249 737 362 798 Terrae
386 738 577 813 distantiam,
602 737 656 798 aed
679 736 778 811 illam,
803 756 891 817 quam
914 737 1005 800 habet
1027 738 1057 798 in
1080 738 1131 800 illo
1155 738 1219 800 loco
1243 749 1325 800 certo
1349 741 1496 802 eccentri·

142 824 261 888 citatis.
310 825 556 888 Commodissima
581 825 673 906 igitur
695 826 854 887 maximam
873 827 1014 906 planetae
1030 827 1205 889 distantiam
1220 827 1354 889 elicimus
1369 848 1407 889 ex
1422 847 1496 909 apo·

143 933 222 996 paea
247 914 523 996 prostbaplraeresi.
571 910 762 977 Contrarium
786 923 886 977 antem
910 915 939 977 in
955 916 1141 978 inferioribus
1156 916 1384 978 observandum.
1418 917 1496 980 Naro

146 1004 202 1081 illi,
239 1005 311 1067 dum
338 1013 498 1066 censentur
520 1005 550 1066 in
574 1004 672 1066 media
694 1003 897 1082 longitudine,
928 1005 1049 1068 suntin
1073 1003 1196 1084 dquqr,
1220 1013 1251 1067 et
1273 1006 1404 1068 vicissim
1429 1007 1498 1068 dum

144 1101 297 1175 apparent
319 1093 349 1155 in
371 1092 494 1174 riuoyarqa
517 1093 566 1154 vel
589 1113 728 1173 reparato,
751 1101 822 1154 sunt
845 1093 873 1154 in
896 1094 996 1155 media
1019 1094 1174 1155 distantia.
1221 1094 1318 1175 igitur
1330 1113 1384 1174 pro
1399 1094 1497 1157 media

143 1200 248 1245 eornm
280 1183 427 1244 distamia
458 1182 572 1244 aSole
604 1181 807 1262 computanda
840 1181 976 1245 existimo
999 1183 1206 1245 conferendam
1229 1182 1396 1262 parallaxin
1420 1201 1495 1263 apo-

141 1289 255 1353 gaeam
279 1289 347 1333 oum
368 1271 527 1352 perigaesi:
552 1289 627 1352 qnae
651 1289 708 1332 non
731 1288 785 1350 per
807 1270 992 1333 differentiae
1016 1291 1145 1346 arcuum,
1171 1272 1223 1333 sed
1241 1290 1296 1353 per
1310 1272 1495 1334 differentiae.

141 1360 263 1423 sinuum
284 1359 481 1422 biseotionem
504 1359 711 1439 investigatur.
757 1359 892 1421 Maxima
924 1368 1023 1422 autem
1055 1361 1202 1423 distantia
1234 1359 1345 1422 aSole
1370 1360 1496 1424 habetur·

141 1469 178 1512 ex
200 1450 338 1512 maxima
361 1449 569 1528 elongatione3
604 1449 754 1529 elongatio
778 1449 926 1525 maxima,
951 1451 977 1512 si
1000 1450 1280 1530 prosthaphaeresis
1303 1451 1433 1513 eccentri
1457 1453 1494 1513 ad

141 1540 274 1601 mediam
297 1539 466 1619 parallaxin
490 1537 570 1600 orbis
594 1537 782 1617 adjungatur.

230 1627 305 1690 Jam
328 1647 473 1690 summam
496 1646 606 1701 eorum,
632 1646 707 1708 quae
731 1627 861 1706 scriptas
884 1628 987 1689 theses
1010 1635 1183 1708 sequuntur,
1207 1626 1390 1707 subjungam
1425 1628 1495 1690 Mo-

142 1718 199 1780 trix
224 1717 347 1791 anima,
371 1726 405 1778 nt
427 1714 499 1788 dixi,
523 1716 552 1777 in
576 1715 658 1778 Sole.
706 1715 740 1778 Si
763 1725 861 1777 motus
885 1717 1053 1797 aequalitas
1076 1726 1108 1777 et
1130 1716 1208 1777 idem
1231 1717 1316 1796 vigor
1337 1718 1454 1779 reniret
1477 1739 1496 1780 a

143 1805 213 1869 Sole
237 1807 269 1868 in
294 1825 399 1867 omnes
422 1807 527 1877 orbes,
551 1815 649 1867 tamen
675 1824 749 1865 nnus
773 1805 832 1866 alio
855 1807 971 1867 tardius
994 1805 1177 1880 circumiret,
1200 1813 1323 1885 propter
1348 1807 1493 1886 inaequa-

143 1896 261 1958 litatem
285 1895 425 1957 ambitus.
472 1894 620 1974 Tempora
642 1894 795 1973 periodica
818 1904 929 1967 essent,
953 1904 985 1957 nt
1005 1894 1116 1956 circuli.
1162 1894 1242 1957 Nam
1257 1894 1412 1975 quantitas
1427 1915 1492 1958 mo-

142 1994 198 2048 tum
222 1984 361 2047 metitur.
409 1981 521 2045 Circuli
544 1992 643 2045 antem
667 1991 700 2044 nt
723 1983 949 2056 semidiametri,
973 1984 1088 2045 seilicet
1103 1992 1137 2045 ut
1150 1982 1322 2045 distantiae.
1369 1982 1421 2046 Sic
1444 1986 1492 2047 fa-

145 2075 252 2137 cillime
276 2074 528 2135 constitueremus
553 2091 589 2133 ex
613 2071 741 2133 motibus
766 2071 872 2133 mediis
888 2080 970 2133 certo
986 2071 1114 2152 cognitis
1137 2064 1251 2132 medias
1266 2072 1358 2133 etiam
1373 2072 1492 2135 distan-

149 2164 205 2225 tias.
260 2162 324 2225 Sed
348 2162 465 2223 accedit
484 2162 545 2223 alia
567 2180 677 2233 causa,
708 2180 783 2241 quae
812 2162 960 2223 tardiores
984 2161 1077 2223 efficit
1099 2159 1282 2222 remotiores.
1330 2158 1492 2242 capiamus

147 2254 249 2315 aluce
273 2251 520 2330 experimentum.
565 2250 645 2312 Nam
667 2250 718 2311 lux
742 2261 773 2312 et
787 2259 885 2312 motus
901 2250 1000 2330 utique
1016 2259 1049 2311 nt
1076 2249 1187 2330 origine
1211 2248 1254 2310 sic
1269 2250 1361 2312 etiam
1375 2249 1492 2312 actibus

144 2340 312 2423 conjuncti,
345 2347 376 2402 et
406 2340 509 2401 lorsan
537 2340 605 2422 ipsa
632 2339 683 2400 lux
707 2339 875 2401 vehiculum
898 2347 996 2401 motus
1020 2348 1076 2400 est.
1124 2339 1219 2419 lgitur
1241 2339 1271 2399 in
1293 2357 1386 2419 parvo
1410 2340 1491 2414 orbe,

145 2429 244 2493 etsie
274 2428 368 2492 etiam
395 2428 424 2490 in
452 2446 545 2508 parvo
574 2427 683 2490 circulo
711 2446 802 2509 prope
834 2428 935 2491 Solem
959 2437 1076 2490 tantum
1100 2435 1147 2489 est
1169 2427 1262 2502 lucis,
1297 2429 1491 2508 quantumin

144 2538 250 2602 magno
274 2527 308 2581 et
330 2517 497 2580 remotiore.
544 2517 673 2578 Tenuior
697 2516 787 2596 igitur
809 2517 860 2579 lux
883 2518 911 2579 in
935 2536 1054 2598 magno,
1078 2517 1108 2579 in
1139 2523 1266 2596 angusto
1288 2518 1449 2580 confertior
1463 2531 1494 2580 et
1560 2558 1563 2564 -

147 2609 257 2671 lortior.
307 2609 352 2670 At
383 2608 457 2669 haec
490 2605 634 2668 fortitudo
667 2624 782 2668 rursum
814 2616 861 2668 est
885 2607 914 2668 in
938 2606 1114 2669 circulorum
1136 2605 1344 2687 proportione,
1376 2606 1493 2669 sivein

147 2697 364 2760 distantiarum.
411 2695 445 2757 Si
464 2696 527 2775 jam
551 2695 656 2757 eadem
679 2697 757 2757 ratio
780 2703 878 2758 motus
902 2704 950 2757 est
982 2697 1056 2776 (qua
1079 2695 1197 2775 quidem
1220 2713 1251 2756 re
1275 2694 1348 2757 nihil
1371 2696 1492 2758 concin—

148 2786 205 2849 nius
229 2786 306 2866 fingi
328 2788 457 2867 potest),
483 2792 624 2865 sequetur
642 2784 804 2845 distantias
828 2784 875 2846 bis
901 2785 998 2847 lacere
1022 2783 1178 2845 admotus
1202 2783 1377 2846 tarditatem
1406 2784 1493 2848 indu·

150 2875 277 2937 cendam.
327 2872 428 2945 Quare
457 2872 580 2935 dimidia
607 2872 775 2945 differentia
802 2884 934 2936 motuum
962 2873 1085 2934 duorum
1107 2871 1250 2951 adjuncta
1272 2872 1378 2935 minori
1400 2875 1493 2936 motui

151 2965 199 3027 erit
221 2964 373 3026 distantia
395 2962 580 3026 remotioris:
604 2969 703 3023 motus
727 2963 792 3043 ipse
816 2964 912 3024 minor
926 2963 983 3024 erit
998 2961 1142 3024 distantia
1155 2961 1381 3041 propinquioris.
1415 2961 1494 3025 Vide

154 3053 213 3135 quid
237 3061 382 3136 sequatur
405 3052 435 3115 in
459 3052 515 3114 boc
539 3051 765 3133 diagrammate.

1008 3193 1046 3243 sx
1063 3199 1132 3243 moa
1171 3154 1208 3207 ¹³¹
1219 3155 1313 3277 ἔξω*
1347 3190 1496 3244 uramus

1013 3295 1129 3375 11574
1210 3295 1274 3362 563
1364 3296 1470 3378 -1-11

693 3478 751 3539 erit
782 3477 881 3540 media
915 3478 963 3540 di·
990 3484 996 3521 ⁴
1017 3480 1041 3553 ὃ
1063 3472 1128 3540 694
1208 3473 1274 3542 658
1364 3474 1406 3556 -1-
1430 3473 1473 3540 36

767 3567 883 3629 stantia
1018 3563 1123 3640 9761
1210 3563 1274 3629 719
1364 3565 1407 3644 -l—
1430 3565 1473 3629 42

606 3654 630 3726 Q
1017 3652 1125 3732 §563
1207 3652 1272 3718 549
1364 3653 1406 3733 -l—
1433 3653 1472 3718 14

229 3477 266 3541 Si
289 3478 438 3540 distantia
460 3478 559 3539 media

603 3295 633 3548 {t
694 3399 741 3450 en
767 3386 869 3463 rooo,
903 3398 965 3450 tum
1016 3385 1129 3459 sara
1209 3385 1274 3451 eea
1364 3386 1473 3452 -20

605 3570 629 3642 o

230 3760 310 3824 Ecce
336 3780 423 3841 qnam
445 3776 537 3840 prope
561 3761 720 3821 veritatem
745 3760 884 3822 venerim.
930 3759 972 3821 Et
995 3760 1091 3823 adhuc
1115 3760 1251 3834 dubitas,
1285 3760 1401 3841 quoties
1430 3762 1492 3822 tale

155 3848 215 3928 quid
234 3851 368 3925 incidat,
404 3870 450 3912 me
483 3849 564 3927 large
598 3850 766 3910 lachrumas
791 3849 921 3923 tundere.
968 3849 1167 3929 Namwherole
1191 3849 1266 3911 haec
1288 3849 1338 3910 via
1361 3870 1380 3910 a
1402 3851 1493 3930 priori

151 3940 252 4001 estad
274 3948 375 4001 motus
398 3938 609 4019 corrigendos3
642 3956 696 3999 nec
721 3937 803 3999 nulla
820 3957 890 4018 spes
910 3938 935 3999 si
959 3938 1010 3999 alii
1034 3936 1225 4013 adnitantur,
1251 3937 1356 4020 quibus
1380 3957 1491 4020 suppe-

147 4037 208 4091 tunt
231 4027 471 4091 observationes.
519 4028 553 4089 In
577 4027 679 4090 ordine
698 4027 789 4088 tertio
813 4034 884 4088 sunt
907 4027 1090 4089 differentiae
1109 4026 1189 4090 inter
1203 4027 1378 4090 distantiam
1392 4047 1519 4089 veram·

144 4114 303 4198 Copemioi
336 4127 368 4179 et
400 4119 477 4179 inter
509 4117 675 4196 conjectam
699 4136 736 4177 ex
758 4124 850 4177 motu.
898 4113 983 4186 Quae
1008 4117 1142 4198 quamvis
1166 4116 1310 4179 immanes
1334 4118 1490 4179 videntur:

140 4214 244 4269 11111111
267 4206 349 4268 inest
371 4207 401 4268 in
425 4206 485 4268 illis
509 4207 677 4285 aequalitas
701 4205 864 4286 quaedam,
889 4215 923 4267 ut
945 4205 1023 4268 sicut
1045 4205 1137 4268 cubus
1161 4206 1317 4277 octaedro,
1341 4206 1491 4268 dodecat-

139 4295 215 4357 dron
241 4295 397 4358 ioosaedro
421 4294 527 4356 similis
542 4303 599 4369 est,
623 4294 667 4355 ita
690 4294 781 4356 etiam
806 4294 990 4357 differentiae
1014 4294 1225 4375 propemodum
1247 4295 1279 4356 in
1301 4291 1321 4370 ij
1345 4295 1384 4370 ll,
1411 4294 1436 4368 Q
1460 4298 1490 4372 ζξ,

137 4385 215 4447 item
238 4384 270 4446 in
294 4392 319 4454 d
343 4385 379 4461 ὅ,
406 4382 473 4459 (59
498 4383 559 4445 sint
582 4383 706 4446 similes.
753 4382 869 4444 Deinde
893 4390 927 4445 ut
949 4384 1101 4464 proportio
1120 4384 1198 4447 iuter
1216 4384 1245 4458 il
1260 4390 1286 4453 d
1300 4390 1349 4444 est
1364 4383 1492 4445 solitarii

136 4473 291 4553 corporis,
316 4492 359 4535 sc.
383 4473 544 4535 tetraddri:
577 4473 621 4534 ita
643 4473 792 4554 peculiare
816 4472 871 4534 hoc
895 4468 987 4534 habet
1006 4472 1173 4534 differentia
1196 4473 1280 4552 ejus,
1305 4472 1427 4552 utplus
1451 4471 1492 4534 sit

136 4562 170 4624 in
196 4560 375 4643 Copemioo,
400 4581 467 4623 curn
489 4562 539 4624 ille
559 4561 589 4623 in
613 4562 721 4624 ceteris
745 4562 841 4623 minus
865 4579 984 4641 semper
1006 4562 1150 4624 obtineat.
1189 4560 1289 4623 Tertio
1305 4560 1491 4640 quiplaneta

136 4651 180 4713 ad
204 4651 389 4731 superiorem
410 4651 540 4713 vicinum
561 4649 682 4735 propius
701 4651 847 4723 ascendit,
871 4669 989 4730 semper
1011 4650 1104 4712 habet
1123 4651 1267 4730 majorem
1282 4649 1488 4713 differentiam.

138 4740 166 4815 Ω
192 4737 248 4809 42,
272 4743 298 4817 ὸ
322 4737 375 4816 36,
400 4741 422 4817 b
447 4735 496 4817 14,
520 4740 551 4816 ld
576 4739 680 4815 tiss
703 4737 746 4803 20
769 4739 893 4802 alterius
916 4739 1037 4820 speciei.
1082 4739 1140 4802 Hic
1158 4740 1224 4820 jam
1247 4740 1391 4802 hactenus
1415 4740 1489 4802 hae·

134 4848 204 4895 reo.
252 4830 331 4893 111111
352 4829 505 4910 piaculare
529 4827 678 4906 existimo,
702 4827 854 4892 distantiis
877 4829 984 4892 mediis
998 4828 1027 4891 in
1043 4829 1225 4893 correctione
1239 4836 1355 4891 tantum
1370 4829 1490 4899 addere,
