3278 5542
237 309 280 376 42
827 307 988 362 Mn
1084 344 1085 347 ¹

238 472 345 551 majori
363 472 470 534 labore
493 470 603 550 agitur.
650 471 674 532 li
698 489 764 532 cnm
788 487 895 532 nomen
914 469 982 532 inde
998 469 1141 541 habeant,
1163 489 1221 533 non
1246 471 1413 533 concedunt
1434 469 1585 549 postulata

238 561 301 623 sine
326 560 589 623 demonstratione.
637 557 770 630 Quorum
794 578 851 639 quo
876 559 1041 639 imperitior
1064 559 1197 641 quisque,
1221 560 1277 621 hoc
1299 559 1368 641 plus
1396 558 1512 638 negotii
1540 558 1584 619 fa-

238 651 340 712 cessit.
387 651 591 711 Veruntamen
616 659 648 711 et
671 648 717 709 hic
741 649 902 711 remedium
926 648 1066 710 adhibere
1089 657 1192 730 potest
1215 646 1354 711 solitudo.
1392 646 1452 710 Est
1465 648 1496 709 in
1513 666 1584 728 quo-

238 739 313 801 libet
335 739 399 801 loco
424 739 655 801 mathematicus
678 755 769 811 unus;
794 736 823 799 id
846 736 897 799 uhi
921 745 978 807 est,
1002 735 1145 818 optimum
1169 746 1225 800 est.
1269 737 1343 799 Tum
1366 737 1393 800 si
1408 735 1503 800 habet
1518 736 1585 799 alibi

238 829 368 890 locorum
391 828 537 909 opinionis
562 827 692 900 socium,
716 825 822 889 literas
846 826 972 907 abipso
996 827 1156 907 impetret,
1190 846 1249 908 qua
1271 829 1387 890 ratione
1411 825 1585 888 monstratis

236 916 331 979 literis
356 918 427 998 (quo
451 936 566 980 rursum
590 916 681 979 etiam
704 914 775 977 mihi
798 924 868 978 tuae
890 919 1030 996 prosunt)
1054 915 1222 997 opinionem
1245 916 1323 980 hanc
1345 916 1376 977 in
1391 914 1499 978 animis
1514 914 1584 977 doe·

237 1013 334 1069 torum
358 1007 491 1068 excitare
513 1013 635 1085 potest,
669 1004 755 1086 quasi
783 1024 885 1067 omnes
914 1005 1040 1087 undique
1063 1007 1250 1087 professores
1273 1006 1492 1068 mathematum
1516 1023 1584 1067 oon·

236 1096 392 1157 sentirent.
440 1096 553 1156 Verum
577 1094 646 1175 quid
670 1095 774 1157 fraude
797 1114 871 1175 opus
894 1095 967 1156 est?
1008 1093 1131 1158 Confido
1156 1093 1304 1164 Galilaei,
1337 1103 1369 1157 et
1395 1095 1584 1175 progredere.

236 1182 270 1248 si
293 1185 369 1246 bene
393 1184 545 1263 conjecto,
576 1184 662 1264 pauci
687 1184 723 1245 de
745 1184 915 1265 praecipuis
937 1182 1077 1265 Europae
1101 1185 1323 1247 mathematicis
1347 1183 1475 1247 anobis
1499 1203 1583 1247 sece-

236 1275 305 1335 dere
334 1274 459 1334 voleut:
496 1279 584 1335 tanta
609 1273 656 1334 vis
685 1281 733 1336 est
760 1273 907 1336 veritatis.
954 1270 988 1336 Si
1019 1273 1074 1336 tibi
1102 1272 1192 1336 ltalia
1219 1273 1314 1336 minus
1346 1280 1394 1336 est
1416 1272 1529 1334 idonea
1551 1273 1585 1335 ad

235 1361 480 1443 publicationem,
504 1370 536 1424 et
558 1363 584 1425 si
608 1363 708 1444 aliqua
730 1362 885 1425 habiturus
910 1383 942 1425 es
957 1362 1178 1444 impedimento,
1205 1362 1304 1425 forsan
1321 1361 1489 1426 Germania
1503 1363 1585 1424 nobis

235 1452 313 1513 hanc
337 1450 506 1513 libertatem
530 1452 683 1514 concedet.
731 1450 792 1514 Sed
816 1453 852 1514 de
876 1452 924 1514 his
947 1452 1034 1515 satis.
1082 1453 1126 1515 Tu
1150 1451 1258 1514 saltem
1281 1451 1403 1533 scriptis
1417 1451 1491 1514 milri
1506 1471 1585 1514 com·

235 1540 354 1602 monica
380 1539 538 1621 privatim,
576 1541 603 1603 si
630 1541 747 1623 publice
778 1560 837 1603 uon
866 1541 986 1622 placet,
1022 1541 1048 1604 si
1072 1541 1141 1623 quid
1164 1542 1194 1604 iu
1219 1539 1378 1622 Copemici
1401 1542 1584 1604 commodum

235 1629 385 1693 invenisti.

323 1719 410 1780 Nunc
434 1716 488 1780 abs
512 1725 543 1780 te
566 1718 669 1797 placet
691 1718 803 1799 aliquid
827 1717 1068 1781 observationum
1090 1718 1264 1798 postulare:
1290 1717 1407 1780 seilicet
1428 1717 1517 1791 mihi,
1541 1720 1585 1800 qui

236 1806 442 1870 instrumentis
465 1825 563 1878 careo,
589 1808 818 1888 confugiendum
842 1808 951 1870 estad
975 1807 1061 1870 alios.
1107 1808 1211 1870 Habes
1235 1808 1448 1888 quadrantem,
1478 1808 1508 1869 in
1533 1828 1586 1889 quo

234 1896 333 1977 possis
356 1904 460 1958 notare
483 1897 603 1977 singula
625 1898 764 1978 scrupula
786 1895 882 1978 prima
906 1905 937 1958 et
960 1897 1143 1978 quadrantes
1164 1897 1347 1978 primorum?
1371 1895 1514 1961 Observa
1527 1897 1584 1978 igi·

234 1995 292 2059 tur,
316 1985 396 2048 circa
422 1983 471 2051 19.
487 1987 561 2049 Dec.
587 1987 727 2062 futurum,
751 1987 941 2049 altitudinem
964 1986 1132 2050 eductionis
1156 1988 1269 2049 caudae
1289 1987 1318 2050 in
1333 1987 1414 2052 Ursa
1427 1986 1588 2050 maximam

234 2083 266 2137 et
289 2075 441 2138 minimam
465 2077 570 2137 eadem
593 2086 691 2140 nocte.
738 2074 799 2151 Sic,
825 2076 905 2139 circa
928 2071 980 2140 26.
1005 2076 1096 2150 Dec,
1121 2076 1248 2139 observa
1272 2077 1409 2140 similiter
1432 2086 1587 2158 utramque

234 2166 340 2228 stellae
362 2164 478 2244 polaris
503 2165 700 2227 altitudinem.
738 2165 870 2227 Primam
894 2167 1014 2228 stellam
1038 2165 1165 2227 observa
1188 2166 1280 2227 etiam
1303 2166 1383 2228 circa
1409 2161 1459 2229 19.
1484 2165 1587 2229 Martii

234 2255 304 2316 anni
328 2250 547 2317 tentitudine
570 2263 717 2317 nocturna
738 2254 813 2316 bora
839 2253 899 2328 12;
922 2256 1050 2316 alteram
1073 2274 1099 2316 c.
1120 2251 1174 2318 28.
1199 2254 1297 2335 Sept,
1321 2255 1412 2317 etiam
1435 2255 1513 2318 bora
1537 2252 1582 2318 12

233 2343 312 2406 Nam
335 2342 370 2415 si,
397 2343 474 2423 quod
498 2351 579 2423 opto,
605 2343 774 2406 differentia
797 2345 943 2424 quaedam
967 2345 1047 2405 inter
1068 2343 1154 2406 binas
1178 2343 1404 2407 observationes
1419 2344 1583 2408 intercedet

234 2431 320 2493 unius
344 2439 433 2512 atque
457 2430 581 2495 alterius
606 2431 754 2512 scrupuli,
778 2433 874 2513 magis
898 2433 924 2495 si
951 2429 990 2495 10
1013 2442 1066 2495 aut
1092 2431 1149 2508 15,
1183 2433 1226 2495 rei
1249 2452 1302 2513 per
1326 2441 1422 2500 totam
1445 2443 1584 2497 astrono-

233 2521 324 2583 miam
350 2519 498 2582 latissime
522 2519 646 2584 diffusae
670 2531 878 2600 argumentum
898 2521 964 2583 erit.
998 2520 1051 2584 Sin
1076 2530 1177 2584 autem
1199 2523 1272 2586 nihil
1294 2522 1384 2604 plane
1400 2523 1585 2586 differentiae

234 2609 498 2690 deprehendemus,
522 2610 655 2688 palmam
678 2619 778 2673 tamen
803 2610 1002 2674 demonstrati
1017 2611 1194 2674 nobilissimi
1208 2611 1415 2692 problematis,
1440 2613 1587 2675 hactenns

234 2719 253 2759 a
276 2698 392 2759 nemine
415 2699 598 2775 affectatam,
624 2700 818 2762 communiter
839 2699 1067 2780 reportabimus.
1116 2699 1253 2780 Sapienti
1268 2709 1318 2763 sat
1332 2701 1455 2763 dictum.
1493 2700 1586 2764 Mitto

235 2797 334 2849 autem
363 2788 421 2849 duo
444 2788 565 2868 iusuper
588 2789 771 2868 exemplaria
795 2789 994 2863 (Prodromi),
1025 2790 1094 2870 quia
1116 2788 1339 2871 Hambergerus
1362 2789 1433 2851 mihi
1457 2790 1585 2865 dixerat,

234 2887 264 2938 te
288 2878 374 2957 plura
398 2877 580 2941 desiderare.
628 2877 799 2959 Cuiounque
822 2879 959 2951 miseris,
983 2878 1033 2940 ille
1057 2878 1153 2942 literis
1176 2880 1213 2941 de
1237 2879 1337 2942 libello
1361 2880 1481 2960 scriptis
1506 2898 1585 2942 mer·

234 2967 337 3028 cedem
360 2967 494 3028 solverit.

321 3055 417 3128 Vale,
452 3054 617 3118 clarissime
635 3055 699 3130 vir,
733 3064 765 3118 st
791 3074 846 3136 per
875 3055 1033 3136 epistolam
1056 3056 1261 3137 longissimam
1283 3065 1416 3120 mutuum
1439 3054 1514 3120 mihi
1536 3077 1585 3121 re-

232 3144 339 3223 pende.

302 3303 343 3352 Ad
359 3301 423 3354 haee
442 3301 642 3352 cumtsalilaeus
660 3317 710 3351 non
727 3302 894 3367 responderit,
921 3301 1043 3367 chloros
1059 3296 1156 3369 ¹quoquo
1175 3304 1311 3361 obmutuit,
1331 3305 1427 3364 donec,
1447 3305 1586 3359 dometius

233 3373 345 3424 Galilaso
363 3374 430 3424 Joris
449 3374 595 3442 satellitibus
613 3373 737 3438 Keplerus
755 3375 919 3424 intermissum
938 3375 1095 3439 epistolarum
1113 3377 1284 3427 commercium
1295 3379 1408 3441 repetiit.

259 3518 264 3527 .
303 3445 424 3511 Keplsrnn
441 3446 501 3496 item
520 3444 658 3509 Tyehoni
677 3446 812 3511 exemplum
830 3445 954 3497 Prodromi
972 3447 1052 3503 misit,
1070 3446 1119 3497 hae
1139 3446 1226 3498 addita
1243 3449 1365 3513 epistola:

321 3587 397 3652 Cum
419 3596 468 3664 tc,
501 3588 548 3651 vir
575 3587 774 3670 amplissime,
803 3587 1084 3651 mathematicorum
1112 3589 1242 3654 omniurn
1269 3610 1328 3653 uon
1355 3592 1443 3671 hujus
1468 3599 1585 3655 tautum

233 3678 345 3741 aetatis
378 3679 430 3741 sed
463 3677 557 3741 totius
585 3678 651 3740 aevi
675 3677 866 3740 monarcham
891 3677 1082 3741 constituerit
1104 3680 1347 3762 incomparabilis
1371 3681 1508 3742 doctrina
1531 3681 1584 3761 jn·

232 3768 359 3849 diciique
382 3768 588 3849 praestantia,
619 3767 751 3847 iniquum
775 3767 892 3842 fecero,
925 3767 952 3828 si
982 3769 1124 3847 opusculo
1158 3769 1194 3830 de
1217 3771 1410 3851 proportione
1434 3770 1585 3832 coelorum

232 3877 325 3938 nuper
347 3858 376 3918 in
397 3859 491 3920 lucem
514 3857 586 3920 dato
611 3857 681 3932 (sub
705 3856 813 3918 titulo:
851 3856 1067 3920 Prodromus
1100 3856 1410 3922 dissertationum
1443 3877 1585 3921 cosmo-

232 3946 503 4026 graphicorum)
527 3947 620 4009 ullam
643 3945 769 4026 gloriam
793 3953 844 4008 tuo
864 3946 978 4025 judicio
999 3954 1030 4008 et
1049 3948 1304 4009 commendatione
1327 3950 1467 4028 neglecta
1489 3967 1585 4011 aucu-

230 4053 295 4114 per.
343 4033 428 4106 Quae
452 4054 497 4097 me
522 4053 615 4098 causa
637 4034 744 4110 movit,
777 4044 811 4096 ut
834 4036 953 4115 ignotus
978 4054 1015 4097 ex
1038 4036 1094 4097 hoc
1117 4036 1244 4099 obscuro
1269 4036 1450 4101 Germaniae
1475 4039 1585 4118 angulo

231 4123 337 4186 literas
361 4124 399 4186 ad
418 4132 448 4185 to
471 4122 638 4198 mitterem,
664 4131 780 4186 oruturn
801 4122 856 4205 per
878 4124 962 4186 illum
985 4124 1136 4204 ingentem
1160 4127 1298 4191 veritatis
1322 4146 1474 4199 amorem,
1498 4146 1586 4209 quem

231 4213 259 4274 in
279 4220 309 4275 te
325 4232 440 4294 quoque
463 4214 564 4275 inesse
587 4214 669 4275 fama
691 4221 760 4275 tuae
785 4212 998 4293 magnitudinis
1021 4215 1197 4295 praedicat:
1222 4225 1265 4292 ut,
1290 4217 1360 4298 quid
1384 4217 1440 4280 tibi
1463 4217 1500 4278 de
1524 4216 1585 4279 ist-

230 4302 286 4364 hoc
310 4302 447 4364 videatur
469 4302 608 4382 negotio,
634 4321 670 4363 ea
693 4301 866 4365 sinceritate
890 4311 922 4364 et
944 4303 1146 4379 humanitate,
1173 4324 1248 4386 quae
1272 4307 1303 4368 in
1326 4313 1357 4368 te
1379 4306 1584 4386 praedicatur,

231 4391 363 4473 explices
396 4391 593 4471 brevibusque
626 4391 720 4453 literis
749 4390 909 4471 significes.
956 4390 1054 4453 Ome
1079 4394 1214 4469 felicem,
1248 4396 1273 4458 si
1306 4396 1385 4475 quod
1408 4395 1584 4468 Maestlino,

231 4480 308 4542 idem
331 4489 363 4543 et
386 4480 519 4561 Tychoni
542 4480 700 4554 videbitur,
725 4480 830 4561 quibus
855 4500 910 4560 ego
934 4480 1048 4543 dnobus
1069 4485 1340 4562 propugnatoribus
1359 4504 1416 4546 non
1438 4483 1582 4546 dubitabo

230 4571 322 4632 totius
355 4570 435 4632 orbis
462 4569 528 4649 jam
561 4571 711 4632 excitatas
742 4570 956 4633 insectationes
981 4571 1050 4634 forti
1075 4572 1173 4634 animo
1196 4575 1357 4637 sustinere.
1403 4571 1456 4635 Sin
1481 4582 1584 4635 autem

230 4659 260 4722 id
283 4667 461 4727 consecutus
484 4661 577 4735 fuero,
601 4668 635 4722 ut
658 4678 733 4741 quae
756 4659 858 4722 insunt
881 4659 1009 4734 infirma,
1034 4661 1139 4742 inepta
1160 4670 1192 4724 et
1215 4665 1357 4742 puerilia,
1386 4662 1487 4745 qualia
1510 4661 1583 4726 mihi

229 4767 283 4829 per
306 4757 437 4810 aetatem
460 4751 556 4812 multa
578 4748 768 4821 exciderunt,
793 4769 919 4813 censura
941 4749 1070 4812 volueris
1093 4758 1218 4827 notare,
1243 4772 1280 4814 au
1304 4772 1360 4833 ego
1383 4773 1441 4815 nou
1466 4770 1583 4814 rursum

231 4836 399 4918 hujusmodi
422 4836 683 4918 reprehensionem
702 4838 796 4903 totius
809 4838 920 4919 mundi,
945 4837 971 4900 si
985 4847 1078 4918 esset,
1101 4841 1237 4902 assensui
1251 4839 1443 4929 praeferam?
1465 4839 1582 4905 Exem-
