3278 5542
678 333 779 388 'mn
797 336 894 389 unum·
1405 332 1472 405 aso
1583 316 1585 321 ’

108 508 212 561 centra
235 496 349 559 orbium
369 504 498 573 tantum
521 516 588 558 cum
610 494 682 559 Sole
706 505 823 570 movet,
856 497 954 557 altera
982 496 1011 557 iu
1037 495 1132 576 ipsum
1166 497 1286 578 insuper
1309 498 1412 561 Solem
1436 521 1473 562 ea

108 588 248 650 collocat.
295 587 361 648 Nec
384 586 475 648 debet
497 604 617 647 movere
642 604 834 666 quemquam,
868 586 947 667 quod
976 586 1166 665 supradixi,
1199 587 1387 667 planetarum
1411 590 1471 651 cir-

108 676 204 739 cuitus
227 678 259 738 in
284 674 446 756 Apollonio
470 682 502 737 et
524 693 595 737 vero
620 681 651 735 et
674 676 744 736 licto
769 675 807 736 ad
833 673 914 736 Solis
936 673 1156 755 praescriptum
1181 686 1213 737 et
1236 695 1302 738 curn
1322 695 1358 738 eo
1382 677 1472 741 situm

108 773 245 828 nume:
270 773 305 827 ut
326 772 488 845 propterea
502 764 582 826 Urso
606 763 693 825 fldem
717 763 861 825 adhibeat
881 764 1041 834 asserenti,
1065 764 1259 843 Apollonium
1275 785 1312 827 ex
1331 767 1471 845 Aristar-

108 855 160 917 cbo
184 854 279 935 loqui.
325 854 405 916 Nam
429 853 455 913 si
478 861 635 934 utramque
659 852 784 914 formam
807 852 1006 931 problematis
1021 852 1215 931 Apolloniani
1239 853 1318 916 iuter
1340 875 1373 916 se
1397 875 1471 918 cou-

108 945 198 1018 leras,
225 942 345 1005 videbis
368 942 557 1004 occasionem
581 942 708 1003 alterius
732 944 845 1002 formae
869 940 1088 1021 excogitandae
1112 961 1170 1004 non
1191 962 1228 1004 ex
1243 943 1316 1006 visis
1330 944 1470 1007 Aristar-

108 1032 236 1106 chianis,
260 1031 315 1093 sed
340 1051 377 1093 ex
406 1030 516 1111 prioris
532 1034 655 1104 formae,
682 1049 758 1111 quae
773 1029 962 1092 Ptolemaica
980 1039 1037 1104 est,
1063 1032 1300 1110 transpositione
1323 1034 1425 1095 fluere.

195 1119 273 1184 Cum
296 1120 374 1183 enim
393 1120 547 1200 jamtum
571 1120 648 1181 inter
672 1128 861 1181 astronomos
880 1138 933 1182 seu
948 1128 1120 1199 geometras
1144 1122 1345 1195 convenisset,
1371 1125 1472 1186 omnia

108 1230 180 1293 quae
208 1228 264 1291 per
291 1209 475 1272 eccentricos
500 1211 744 1272 demonstrantur
776 1227 866 1288 posse
890 1208 997 1271 itidem
1021 1218 1052 1270 et
1083 1227 1138 1289 per
1161 1211 1383 1273 concentricum
1405 1230 1472 1274 cum

108 1299 256 1382 epicyolo:
289 1298 469 1378 Apollonius
498 1299 565 1379 jam
597 1298 624 1359 in
658 1296 750 1377 priori
782 1297 981 1377 problematis
1013 1297 1059 1358 sui
1094 1299 1191 1360 forma
1223 1299 1472 1380 inaequalitatem

107 1388 122 1452 i
145 1389 339 1468 planetarum
360 1407 415 1468 per
438 1388 603 1469 epicyclum
627 1386 656 1449 in
681 1387 871 1448 concentrico
895 1386 1017 1448 confieri
1041 1387 1080 1448 ab
1104 1389 1287 1451 astronomis
1311 1402 1473 1471 acceperat

107 1486 137 1539 et
155 1486 355 1539 assumserat.
403 1475 551 1538 Statuunt
575 1476 652 1538 enim
676 1475 853 1537 Ptolemaici
877 1476 906 1536 in
931 1475 1053 1538 orbibus
1078 1472 1299 1557 3superiorum
1324 1487 1388 1541 tres
1404 1499 1471 1542 esse

107 1566 269 1649 epicyclos‚
305 1565 354 1647 qui
378 1566 523 1646 superiori
548 1565 687 1646 partein
713 1564 839 1626 eandem
861 1566 985 1645 plagam
1010 1575 1188 1628 moveantur
1211 1586 1278 1629 cunr
1302 1568 1470 1631 eccentrico

107 1675 138 1717 ea
163 1658 241 1735 lege,
267 1665 310 1729 ut,
335 1675 402 1717 cunr
426 1662 565 1717 centrum
593 1652 719 1737 epicycli
743 1661 793 1714 est
816 1673 883 1715 cum
907 1653 989 1726 Sole,
1012 1654 1137 1733 planeta
1160 1655 1202 1717 sit
1216 1675 1334 1736 semper
1347 1657 1377 1719 in
1393 1676 1469 1738 apo-

107 1764 177 1826 gaeo
204 1744 342 1827 epicycli.
389 1744 476 1807 Hanc
501 1763 573 1824 ergo
598 1746 722 1805 formam
748 1742 936 1822 transposuit
959 1742 1138 1823 Apollonius
1163 1745 1191 1806 in
1216 1745 1359 1822 alteram,
1394 1766 1471 1828 quae

109 1854 129 1896 n
156 1834 327 1896 eccentrico
352 1833 508 1895 consistit:
533 1842 624 1912 utque
648 1832 677 1893 id
702 1839 783 1892 recte
808 1832 906 1906 fieret,
939 1832 1073 1910 oportuit
1097 1833 1214 1895 omnino
1239 1843 1353 1896 motum
1376 1837 1471 1898 centri

107 1922 265 1986 eccentrici
289 1922 353 2004 (qui
378 1929 426 1984 est
447 1940 501 2002 pro
525 1929 607 1984 motu
632 1919 772 2002 epicycli)
797 1922 836 1981 ad
860 1919 964 1982 Solem
988 1920 1124 2000 alligare,
1150 1922 1219 2004 quia
1242 1922 1325 2004 prius
1349 1934 1381 1986 et
1404 1926 1470 2006 cpi-

107 2013 178 2096 :ycli
214 2011 296 2074 circa
328 2030 413 2073 suum
443 2019 577 2073 centrum
612 2008 768 2073 conversio
802 2010 840 2070 ad
865 2007 968 2072 Solem
1001 2009 1194 2089 alligabatur.
1242 2012 1326 2076 Haec
1350 2015 1470 2077 occasio

107 2102 190 2183 rujus
217 2101 429 2184 hypotheseos,
456 2120 513 2162 non
538 2108 619 2162 certe
644 2100 714 2161 alia.

187 2190 467 2252 Demonstrationis
490 2209 584 2252 causa
608 2187 764 2251 describa-

107 2298 145 2343 ur
177 2287 282 2341 centro
311 2280 345 2340 M
378 2288 410 2341 et
442 2279 666 2342 eccentricitate
705 2275 770 2337 AM

106 2369 284 2433 ocentricus
303 2368 396 2431 EFH.
441 2366 518 2432 Cum
541 2386 612 2449 ergo
636 2375 769 2429 centrum

106 2458 128 2520 d
152 2458 219 2521 loco
243 2477 301 2520 non
317 2465 453 2520 movetur
479 2476 533 2537 per
555 2456 768 2520 circumferen-

107 2548 171 2609 iam
199 2547 277 2621 MN,
311 2547 439 2610 circulus
465 2546 619 2628 perlectus
652 2543 767 2607 descri-

106 2646 185 2699 retnr
224 2653 279 2716 per
314 2636 407 2699 EFH.
464 2635 625 2698 Videbitnr
667 2642 767 2696 motus
856 2646 860 2683 ³

106 2725 208 2789 tollae
223 2744 260 2786 ex
276 2725 306 2787 A
328 2725 434 2788 tardus
453 2724 574 2787 circaE
590 2741 765 2805 apogaeum,
802 2698 871 2799 “A

106 2815 187 2879 'elox
219 2815 300 2878 circa
322 2815 347 2875 P
373 2815 556 2895 perigaeum.
603 2814 686 2877 Idem
713 2831 767 2872 ac·
820 2756 917 2909 'ab

106 2905 193 2976 idat,
227 2905 253 2967 si
285 2904 473 2967 describatur
504 2911 608 2965 centro
634 2902 665 2965 A
694 2919 767 2962 con-

106 2993 249 3057 autricus
276 2989 377 3070 BCD,
411 3002 442 3055 et
472 2994 503 3056 in
536 3011 571 3054 co
603 2991 766 3074 epicyclus,

106 3083 182 3164 mins
216 3083 317 3145 radius
352 3082 418 3158 BE,
463 3080 516 3146 CF
551 3084 599 3145 vel
631 3082 691 3142 DH
727 3079 768 3141 sit
833 3151 834 3157 ἵ

105 3172 235 3254 wqualis
249 3173 314 3234 AM
331 3172 549 3235 eccentricitati
565 3172 674 3254 priori:
700 3189 766 3232 mo-

105 3282 146 3325 na
173 3280 246 3324 vero
279 3262 323 3324 sic
355 3269 425 3323 sunt
457 3263 638 3342 comparati,
670 3269 704 3324 ut
735 3266 768 3321 et

105 3351 178 3414 rrbis
203 3351 263 3412 ΜΕ
285 3351 368 3432 prior
395 3370 485 3432 super
507 3352 541 3413 M
573 3360 605 3415 et
626 3351 684 3413 AB
706 3368 765 3430 po-

105 3441 207 3504 sterior
229 3459 319 3522 super
342 3444 372 3504 A
396 3439 563 3522 aequaliter
586 3448 617 3503 et
640 3440 668 3503 in
692 3458 765 3522 par-

105 3548 144 3593 es
168 3531 294 3592 easdem
317 3531 476 3607 incedant,
508 3530 605 3593 lineae
629 3549 700 3592 vero
729 3547 767 3590 ex

105 3618 193 3695 Η,
215 3619 247 3681 Η
267 3621 392 3701 planeta
405 3639 459 3700 per
472 3621 508 3694 B,
534 3617 614 3695 O,D
634 3627 767 3682 centrum

105 3708 224 3791 epicycli
247 3709 356 3774 ductae
381 3710 478 3772 lineae
502 3710 566 3771 MA
589 3707 768 3771 eccontrici-

107 3798 153 3861 ati
167 3809 315 3879 perpetuo
331 3799 535 3880 aequidisteut
549 3798 617 3860 dum
642 3799 852 3868 circumfertur
870 3807 899 3869 in
914 3806 999 3871 BCD
1018 3808 1218 3873 concentrico.
1267 3805 1337 3882 Qua
1350 3810 1469 3873 ratione

105 3888 236 3965 dicitur,
262 3898 294 3950 ut
318 3889 469 3971 epicyclus
492 3886 523 3948 in
547 3906 614 3950 seso
644 3893 675 3950 el
699 3902 838 3969 respectu
862 3896 955 3959 totius
980 3897 1110 3960 universi
1134 3917 1192 3960 non
1214 3900 1312 3962 minus
1332 3900 1470 3981 quiescat

105 3996 187 4060 qnam
211 3978 245 4039 M
268 3987 409 4058 punctum
434 3976 573 4059 quiescit.
622 3976 685 4040 Sed
710 3992 886 4056 geometrae
911 3986 950 4047 ad
973 3984 1016 4056 E,
1043 3983 1086 4063 G,
1110 3987 1127 4049 Ι
1149 4006 1318 4068 apogaeum
1342 3989 1477 4073 epicycli

105 4068 297 4148 aspicientes
321 4068 425 4129 dicunt
452 4067 605 4146 planetam
635 4067 663 4128 iu
688 4069 824 4154 epicyclo
850 4094 909 4136 non
934 4075 1103 4156 quiescere,
1138 4077 1192 4139 sed
1221 4077 1334 4141 moveri
1356 4078 1387 4142 in
1412 4097 1468 4160 op.

104 4156 231 4237 positum
254 4155 422 4219 eccentrico
451 4175 494 4218 sc.
521 4174 559 4216 ex
584 4153 613 4217 G
636 4156 667 4217 in
691 4157 716 4219 F
739 4168 825 4224 tanto
851 4184 937 4240 areu,
972 4173 1101 4246 quantus
1126 4174 1174 4228 est
1197 4165 1267 4240 BC,
1299 4167 1350 4230 via
1372 4167 1469 4231 centri

104 4246 239 4329 epicycli.
285 4247 362 4308 Esto
382 4246 450 4326 jam
475 4253 509 4306 ut
524 4244 557 4305 M
572 4254 706 4307 centrum
730 4252 891 4315 eccentrici
906 4261 1063 4316 moveatur
1086 4261 1117 4317 el
1137 4255 1226 4318 aliter
1240 4255 1360 4337 quidem
1379 4276 1468 4338 quam

104 4336 305 4400 eccentrious:
330 4343 492 4397 moveatur
515 4334 603 4397 modo
627 4334 656 4396 in
679 4337 803 4417 plagam
826 4342 951 4403 eandem
976 4343 1006 4403 in
1026 4362 1115 4424 quam
1139 4352 1170 4406 et
1193 4346 1387 4422 eccentricus,
1413 4347 1467 4408 sed

104 4426 234 4490 uelocius
258 4425 327 4502 illo,
351 4432 386 4487 ut
410 4426 597 4487 eccentricus
617 4425 736 4504 quidem
761 4429 901 4510 angulum
922 4428 1025 4506 QLK,
1052 4440 1188 4496 centrum
1211 4452 1282 4497 vero
1306 4435 1468 4497 eccentrici

104 4516 242 4598 ungulum
265 4514 358 4577 MAL
387 4514 557 4576 conficiant.
604 4514 675 4576 Fiet
706 4515 762 4579 hoc
792 4528 882 4598 pacto
919 4528 953 4582 ut
976 4521 1069 4583 stella
1101 4522 1139 4585 ab
1161 4521 1188 4583 E
1212 4522 1240 4584 in
1264 4521 1295 4584 K
1322 4523 1469 4587 uelociter

104 4606 241 4669 rideatur
263 4603 447 4667 descendere
480 4624 535 4666 nec
564 4601 706 4665 circulum
734 4608 903 4687 perlectum
933 4608 1095 4673 describat.
1142 4610 1226 4673 Idem
1254 4611 1289 4674 lit
1316 4631 1370 4694 per
1392 4631 1467 4676 con·

104 4695 264 4758 centricum
293 4712 360 4756 cum
383 4692 533 4774 epicyolo,
568 4690 618 4754 ubi
648 4692 856 4759 con'centricus
885 4698 934 4760 hic
963 4697 1043 4761 illius
1067 4699 1227 4763 eccentrici
1258 4708 1371 4764 motum
1394 4721 1466 4767 sus-

104 4784 181 4867 cipit,
207 4781 363 4866 epicyclus
387 4801 458 4845 vero
482 4782 599 4845 sivein
624 4799 659 4843 eo
684 4784 775 4846 stella
798 4785 828 4847 Κ
851 4795 966 4849 motum
990 4786 1052 4851 illic
1076 4788 1172 4851 centri
1200 4790 1373 4867 eccentrici,
1408 4810 1466 4855 nu-

104 4873 276 4939 natandum
300 4892 319 4934 a
342 4873 423 4937 linea
444 4870 504 4935 ΒΗ
528 4869 752 4953 aequidistante
775 4872 856 4953 AM,
885 4883 921 4940 ut
942 4874 1032 4940 ΗΒΚ
1055 4885 1088 4941 et
1109 4876 1203 4942 MAL
1225 4877 1288 4943 sint
1310 4880 1465 4965 aequales.

813 2879 831 2921 {t
