3278 5542
394 1227 604 1291 omnmo
627 1228 826 1292 lumem
849 1229 1015 1294 mom.

642 1437 769 1447 ——n

469 1586 940 1733 lllllSlRlBUS‚

224 1783 497 1902 curruum,
534 1784 840 1880 uerrusuuu
875 1785 1184 1879 urrunnun

118 1969 149 2011 no
169 1949 403 2030 Sigismundo
422 1950 627 2021 Friderico,
647 1951 758 2013 Libero
772 1952 884 2014 Baroni
904 1953 942 2014 ab
959 1953 1214 2029 Herberstein,
1230 1953 1383 2033 Neuperg,

120 2056 300 2135 ettenhaag,
325 2057 452 2118 Domino
475 2057 506 2119 in
529 2056 716 2127 Lancovviz,
741 2055 916 2119 Camerario
939 2065 971 2119 et
994 2059 1137 2135 Dapifero
1162 2058 1339 2121 Corinthiae

118 2161 316 2236 raereditario,
337 2160 510 2224 Caesareae
528 2163 689 2242 Majestati
709 2172 741 2225 et
760 2163 952 2226 serenissimo
971 2164 1136 2226 Archiduci
1156 2165 1302 2227 Austriae

192 2267 383 2330 Ferdinando
408 2289 427 2329 a
450 2267 601 2331 consiliis:
637 2266 806 2349 capitaneo
830 2269 1008 2337 Provinciae
1032 2269 1153 2353 Styriae
1169 2266 1214 2344 ²')
1305 2336 1315 2345 ,

693 2397 719 2441 et

166 2482 175 2490 ⁸
289 2497 445 2561 Dominis
467 2496 509 2560 N.
533 2496 575 2560 N.
599 2495 783 2561 Illuemam
806 2496 938 2582 Scyriae
961 2498 1119 2562 &dicum

118 2600 274 2666 tuloqueriris
294 2601 441 2663 Ordinariis,
461 2602 528 2653 Viris
546 2603 716 2667 amplissimis,
735 2603 849 2654 Dominis
866 2605 928 2654 meis
946 2604 1107 2655 clementibus
1126 2611 1152 2654 et
1169 2603 1301 2661 beneficis,

528 2693 635 2743 salutem
653 2699 680 2743 et
696 2707 755 2744 moa
772 2695 879 2744 canitia.

118 2846 201 2920 Quod
227 2860 297 2914 ante
322 2861 439 2933 septem
461 2873 581 2916 menses
595 2856 623 2927 ⁸)
646 2852 779 2933 promisi,
804 2870 879 2932 opus
902 2853 1057 2915 doctorum
1076 2852 1250 2914 testimonio
1272 2851 1381 2932 pulch·

118 2947 143 3000 et
161 2939 339 3019 jucundum,
372 2942 517 3023 longeque
541 2941 769 3022 praeterendum
794 2941 899 3002 annuis
923 2940 1146 3023 prognosticis:
1176 2942 1297 3004 tandem
1321 2939 1380 3002 ali-

118 3027 142 3088 lo
166 3047 295 3091 coronae
319 3037 439 3093 vestrae
464 3031 550 3107 sisto,
575 3030 763 3110 Amplissimi
785 3029 869 3103 Viri;
893 3048 979 3109 opus,
1004 3030 1135 3110 inquam,
1159 3030 1270 3109 exigna
1292 3028 1381 3101 mole,

118 3135 127 3176 e
156 3118 291 3191 modico,
325 3119 454 3182 materia
481 3120 669 3200 undiquaque
697 3119 837 3180 mirabili.
883 3119 963 3180 Nam
987 3119 1051 3180 sive
1075 3119 1141 3199 quis
1170 3119 1382 3199 antiquitatem

118 3213 162 3279 st;
201 3216 322 3269 tentata
355 3209 412 3270 fuit
445 3217 516 3270 ante
548 3207 595 3271 bis
628 3208 709 3270 mille
742 3226 835 3269 annos
869 3229 888 3269 a
919 3208 1096 3288 Pythagora
1108 3206 1158 3282 b);
1196 3208 1259 3270 sive
1292 3207 1380 3269 novi-

125 3341 134 3368 ,
167 3295 295 3374 primum
323 3316 400 3359 nunc
429 3316 517 3358 ame
547 3298 626 3359 inter
653 3297 789 3359 homines
817 3297 966 3376 vulgatur.
1013 3297 1121 3358 Placet
1144 3296 1261 3358 moles?
1297 3295 1381 3357 Nihil

118 3401 164 3444 roc
202 3385 341 3447 universo
378 3387 487 3448 mundo
529 3386 628 3465 majus
663 3405 761 3466 neque
797 3385 935 3464 amplius.
990 3385 1190 3446 Desideratus
1226 3383 1381 3463 dignitas?

137 3474 319 3550 pretiosius,
352 3473 425 3537 nihil
458 3475 610 3554 pulchrius
642 3474 698 3535 hoc
727 3465 911 3536 lucidissimo
939 3473 997 3535 Dei
1028 3474 1150 3553 templo.
1197 3474 1297 3535 Lubet
1328 3492 1381 3534 se-

122 3561 197 3640 quid¹
219 3563 423 3641 cognoscere?
459 3562 544 3626 Nihil
566 3572 616 3624 est
638 3572 691 3625 aut
715 3562 772 3624 fuit
794 3563 943 3623 in‘rerum
966 3570 1074 3624 natura
1097 3561 1261 3635 occultius:
1285 3562 1381 3623 solum

118 3668 133 3710 n
156 3668 189 3710 re
213 3670 271 3711 non
296 3651 432 3713 omnibus
461 3653 625 3726 satisfacit,
658 3651 736 3731 quod
765 3652 883 3713 utilitas
907 3651 971 3730 ejus
995 3650 1230 3729 incogitantibus
1252 3650 1381 3711 obscura

118 3737 215 3817 Atqui
239 3739 286 3799 hic
311 3748 360 3802 est
379 3741 431 3803 ille
455 3741 551 3802 liber
574 3749 746 3812 naturae,
773 3748 930 3818 tantopere
954 3739 1051 3799 sacris
1074 3738 1243 3800 celebratus
1263 3756 1379 3798 sermo-

117 3844 127 3899 ;
152 3845 238 3906 quem
261 3829 373 3890 Paulus
396 3828 536 3909 gentibus
559 3829 709 3908 proponit,
734 3828 764 3888 in
783 3847 840 3908 quo
862 3828 958 3889 Deum
981 3846 1036 3888 ceu
1055 3825 1158 3889 Solem
1176 3827 1205 3887 in
1231 3846 1309 3907 aqua
1331 3827 1381 3887 vel

117 3915 145 3976 lo
171 3917 419 3998 contemplentur.
466 3918 545 3980 Nam
569 3936 621 3979 cur
646 3916 812 3979 Christiani
842 3917 940 3978 minus
971 3916 1027 3977 hac
1051 3915 1303 3995 contemplatione
1327 3933 1382 3976 nos

118 4022 256 4079 aremus,
287 4024 411 4085 quorum
437 4007 588 4085 proprium
617 4015 682 4081 est,
712 4006 808 4066 Deum
830 4024 902 4066 vero
926 4006 1008 4066 cultu
1031 4005 1201 4079 celebrare,
1233 4003 1379 4077 venerari,

119 4093 188 4153 ari?
211 4093 241 4153 id
265 4095 343 4172 quod
367 4103 453 4156 tanto
477 4096 625 4156 devotiori
650 4095 748 4156 animo
767 4094 809 4168 fit,
835 4102 946 4174 quanto
966 4093 1087 4168 rectius,
1113 4112 1189 4174 qnae
1213 4100 1245 4154 et
1268 4100 1381 4174 quanta

118 4182 192 4242 ierit
214 4191 318 4243 noster
341 4183 434 4258 Deus,
460 4183 664 4263 intelligimus.
708 4181 789 4244 Sane
813 4201 903 4263 quam
926 4182 1069 4263 plurimos
1093 4182 1219 4263 hymnos
1243 4182 1272 4243 in
1297 4179 1380 4243 (lon-

119 4288 168 4343 m,
196 4288 300 4331 verum
324 4272 420 4333 Deum
445 4273 554 4333 cecinit
575 4290 664 4334 verus
687 4272 746 4333 Dei
769 4273 866 4333 cultor
889 4271 1043 4344 Davides3
1074 4269 1181 4349 quihus
1205 4278 1383 4350 argumenta

118 4358 273 4420 miratione
289 4361 439 4421 coelorum
454 4361 583 4422 deducit.
618 4360 703 4424 Coeli
718 4368 869 4434 enarrant,
889 4359 996 4439 inquit,
1017 4358 1145 4438 gloriam
1159 4359 1227 4420 Dei.
1263 4357 1380 4418 Videbo

118 4468 122 4507 r
146 4456 231 4520 tuos,
256 4466 349 4527 opera
371 4449 534 4527 digitorum
556 4459 692 4523 tuorum,
718 4449 835 4509 Lunam
858 4456 890 4509 et
913 4448 1038 4522 stellas,
1070 4466 1146 4528 quae
1169 4456 1203 4508 tu
1227 4444 1380 4508 fundasti:

119 4555 154 4597 us
177 4536 324 4598 Dominus
347 4546 467 4612 noster,
497 4545 529 4599 et
552 4556 660 4617 magna
682 4537 779 4597 virtus
808 4537 893 4614 ejus:
924 4537 975 4615 qui
1002 4543 1139 4597 numerat
1161 4533 1382 4597 multitudinem

118 4644 190 4699 rum,
217 4633 254 4685 et
276 4626 440 4687 omnibus
463 4626 607 4688 nomina
625 4636 743 4687 vocat.
776 4624 898 4688 Alicubi
911 4625 1018 4704 plenus
1032 4624 1150 4704 spiritu,
1173 4625 1279 4704 plenus
1293 4642 1382 4684 sacra

118 4716 142 4774 'a
161 4714 322 4788 exclamat,
344 4714 498 4796 ipsumque
516 4714 656 4776 mundum
676 4714 840 4775 acclamat:
865 4714 1003 4775 Landms
1027 4713 1103 4775 coeli
1118 4712 1287 4786 Dominum,
1313 4711 1381 4773 lau·

125 4820 193 4863 enm
217 4800 271 4864 Sol
300 4810 333 4864 et
354 4803 455 4882 Luna,
487 4804 541 4866 dcc.
588 4801 675 4873 Quae
705 4821 765 4863 vox
794 4802 902 4864 coelo?
935 4821 1012 4882 quae
1042 4800 1164 4864 stellis?
1196 4819 1256 4881 qua
1284 4800 1382 4863 mum

118 4903 166 4945 ren
179 4905 279 4955 opens
1153 4902 1169 4960 7
