3278 5542
696 345 779 411 capnt
797 342 903 396 ru-V.
1421 342 1483 410 129

116 504 198 566 intra
222 505 304 566 orbis
328 505 451 566 Terreni
476 505 633 569 ambitum.
678 508 780 585 Atque
805 504 849 565 sic
873 504 1018 566 habemus
1043 504 1141 566 obiter
1164 523 1298 577 causam,
1322 525 1375 567 cur
1397 514 1484 567 extra

116 592 244 655 Terram
270 602 333 655 tres
357 603 533 656 moveantur
555 595 709 674 planetae,
733 594 814 655 intra
833 593 906 652 duo:
933 611 1008 672 quae
1033 593 1058 654 si
1083 593 1179 654 minus
1202 592 1306 654 lectori
1330 594 1484 672 probatur,

116 681 243 761 cogitet,
269 681 459 744 honorarium
483 683 540 744 hoc
563 702 642 758 esse,
668 701 726 744 uou
740 681 945 762 praecipuum.
980 682 1060 743 Nam
1080 681 1138 742 etsi
1159 681 1341 742 nesciremus
1361 702 1485 744 causam

116 769 155 831 ob
178 789 271 851 quam
294 789 386 850 supra
408 771 532 833 Terram
556 772 619 843 (vel
642 769 746 833 Solem
765 769 948 842 Ptolemaei)
973 779 1036 831 tres
1060 771 1139 831 irent
1162 770 1280 842 stellae,
1306 777 1407 832 tarnen
1431 791 1483 832 se-

116 860 242 940 queutia
258 868 375 921 starent
390 879 457 922 cum
475 859 736 940 praecedentibus,
763 861 833 938 quia
852 858 938 920 nobis
957 860 994 920 de
1020 878 1051 919 re
1076 865 1207 920 constat.
1244 859 1308 919 Nec
1327 851 1484 939 quisquam

116 967 251 1029 uuquam
275 948 434 1022 dubitavit,
461 948 530 1029 quin
555 945 660 1023 fill&
685 949 855 1028 superiores
879 945 950 1010 sint.
985 948 1117 1008 Tantum
1131 947 1204 1009 illud
1220 954 1390 1008 teneamus:
1418 967 1484 1009 curn

116 1046 181 1097 tres
208 1037 238 1098 iu
265 1035 432 1118 Copernico
455 1038 596 1117 planetae
621 1038 683 1098 sint
706 1056 797 1116 supra
820 1037 961 1110 Terram,
991 1043 1128 1115 oportere
1158 1053 1212 1097 nos
1236 1036 1370 1096 ordinem
1395 1037 1484 1096 trium

116 1125 328 1205 primariorum
352 1144 508 1204 corporum
531 1127 653 1194 cubum,
684 1125 854 1206 pyramide,
886 1123 1094 1187 dodecasdron
1120 1132 1207 1184 extra
1230 1125 1332 1185 orbem
1355 1124 1484 1186 Telluris

116 1214 290 1284 collocare,
324 1215 499 1276 octaedrum
522 1234 593 1276 voro
617 1223 649 1277 et
672 1215 850 1278 icosetdron
882 1212 981 1288 iutra,
1018 1215 1042 1276 si
1071 1214 1203 1292 palmam
1231 1212 1260 1273 in
1285 1213 1340 1274 hoc
1364 1213 1484 1291 negotio

117 1302 247 1366 velimus
272 1302 418 1365 obtinere.

714 1405 899 1416 αι...-

710 1531 830 1632 Caput
859 1531 901 1604 V.

247 1689 343 1768 Quod
365 1690 461 1752 cubare
480 1689 622 1771 primum
644 1709 825 1773 eorpmnm,
849 1697 880 1752 et
901 1693 985 1754 inter
1007 1688 1180 1754 αὶεὶεείηιοε
1197 1689 1356 1773 planetae.

209 1830 379 1893 Veniamus
403 1830 491 1892 modo
515 1831 554 1893 ad
578 1831 721 1912 primaria
745 1832 813 1907 tria,
840 1851 952 1911 suaque
968 1832 1094 1911 singulis
1114 1831 1216 1911 spatia
1234 1830 1410 1893 tribuamus.
1444 1829 1487 1890 Et

124 1918 217 1981 cubus
244 1919 363 2000 quidem
387 1921 425 1981 ad
449 1921 526 1981 fixas
549 1920 789 2000 appropinquare
813 1920 925 1994 debuit,
951 1921 1136 2000 primamque
1151 1921 1383 2000 proportionem,
1409 1936 1485 1999 quae

127 2009 202 2069 inter
218 2006 384 2070 Saturnum
399 2018 430 2070 et
443 2007 552 2071 Jovem
571 2019 628 2083 est,
653 2010 858 2071 constituere:
884 2010 953 2088 quia
977 2010 1155 2087 dignissima
1179 2009 1280 2070 mundi
1303 2027 1375 2087 pars
1399 2015 1488 2068 extra

129 2096 250 2159 Terram
274 2106 345 2158 sunt
367 2098 459 2159 fixae:
484 2107 517 2159 ut
532 2098 633 2159 circuli
655 2103 739 2178 (post
754 2101 902 2171 centrum)
927 2097 1185 2159 circumferentias
1210 2097 1303 2158 cubus
1326 2114 1397 2157 vero
1420 2095 1486 2174 pri·

132 2204 202 2246 mum
228 2205 337 2265 corpus
361 2186 391 2247 iu
415 2205 468 2247 suo
493 2187 607 2248 ordine.
648 2188 676 2259 l)
701 2186 791 2248 Solus
816 2187 895 2247 enim
919 2208 937 2247 a
960 2207 1016 2248 sua
1036 2186 1101 2248 basi
1125 2195 1297 2265 generatur,
1322 2203 1389 2246 cum
1413 2185 1487 2247 reli-

135 2293 184 2354 qua
208 2285 336 2355 quatuor
360 2293 417 2336 non
440 2285 623 2354 generentur
647 2276 781 2337 faciebus
812 2276 893 2350 suis,
928 2276 981 2338 sed
1011 2284 1063 2336 aut
1090 2283 1177 2337 secta
1199 2274 1261 2334 siut
1284 2292 1300 2333 e
1325 2273 1419 2347 cubo,
1452 2280 1487 2333 ut

138 2364 268 2442 pyramis,
293 2364 414 2443 rejectis
438 2359 678 2448 clpyramidibus
698 2365 902 2444 rectangulis:
928 2374 981 2425 aut
1005 2371 1103 2438 aucta,
1129 2373 1162 2424 ut
1185 2363 1404 2436 dodecaedron,
1429 2380 1486 2441 ap-

140 2451 232 2529 positis
256 2471 311 2514 sex
333 2453 519 2533 peutabdris.
567 2451 603 2526 2)
632 2452 722 2515 Solus
753 2452 782 2514 iu
812 2454 1012 2532 boruogenecs
1045 2452 1136 2514 cubos
1170 2452 1234 2513 sine
1262 2451 1407 2531 prismate
1436 2468 1487 2512 re-

144 2540 205 2601 solvi
226 2550 338 2620 potest.
386 2537 421 2614 3)
447 2539 537 2603 Solus
563 2550 611 2604 est
634 2561 753 2623 quaqua
783 2561 901 2603 versum
930 2551 962 2603 et
990 2541 1019 2601 iu
1044 2548 1106 2602 tres
1130 2541 1263 2603 directas
1288 2539 1488 2601 dimensiones

147 2629 296 2709 ponigitur.
343 2630 422 2691 Nam
445 2629 622 2711 reliquorum
649 2633 742 2693 iacies
766 2630 890 2692 inclines
914 2638 1038 2692 suntet
1067 2630 1191 2704 alicubi,
1220 2647 1286 2690 cnm
1311 2647 1345 2688 se
1369 2627 1486 2688 duabus

150 2713 249 2779 directis
268 2718 452 2781 sectionibus
471 2719 647 2799 praebeant,
671 2720 701 2782 in
725 2720 839 2799 reliqua
862 2727 1010 2781 sectorem
1034 2719 1227 2780 frustrantur.
1265 2712 1301 2790 4)
1326 2716 1405 2776 Hinc
1429 2723 1487 2790 est,

153 2807 210 2881 quod
230 2807 311 2869 solus
334 2807 428 2869 babet
450 2815 498 2869 tot
522 2809 629 2877 facies,
659 2819 732 2889 quot
756 2808 847 2870 habet
870 2808 1004 2869 ternaria
1028 2807 1173 2872 dimensio
1198 2806 1357 2878 terminos,
1383 2823 1489 2884 nempe

155 2911 203 2968 sex,
223 2905 253 2957 et
276 2897 397 2975 duplum
420 2915 574 2959 numerum
598 2897 741 2971 laterum,
771 2897 888 2959 scilicet
913 2896 1077 2959 duodecim.
1126 2893 1161 2966 5)
1186 2893 1276 2955 Solus
1300 2893 1488 2973 undiquaque

156 2977 223 3045 habet
243 2985 401 3066 aequalem
424 2986 584 3065 angulum,
616 2987 734 3048 scilicet
766 2994 891 3048 rectum.
938 2988 983 3046 At
1011 2985 1039 3046 in
1073 2983 1228 3066 pyramide
1260 2981 1382 3061 regula,
1412 3000 1488 3061 quae

157 3068 219 3133 tedet
238 3073 376 3135 adhibita
398 3074 503 3136 mediis
526 3075 639 3155 planis,
665 3076 834 3154 discrepat,
860 3075 886 3136 si
910 3093 977 3135 eam
1000 3092 1106 3134 versus
1130 3072 1271 3151 angulum
1295 3071 1488 3150 intorqueas:

158 3173 195 3218 uec
212 3162 294 3223 solidi
319 3163 420 3242 auguli
445 3164 484 3224 ad
508 3183 575 3224 earn
599 3183 733 3227 normam
757 3165 923 3244 quadrant,
947 3182 1023 3243 quae
1047 3161 1238 3241 interjectum
1264 3162 1384 3239 longum
1408 3159 1488 3220 late-

159 3244 223 3310 ralem
245 3250 386 3331 angulum
410 3253 541 3315 metitur.
589 3248 625 3327 6)
654 3253 732 3314 Hinc
755 3254 846 3314 etiam
876 3253 931 3314 soli
960 3251 1121 3330 competit,
1152 3250 1229 3330 quod
1259 3269 1296 3311 ex
1323 3249 1490 3325 μονοβιβλῳ

158 3328 292 3402 Ptolemaei
316 3340 394 3402 citat
416 3339 588 3421 Simplicius
612 3361 701 3422 super
725 3342 821 3403 Arist.
847 3342 897 3403 lib.
922 3341 946 3402 Ι.
971 3341 1008 3401 de
1033 3337 1127 3401 Coelo
1157 3358 1223 3418 cap.
1251 3337 1278 3400 l.
1309 3355 1363 3418 pro
1397 3355 1492 3398 causa

158 3424 320 3497 perfeetionis
345 3429 374 3490 iu
399 3430 550 3492 ternario:
582 3431 661 3510 quod
689 3431 806 3493 scilicet
833 3451 890 3492 uon
919 3431 1020 3509 plures
1050 3428 1146 3490 tribus
1170 3428 1262 3489 rectis
1286 3426 1489 3509 perpendicu-

158 3506 241 3579 luibus
264 3518 303 3581 ad
326 3518 424 3581 locum
453 3518 583 3582 solidum
611 3519 640 3580 iu
669 3519 782 3581 solidos
812 3529 911 3580 rectos
941 3517 1133 3579 dividendum
1157 3533 1333 3578 concurrere
1357 3513 1487 3593 possint.

159 3592 246 3695 libet
273 3606 437 3670 solidorum
465 3607 684 3670 rectilineorum
713 3608 843 3669 omnium
872 3607 1125 3687 simplicissimum
1148 3623 1265 3683 corpus.
1313 3600 1402 3672 Quod
1432 3601 1490 3664 etsi

158 3703 178 3746 ¹ss
193 3696 334 3775 pyramide
358 3696 534 3776 ambigitur,
559 3705 658 3759 tamen
685 3717 723 3759 ex
746 3717 781 3758 eo
807 3697 894 3758 t'acile
918 3696 1080 3768 evincitur,
1111 3694 1189 3775 quod
1213 3691 1378 3775 pyramidis
1404 3709 1489 3751 meu-

158 3792 207 3841 ttlra
224 3786 316 3847 cubus
339 3792 397 3860 est,
422 3804 593 3849 mensuram
616 3796 717 3848 autem
740 3787 870 3866 priorem
894 3804 961 3846 esse
985 3783 1135 3844 convenit.
1179 3782 1323 3842 Mensura
1346 3797 1416 3840 vero
1442 3786 1490 3839 est

158 3881 198 3929 n011
215 3879 327 3935 tantum
352 3892 389 3935 ex
413 3874 552 3937 instituto
576 3876 745 3951 homiuum,
775 3875 824 3956 qni
852 3873 991 3955 quicquid
1016 3871 1179 3933 solidorum
1209 3870 1389 3942 metiuntur,
1423 3868 1489 3949 ejus

158 3962 331 4031 quantitatem
356 3962 385 4024 iu
408 3963 511 4042 parvis
534 3964 665 4027 cubiscis
689 3965 859 4044 concipiunt
887 3963 1003 4030 animo,
1037 3961 1091 4023 sed
1119 3962 1213 4022 multo
1243 3959 1340 4039 magis
1370 3966 1488 4019 natura.

157 4036 243 4138 ¹Rectius
266 4050 345 4114 enim
369 4053 496 4130 angulus
520 4054 654 4134 aequalis
679 4063 728 4115 est
751 4053 849 4127 alteri,
875 4070 1000 4132 quocum
1022 4051 1052 4112 in
1072 4049 1192 4130 planum
1212 4047 1393 4110 extenditur.
1430 4045 1491 4107 Est

157 4132 222 4208 bitur
243 4151 389 4223 perpetuo
413 4141 471 4204 sibi
494 4141 630 4223 aequalis
654 4143 725 4224 ipsi,
757 4153 847 4223 atque
871 4142 946 4202 adeo
971 4160 1059 4213 unus,
1090 4147 1256 4200 ceteromm
1279 4136 1416 4216 utrinque
1439 4135 1488 4196 in·
1566 4206 1569 4213 ¹

155 4216 208 4290 tuiti
227 4239 307 4293 sunt.
354 4230 530 4294 Mensuram
553 4240 653 4294 autern
678 4233 766 4293 decet
790 4251 877 4293 unam
902 4240 933 4292 et
956 4229 1102 4302 eandem,
1134 4235 1224 4307 atque
1252 4225 1346 4287 etiam
1374 4223 1489 4297 finitam

154 4323 211 4378 lese.
254 4317 289 4394 8)
314 4319 392 4382 Hinc
417 4329 480 4383 tarn
503 4322 649 4384 foecunda
673 4330 721 4382 est
745 4321 819 4383 recti
842 4321 872 4381 iu
897 4320 1037 4381 circulum
1061 4316 1227 4397 inscriptio,
1253 4315 1317 4376 sine
1342 4332 1398 4393 quo
1423 4333 1488 4375 rne-

150 4393 311 4471 diastema
335 4409 518 4488 triangulum
541 4430 595 4472 nec
620 4411 872 4491 quinquangulum
897 4427 951 4468 uec
976 4408 1013 4468 ab
1038 4407 1082 4468 eis
1107 4407 1245 4467 derivata
1268 4404 1389 4465 inscribi
1413 4419 1488 4480 pos-

145 4498 242 4571 δῦθι)
281 4494 316 4571 9)
341 4495 404 4560 Sed
420 4516 516 4580 neque
532 4499 604 4562 illud
623 4498 873 4580 praetereundum
896 4497 973 4578 quod
1001 4495 1223 4576 perfectissimo
1248 4491 1369 4554 animali
1392 4491 1488 4550 solers

140 4586 237 4647 natura
259 4606 314 4648 sex
337 4587 462 4650 easdem
486 4593 635 4662 διαςασεις
658 4587 876 4670 perfectissime
900 4585 1047 4659 attribuit,
1073 4604 1130 4645 non
1150 4584 1275 4645 obscuro
1301 4586 1486 4660 argumento,

134 4656 219 4740 luam
239 4674 296 4737 hoo
320 4694 429 4756 corpus
452 4696 545 4756 penes
568 4678 650 4741 illam
674 4679 717 4739 sit
740 4678 769 4738 iu
792 4675 899 4757 pretio.
946 4675 1026 4737 Nam
1049 4675 1137 4735 homo
1166 4672 1230 4752 ipse
1259 4671 1379 4751 quidam
1403 4666 1489 4749 quasi

129 4761 221 4826 etubus
244 4773 322 4840 est„
342 4764 373 4827 iu
396 4783 454 4846 quo
476 4786 532 4830 sex
554 4766 640 4848 quasi
663 4767 772 4848 plagae
796 4773 885 4840 suut,
913 4783 1041 4844 supera,
1071 4762 1186 4834 infera,
1214 4759 1334 4834 antica,
1359 4756 1487 4838 postica,

124 4832 251 4930 dextra,
274 4853 410 4917 sinistra.

202 4957 403 5012 lumbe-¹·
1259 4948 1276 5009 t
