3278 5542
137 296 202 363 338
559 296 660 346 Literae
676 297 779 363 Kepieri
798 296 949 361 morumque
965 302 1069 347 munna
1131 334 1137 345 .

138 457 190 507 dies
210 452 260 504 ³65
280 454 423 516 dispartitur
442 461 468 502 et
486 455 593 504 latenter
611 467 638 502 ee
657 454 789 504 immiscet.
827 453 891 505 Puto
910 455 1078 505 astronomica
1095 453 1264 504 fundamenta
1280 453 1330 504 hoc
1348 468 1397 503 non
1409 454 1486 505 admit

136 537 199 577 tere.
236 524 312 589 Cupio
331 533 401 573 tuum
417 525 536 587 judicium
555 523 648 574 audire.

226 597 433 676 Kepierus:
477 597 510 656 In
536 596 711 676 quaestione
736 596 772 656 de
797 595 911 657 amissa
943 595 990 656 die
1021 615 1112 657 rocas
1140 616 1188 657 me
1211 594 1385 675 promiscue
1407 596 1487 658 etiam

139 687 175 747 ad
200 686 318 747 calceos
343 685 556 763 extergendos,
591 684 674 763 prius
704 705 749 744 ine
779 684 893 763 poculis
923 685 1113 746 adhibueras.
1162 682 1243 755 Quid
1272 684 1329 747 tibi
1354 684 1400 745 iric
1422 703 1487 764 opus

139 784 186 835 est
209 794 275 834 mea
298 773 501 853 responsione,
528 774 557 834 in
582 792 623 845 rc,
650 791 739 852 quam
763 773 826 852 ipse
851 774 966 834 calles?
1004 773 1224 855 Navigationes
1250 772 1320 834 illas
1344 792 1401 834 nou
1422 774 1486 853 iegi;

139 865 228 925 misor
251 863 363 923 nuliam
388 863 480 922 talem
505 863 695 923 mentionem.
733 861 840 924 Nonne
865 863 893 922 in
909 862 988 923 Asia
1011 861 1064 924 Sol
1089 862 1179 924 citius
1202 862 1300 923 oritur
1323 870 1356 923 et
1380 861 1484 935 occidit,

139 971 227 1032 quam
252 951 329 1030 apud
356 950 431 1010 nos?

209 1039 395 1089 Fabricius:
427 1036 568 1097 Quaeritur.
589 1051 620 1086 an
640 1034 745 1101 physica
763 1051 841 1087 causa
858 1037 928 1087 reddi
946 1039 1043 1102 possit,
1061 1037 1126 1103 quod
1145 1037 1304 1087 metallorum
1325 1038 1428 1087 immas
1446 1038 1483 1086 rir·

139 1111 198 1177 guia
211 1124 288 1160 aurea
317 1104 490 1168 (Haseiruthe)
520 1109 572 1157 auri
592 1109 630 1158 rel
659 1109 757 1172 argenti
775 1110 882 1160 minem
902 1106 1047 1173 expiarent?
1083 1108 1137 1174 Ego
1156 1122 1186 1158 ex
1199 1108 1292 1158 diaboii
1305 1108 1361 1157 lusu
1378 1110 1484 1173 sermm

140 1183 240 1231 stitione
258 1180 384 1229 bominum
412 1179 436 1228 id
456 1180 512 1228 oriri
530 1184 598 1242 puto.
635 1178 677 1229 Sic
697 1178 857 1243 quadrages
886 1187 1021 1230 accusatae
1048 1194 1093 1244 per
1110 1192 1202 1245 aquam
1230 1179 1401 1243 exploranturr
1428 1179 1485 1228 nula

140 1254 244 1316 physica
263 1265 341 1300 causa
361 1252 413 1300 dari
432 1258 522 1314 potest.
560 1249 601 1300 Sic
620 1250 671 1299 vidi
689 1252 750 1297 meis
769 1251 846 1300 oculis
866 1249 942 1314 (quod
961 1252 1023 1300 alias
1041 1266 1092 1300 non
1111 1246 1282 1312 credidissem)
1302 1250 1367 1315 qnod
1383 1248 1483 1300 domn·

140 1326 224 1389 gensis
243 1323 343 1386 quidam
361 1321 401 1372 hic
420 1336 464 1384 per
481 1328 573 1369 motum
593 1323 664 1372 cribri
683 1321 817 1383 exploravit
834 1322 921 1371 iurem

227 1395 424 1471 Kepierus:
466 1393 624 1471 Virguiam
648 1404 731 1454 tuam
755 1393 886 1455 divinam
911 1403 942 1453 ct
956 1392 1140 1473 praestigias
1163 1392 1220 1454 tibi
1235 1393 1366 1466 habeas;
1388 1410 1481 1454 meeu-

142 1484 200 1546 tior
227 1485 329 1562 plane.
374 1482 474 1543 Multa
502 1482 530 1542 in
561 1490 671 1543 natura
698 1481 816 1560 quidem
845 1482 977 1556 occuito,
1016 1481 1079 1543 tale
1106 1500 1175 1543 vero
1207 1482 1279 1543 nihii
1309 1481 1340 1542 in
1362 1492 1481 1560 apertum

142 1573 304 1651 prolatum,
330 1571 406 1650 quod
432 1571 568 1631 naturaie
592 1571 650 1631 sit:
673 1571 852 1649 praesertim
877 1570 945 1650 quia
969 1570 998 1631 vi
1023 1569 1179 1631 verberum
1203 1568 1373 1632 efficiuntur
1395 1571 1456 1631 ista

211 1677 404 1726 Fabricius·
437 1675 494 1735 Qua
511 1677 608 1725 ratione
627 1675 746 1726 radicalia
769 1677 841 1741 signa
864 1676 959 1726 urbium
983 1683 1009 1725 et
1032 1668 1355 1741 regionum·inqnirnntnrl
1376 1666 1481 1724 'liubin

141 1765 189 1799 nou
209 1756 256 1805 est,
277 1751 350 1813 signa
368 1756 394 1796 et
411 1748 493 1797 sidera
511 1749 632 1812 respicere
650 1747 746 1812 aliquas
765 1749 879 1812 regiones
896 1749 983 1809 majori
1001 1749 1097 1797 virtutis
1115 1747 1218 1801 indura.
1235 1760 1313 1811 (ιω
1330 1745 1402 1797 alins.

229 1820 429 1899 Kepierus:
473 1818 568 1897 Signa
593 1818 713 1881 urbibus
737 1819 858 1898 propria
881 1837 975 1899 nego;
1006 1838 1082 1898 quae
1106 1827 1178 1880 sunt
1199 1817 1343 1892 urbibus,
1367 1825 1435 1879 sunt
1452 1815 1479 1877 ob

142 1928 229 1990 reges
254 1918 285 1969 et
308 1909 418 1969 multos
443 1908 598 1986 primates,
624 1925 726 1986 regum
751 1908 874 1983 amicos,
900 1909 927 1967 in
952 1927 1010 1969 uuo
1035 1907 1135 1986 aliquo
1159 1907 1397 1968 consentientes.

213 1997 398 2048 Fabricius:
430 1996 503 2046 Unde
521 1996 598 2046 habes
617 1997 721 2060 genesin
740 1996 792 2061 Sig.
812 1995 933 2046 Bathoril

227 2070 428 2148 Kepierus:
453 2067 580 2130 Batlrori
595 2068 718 2146 genesin
733 2068 805 2128 nrihi
815 2066 1002 2146 Capitaneus
1017 2064 1138 2149 Styriae
1153 2065 1400 2140 Herbesstenius,
1414 2065 1477 2143 jussu

140 2159 267 2220 illustris
291 2176 437 2237 personae
468 2160 536 2226 (aut
559 2154 665 2217 matris
689 2157 880 2218 archiducem
905 2164 957 2217 eut
982 2155 1158 2234 repudiatae
1180 2153 1343 2235 principis)
1371 2151 1475 2215 tradidit
1513 2160 1516 2217 1

138 2247 378 2310 examinandam.
398 2277 435 2288 -
457 2246 515 2306 Pro
531 2245 742 2306 observatione
767 2242 820 2308 29.
836 2246 904 2306 Jan.
924 2242 1018 2307 1603.
1036 2240 1080 2323 (v.
1102 2265 1126 2304 s.
1142 2262 1172 2324 p.
1190 2239 1271 2316 323)
1291 2242 1408 2322 gratias
1425 2258 1474 2320 age.

210 2353 377 2402 Fabricius
395 2351 472 2400 literis
492 2347 528 2415 [d.
549 2352 572 2401 d.
589 2347 621 2399 tt
644 2347 711 2413 (tt.)
725 2351 800 2401 Mart.
823 2345 911 2415 loesi
933 2366 947 2399 e
966 2351 1052 2414 quibua
1070 2350 1200 2415 sequeutia
1219 2349 1392 2407 deeumsimus.
1409 2346 1473 2398 eaden

138 2424 177 2473 die
197 2424 259 2472 alias
279 2423 388 2481 addidit,
409 2430 434 2471 et
446 2424 512 2485 ipsas
531 2422 715 2485 quaestiouibus
734 2425 851 2477 refertas.
872 2423 904 2470 ad
923 2436 984 2486 quas
1003 2419 1127 2484 Kepierus
1145 2421 1182 2469 his
1201 2426 1301 2469 tautum
1319 2422 1473 2483 interrumpat

138 2496 287 2544 ambonem:
310 2493 358 2552 „ad
377 2493 432 2542 illas
453 2491 493 2541 14.
513 2493 598 2542 Martii
617 2494 746 2557 geminas“
766 2493 892 2557 respondit
909 2494 935 2541 in
953 2492 1040 2543 iisdem
1058 2491 1135 2540 literis
1154 2491 1177 2541 d.
1197 2491 1221 2540 d.
1241 2487 1268 2539 4.
1287 2490 1356 2541 Julii.

210 2567 377 2615 Fabricius
383 2635 394 2667 2
424 2564 510 2614 Habes
528 2565 569 2613 iric
588 2566 745 2628 quaestiones
758 2565 889 2615 nonnullas
903 2565 974 2620 alias,
993 2565 1019 2612 in
1031 2564 1149 2626 prioribus
1161 2564 1281 2612 emissan
1301 2562 1369 2624 Quid
1380 2563 1410 2612 de
1423 2574 1471 2627 gae

137 2639 262 2687 mantia
277 2637 391 2698 jndices.
1513 2662 1516 2697 ς

224 2707 425 2787 Kepierus:
469 2704 544 2767 Cum
569 2705 741 2785 geomantia
766 2710 882 2767 facesse
911 2706 948 2766 ad
973 2705 1121 2785 virgulam
1149 2703 1299 2781 divinam;
1329 2705 1400 2767 nibil
1422 2698 1468 2780 legi,
1512 2734 1516 2765 ι

137 2797 193 2859 nisi
218 2816 294 2878 quae
318 2794 348 2857 J.
373 2794 493 2857 Fortius
516 2793 749 2874 Ringeibergins
773 2794 931 2857 furibundo
955 2795 1073 2855 calamo
1097 2793 1243 2855 exaravit

206 2902 389 2953 Fabricius:
418 2901 457 2951 De
476 2900 628 2965 quadratura
646 2901 729 2952 circuli
747 2902 834 2952 dubius
853 2916 916 2959 suen,
936 2901 994 2967 quid
1011 2901 1126 2950 utilitatis
1145 2898 1221 2950 iudei
1515 2935 1516 2947 .

224 2975 429 3053 Kepierus:
468 2973 586 3035 Nesciri
611 2992 678 3034 eam
700 2973 886 3048 necessario,
920 2982 1041 3052 repetes
1066 2992 1103 3033 ex
1125 2972 1277 3050 prioribus
1302 2971 1411 3044 literis,
1434 2965 1465 3029 ub'
1509 2990 1516 3023 s

135 3063 391 3144 comparationem
427 3063 506 3124 inter
539 3062 702 3124 rationalia
735 3070 766 3124 et
789 3062 979 3124 irrationalia
1006 3062 1124 3124 cossica
1147 3070 1179 3122 et
1202 3059 1349 3123 circulum
1370 3053 1466 3122 institui
1510 3055 1511 3059 ’

136 3154 260 3214 Nullum
284 3171 369 3213 usum
393 3151 491 3210 video.
1512 3167 1514 3171 ’

207 3257 395 3307 Fabricius:
419 3255 553 3306 Rationem
572 3256 765 3305 directionis
784 3259 809 3306 in
828 3256 902 3305 Luna
918 3256 993 3305 latius
1012 3256 1163 3320 explicatam
1181 3254 1265 3305 veiim

222 3328 426 3406 Kepierus:
462 3326 495 3389 Si
511 3329 597 3389 Luna
620 3337 739 3388 careret
762 3328 882 3407 proprio
906 3338 999 3403 motu,
1023 3335 1194 3390 moveretur
1208 3337 1311 3388 umen
1335 3338 1465 3405 aequate

140 3417 242 3479 ieriter
265 3416 340 3491 Soli,
366 3436 538 3498 quocunque
563 3417 628 3478 loeo
653 3415 694 3477 sit
718 3416 778 3478 sita
802 3416 975 3497 quiescens:
1001 3416 1072 3496 quia
1094 3416 1160 3495 ejus
1184 3415 1268 3477 orbis
1292 3412 1466 3477 circumierint

139 3506 289 3578 aTerra,
328 3505 413 3584 cujus
444 3513 542 3567 motus
567 3503 648 3567 Solis
673 3514 787 3568 motum
811 3514 1029 3585 repraesentat.
1076 3505 1146 3567 Jam
1170 3504 1254 3579 dico,
1285 3522 1362 3584 quae
1383 3502 1466 3563 rene

138 3603 259 3657 nostrae
275 3595 382 3655 matris
397 3603 478 3656 motu
494 3604 681 3670 moveantur,
707 3594 886 3673 significare,
910 3594 1035 3674 reliqua,
1062 3613 1137 3674 qnae
1152 3591 1285 3673 proprie,
1310 3589 1466 3672 promittere.

141 3685 226 3746 Luna
250 3692 375 3764 utroque
400 3684 608 3757 communicat,
634 3683 785 3762 significat
808 3683 900 3764 igitur
924 3693 956 3745 et
974 3682 1132 3763 promittit.
1161 3678 1466 3766 ‘Signiiieatrixigitm

137 3783 169 3834 ut
197 3782 262 3845 est,
298 3773 455 3852 dirigenda
484 3772 623 3848 omnino,
647 3783 679 3833 et
702 3773 731 3833 id
755 3782 835 3834 motu
861 3771 962 3845 Solis,
987 3780 1051 3834 tam
1074 3771 1183 3833 celeris
1206 3780 1257 3833 est
1280 3770 1350 3849 ejus
1373 3762 1468 3859 diretlii

138 3880 225 3941 quam
250 3860 330 3922 Solis
360 3868 391 3922 et
423 3862 451 3923 in
481 3861 624 3941 ecliptica
653 3871 686 3923 ut
716 3862 776 3924 ille.
823 3859 857 3922 si
887 3860 958 3941 quid
986 3860 1069 3923 aliud
1093 3859 1216 3940 scripsi,
1250 3858 1332 3939 quod
1355 3855 1469 3939 expliecn

137 3949 229 4029 cupis,
257 3950 284 4010 id
310 3949 432 4012 excidit.

207 4038 300 4087 Fabri
303 4038 374 4157 {im
376 4107 388 4139 φ
418 4036 495 4102 Cupio
515 4040 587 4094 scire,
607 4038 665 4101 quid
684 4045 712 4086 tn
725 4038 755 4086 de
769 4039 872 4101 spectris
884 4038 1019 4093 nocturnis,
1039 4049 1219 4102 campanarum
1231 4035 1355 4100 puisibm,
1372 4027 1469 4084 noelli&

137 4110 257 4173 exsequiis
273 4111 300 4170 iu
319 4111 385 4158 ices.

225 4181 432 4259 Kepierus:
471 4181 557 4239 Haec
589 4182 626 4240 ad
660 4180 865 4260 geomantiam
899 4187 930 4241 et
963 4179 1110 4258 virgulam
1143 4178 1286 4241 divinam.
1335 4176 1471 4240 Genium

139 4288 213 4348 opus
237 4277 308 4329 suut
329 4268 383 4329 ilia
405 4276 556 4347 portenta,
582 4268 608 4328 si
632 4269 710 4349 quod
734 4270 873 4330 naturaie
898 4269 965 4341 (seu
991 4269 1091 4348 quasi)
1116 4286 1191 4349 opus
1214 4276 1296 4329 eunt
1342 4262 1472 4329 muco

138 4367 238 4418 tamen
264 4366 295 4419 te
318 4357 461 4418 vicissim.
503 4355 584 4418 Fieri
608 4358 788 4418 monitiones
812 4376 866 4436 per
891 4357 1016 4431 somnia,
1042 4358 1146 4437 negari
1160 4356 1276 4436 nequit.
1316 4357 1362 4418 At
1383 4350 1472 4419 munit

138 4448 240 4526 figuris
265 4454 297 4508 et
319 4445 415 4525 tropis
440 4453 583 4507 constant
607 4447 764 4508 oratoriis:
789 4465 937 4526 quaenam
961 4446 1035 4507 baec
1060 4457 1168 4508 natura
1192 4454 1257 4518 est,
1281 4462 1362 4526 quae
1382 4441 1471 4507 verive

139 4545 201 4597 tem
226 4537 340 4598 tutelae
366 4555 457 4595 causa
481 4535 626 4609 insinuat,
659 4554 716 4596 non
743 4537 857 4597 directe
881 4535 1038 4615 proponit,
1064 4535 1119 4597 sed
1141 4553 1198 4614 per
1219 4534 1388 4614 ambages!
1425 4528 1474 4593 ilat

138 4625 217 4685 enim
241 4623 496 4686 taudemrecidit
522 4632 555 4685 et
584 4634 653 4687 tuus
677 4643 841 4703 campanae
865 4627 978 4703 pulsus.
1025 4624 1196 4685 Mirabilem
1229 4632 1386 4699 naturam,
1418 4634 1475 4702 quse

139 4712 229 4773 aliter
251 4713 407 4775 uobiscum
430 4713 580 4793 colloquia
604 4715 721 4793 agitare
745 4722 777 4775 ct
801 4713 981 4775 commercia
1003 4732 1060 4774 non
1084 4720 1197 4795 potest,
1224 4711 1292 4775 nisi·
1309 4714 1419 4775 talibus
1433 4722 1481 4770 nn·'

139 4801 236 4865 tibus!
281 4800 324 4865 Et
351 4802 401 4883 qui
428 4803 478 4880 tt,
512 4810 545 4865 ut
572 4803 627 4865 hes
655 4811 744 4865 nutus
774 4802 886 4866 edant?
932 4800 995 4865 Cur
1024 4820 1082 4865 nen
1107 4802 1215 4867 eadem
1238 4820 1336 4887 opera
1357 4806 1478 4865 rerem
