3278 5542
137 295 204 365 ΜΘ
690 301 811 368 Apologia
828 299 952 365 Τγὼοιιὶι

139 463 324 525 confundens
349 480 403 522 nec
426 461 589 523 intervalla
613 461 815 542 distinguens,
845 461 931 523 nobis
954 461 1117 523 deridiculo
1141 461 1199 523 init
1228 460 1421 523 exclamans:
1443 460 1494 521 mi-

138 552 280 626 raculum,
306 551 414 613 bovem
428 552 638 631 multipedem!
685 552 753 614 Nou
778 570 851 612 sane
875 552 972 631 major
995 560 1044 612 est
1067 551 1122 613 hoc
1142 551 1207 613 loco
1223 550 1353 613 Patricii
1377 549 1491 627 sapien·

137 642 198 714 tia,
234 640 302 790 dgr?
324 641 465 719 planetas
488 640 568 703 inter
590 641 681 716 fixas,
711 640 754 702 ita
777 649 809 701 ut
833 641 919 702 uobis
945 648 1087 720 apparet,
1122 659 1226 702 cursus
1251 659 1325 702 suos
1359 657 1494 718 peragere

139 737 416 898 conteilolcimque
439 818 572 880 Patricio
596 818 708 881 dictum
733 824 808 893 esto,
834 819 900 880 vias
923 818 1113 897 planetarum
1141 824 1328 897 apparentes
1352 825 1385 878 et
1407 815 1494 876 hists

134 909 212 971 -riam
235 907 476 992 motuumllihris
499 928 645 988 promere,
671 909 872 970 astronomiae
897 907 1085 986 potissimum
1109 907 1304 969 mechanicae
1330 904 1492 984 et-practi-

137 1018 191 1060 cae
209 1005 328 1078 partem
343 1016 427 1058 esse:
453 997 519 1058 vias
538 1015 609 1059 vero
624 1017 712 1059 veras
736 1006 768 1060 et
782 998 928 1078 genuinas
942 996 1085 1070 iuvenire,
1111 1015 1186 1076 opus
1207 1015 1277 1057 esse
1298 993 1493 1056 astronomiae

82 1116 85 1122 ²
137 1087 389 1166 contemplativae
415 1087 542 1160 (frustra
566 1086 717 1148 Osiandro
741 1096 773 1148 et
794 1088 928 1149 Patricio
953 1086 1219 1158 reclamantibus):
1244 1092 1278 1146 at
1298 1084 1412 1156 dicere,
1437 1083 1493 1162 qni·

20 1201 24 1210 ¹
137 1178 193 1238 bus
218 1176 337 1238 circulis
362 1184 393 1237 et
416 1175 503 1237 lineis
527 1176 728 1256 depingantur
751 1176 780 1239 in
804 1195 918 1258 papyro
933 1175 1080 1255 imagines
1099 1176 1203 1254 justae
1223 1192 1367 1240 verorum
1389 1172 1493 1233 illomu

137 1273 281 1339 motuum,
306 1266 345 1326 ad
370 1264 514 1327 iuferiora
536 1275 758 1345 geometrarum
783 1266 928 1328 subsellia
941 1264 1102 1344 pertinere.
1149 1263 1234 1326 Haec
1249 1263 1300 1343 qni
1316 1263 1492 1341 distinguere

138 1354 293 1427 didicerit,
319 1355 345 1415 is
370 1353 457 1415 facile
482 1374 548 1417 sese
573 1375 593 1415 a
614 1355 832 1417 somniantibus
855 1354 1076 1417 abstractarum
1101 1354 1260 1414 scurrarum
1283 1349 1492 1431 captatoribus

137 1443 187 1524 qui
218 1443 375 1505 materiam
406 1446 483 1514 (rem
514 1464 602 1505 unam
631 1452 664 1506 et
687 1445 782 1507 solnm
813 1453 884 1523 post
907 1444 1021 1516 Deum)
1051 1442 1139 1504 nimis
1163 1460 1267 1503 secure
1297 1446 1492 1510 contemnunt,

142 1551 302 1612 eommqne
325 1533 504 1612 importunis
528 1533 724 1613 sophismatis
749 1534 899 1615 expediet.
946 1534 1048 1611 Atque
1072 1532 1146 1593 haec
1162 1530 1297 1592 Patricio
1322 1528 1491 1609 respondere

142 1623 233 1696 volui,
258 1628 420 1703 propterea
443 1623 521 1701 quod
545 1624 622 1685 Urso
647 1632 678 1684 et
698 1623 850 1685 Osiandro
874 1621 1044 1684 errantibus
1068 1621 1097 1681 iu
1114 1619 1291 1701 quibusdum
1307 1619 1489 1698 suffragatur.

141 1711 191 1774 Ad
215 1712 327 1775 Ursum
350 1712 451 1772 redeo.

228 1800 392 1863 Undecimo
415 1801 521 1874 Ursus,
547 1808 581 1861 ut
602 1800 723 1879 penitus
746 1808 921 1879 prosternat
945 1797 1160 1860 astronomiam
1184 1795 1279 1858 nostri
1305 1796 1411 1868 seculi,
1435 1796 1489 1856 lan·

138 1891 192 1952 dat
215 1890 379 1971 antiquam,
405 1910 486 1952 more
512 1890 699 1971 querulomm
724 1909 827 1951 senum
856 1898 910 1952 aut
937 1889 963 1949 si
988 1888 1066 1968 quod
1089 1887 1171 1949 aliud
1196 1895 1244 1948 est
1274 1905 1373 1965 genus
1405 1883 1489 1946 honi·

137 2000 207 2042 num
230 1980 490 2059 desperabnndum
515 1987 546 2040 et
571 1980 826 2042 melancholicnrn.
874 1978 935 2042 Sed
960 1986 992 2038 et
1011 1983 1188 2056 argumento
1208 1976 1304 2037 utitur
1328 1995 1368 2037 ex
1391 1973 1489 2053 optima

138 2077 266 2148 utputo
291 2070 406 2130 forma:
437 2070 613 2149 pleraeque,
646 2070 755 2149 iuquit,
787 2076 869 2130 artes
894 2069 964 2130 olim
988 2066 1185 2146 perfectiores
1209 2066 1308 2139 fuere,
1339 2063 1484 2135 medicina

22 2172 23 2177 ’
137 2160 260 2232 musica,
280 2158 424 2228 oratoria,
449 2158 550 2237 quidni
574 2166 606 2218 et
630 2158 834 2220 astronomia?
879 2159 925 2219 De
944 2155 1093 2217 medicina
1107 2154 1286 2217 Thessalica
1307 2161 1400 2216 sunto
1418 2170 1485 2221 saue,

52 2303 54 2307 .
137 2248 186 2327 qni
210 2247 338 2309 divinius
363 2247 475 2328 aliquid
499 2247 678 2326 concipiant,
705 2266 794 2327 quam
819 2266 856 2308 ex
879 2246 1007 2308 residuis
1031 2244 1229 2307 monumentis
1254 2250 1403 2323 apparet:
1431 2247 1487 2302 suut

137 2335 271 2399 vicissim
295 2355 354 2398 non
378 2336 501 2398 minoris
516 2336 643 2398 nominis
669 2345 817 2411 auctores,
842 2336 998 2398 Fernelius
1014 2342 1045 2396 et
1062 2334 1129 2407 alii,
1155 2333 1203 2414 qui
1226 2333 1296 2413 plus
1321 2340 1426 2394 nostro
1446 2347 1485 2390 se-

137 2426 203 2487 culo
233 2425 368 2487 tribuunt
404 2425 510 2504 majori
546 2425 815 2487 verisimilitudine.
870 2426 916 2488 De
944 2423 1061 2487 musica
1086 2422 1230 2502 judicium
1261 2422 1323 2484 lert
1345 2422 1441 2485 Ursus
1459 2437 1486 2478 eu

137 2523 261 2589 eventu,
295 2514 345 2594 qui
370 2533 427 2575 noo
452 2522 500 2576 est
527 2516 575 2577 vel
599 2515 627 2576 iu
652 2514 727 2577 artis
752 2515 799 2578 vel
823 2515 853 2576 in
878 2514 1002 2576 artificis
1025 2520 1191 2593 potestate.
1240 2509 1358 2584 Credo,
1392 2510 1486 2573 multos

136 2602 279 2666 admirari
302 2611 439 2666 veterum
467 2604 612 2666 musicam
640 2622 697 2665 non
727 2605 817 2665 aliam
842 2604 880 2665 oh
904 2622 1041 2677 causam,
1076 2621 1165 2682 quam
1190 2600 1260 2680 quia
1283 2600 1386 2681 qualis
1414 2596 1486 2661 fuerit

135 2693 286 2772 ignorant.
334 2692 451 2763 Quibus
481 2712 554 2773 ego,
587 2694 612 2755 si
635 2694 719 2756 Dens
742 2695 838 2756 vitam
871 2691 1059 2755 concesserit
1093 2710 1146 2752 nec
1178 2690 1272 2751 otium
1303 2689 1444 2763 defuerit,
1464 2687 1485 2747 iu

136 2782 370 2844 Harmonicis
403 2783 478 2844 meis
511 2784 738 2855 demonstrabo,
768 2791 880 2863 quanto
914 2781 1076 2843 intervallo
1104 2788 1191 2842 vetus
1220 2779 1338 2841 musica
1368 2786 1486 2839 nostran

136 2878 290 2951 sequatur.
338 2870 426 2942 Quod
451 2879 551 2933 autem
575 2872 714 2934 clamitat
727 2873 835 2946 Ursus,
861 2872 948 2932 hodie
972 2889 1030 2931 non
1056 2889 1123 2931 esse
1146 2877 1264 2930 tantum
1289 2868 1421 2929 musices
1442 2867 1485 2926 im·

136 2961 250 3041 perium
274 2961 302 3022 in
328 2961 455 3036 animos,
480 2961 510 3022 id
534 2960 664 3044 Scythes
688 2961 752 3034 ille,
779 2980 872 3041 aeque
898 2961 1055 3040 antiquus,
1090 2957 1204 3020 hinnitu
1229 2957 1299 3038 equi
1327 2957 1374 3019 sui
1398 2958 1484 3036 (quen

138 3050 269 3130 optimas
293 3050 463 3112 cantilenae
487 3051 639 3129 praeferre
655 3051 789 3120 solebat)
814 3049 901 3111 facile
917 3051 1039 3111 refutat.
1086 3047 1196 3110 Rarius
1217 3046 1419 3108 audiebantur
1432 3038 1485 3105 boni

140 3148 297 3211 cantores,
326 3157 401 3211 vox,
432 3150 465 3201 ut
491 3140 520 3200 in
545 3140 708 3200 comoediis
740 3149 771 3200 et
798 3139 964 3218 tragoediis
993 3138 1036 3200 sic
1065 3137 1093 3198 in
1123 3143 1213 3197 cautu
1244 3148 1484 3215 quorsumcunque

135 3228 356 3301 inflectebatur,
383 3228 484 3289 sensui
510 3228 667 3289 verborum
691 3229 863 3307 aptabatur,
889 3227 1015 3307 tempori
1032 3235 1064 3287 et
1090 3225 1228 3305 personis
1253 3233 1286 3287 et
1309 3225 1387 3298 loco,
1411 3220 1484 3282 verbu

138 3317 237 3386 clara,
271 3316 434 3377 articulata
463 3324 495 3378 et
518 3317 697 3391 vernacula;
730 3336 841 3397 magna
864 3317 965 3396 gentis
990 3314 1128 3377 Graecae
1158 3314 1322 3387 mollities,
1357 3325 1484 3394 personae

138 3423 254 3485 qnoque
269 3405 491 3487 cytharistriae,
514 3405 669 3486 psaltriae,
697 3407 817 3479 Lesbia,
846 3405 969 3484 Sappho
994 3405 1041 3465 vel
1066 3403 1198 3483 lapidem
1218 3402 1380 3465 moverint.
1418 3399 1484 3471 Qua

139 3495 240 3556 omnia
262 3504 294 3556 et
316 3494 343 3555 si
366 3495 435 3575 quid
460 3495 540 3557 aliud
565 3494 623 3557 fnit
647 3497 726 3575 apud
746 3503 867 3556 veteres
882 3495 1033 3566 decomm,
1058 3494 1146 3554 hodie
1162 3511 1278 3572 quoque
1298 3492 1412 3553 imitari
1428 3505 1483 3569 pos·

140 3603 260 3646 snmus:
296 3602 350 3645 nec
378 3603 527 3665 uunquam
556 3585 716 3646 imitamur.
763 3585 910 3647 Nostrum
938 3602 1009 3645 vero
1042 3582 1198 3645 artificium
1228 3581 1384 3643 veteribus
1415 3580 1482 3658 pluue

139 3673 198 3735 lnit
225 3673 417 3753 incognitum.
466 3671 527 3735 Sed
555 3674 643 3753 plura
671 3693 725 3735 suo
754 3674 829 3737 loco.
876 3674 922 3734 De
947 3673 1079 3735 oratoria
1107 3690 1164 3732 non
1194 3671 1373 3732 contendo·
1404 3668 1482 3731 caua

138 3771 240 3825 tamen
264 3782 376 3843 magna
399 3771 447 3824 est
470 3763 499 3824 in
523 3772 632 3825 natura
656 3770 687 3825 et
710 3764 842 3824 moribus
866 3763 976 3841 gentis,
1002 3780 1077 3842 quae
1092 3759 1272 3822 mollissima
1297 3760 1387 3823 facile
1411 3749 1481 3819 euius·

139 3852 269 3913 cedebat
292 3853 424 3927 affectui,
449 3852 562 3931 gloriae
587 3871 658 3914 vero
683 3852 886 3930 cupidissima,
912 3851 941 3912 id
966 3852 1030 3931 ejus
1051 3849 1263 3929 adipiscendae
1288 3869 1384 3911 causa
1406 3849 1480 3908 facem

141 3959 200 4001 non
224 3940 384 4016 dubitavit,
410 3941 487 4020 quod
511 3948 612 4002 tamen
638 3941 699 4002 illis
716 3941 876 4012 landabile,
901 3940 988 4001 hodie
1009 3940 1087 4018 apud
1103 3957 1205 3999 omues
1220 3948 1331 4016 gentes
1345 3940 1479 4000 detestan-

144 4028 214 4090 dum
239 4038 296 4097 est,
320 4038 354 4091 ut
377 4030 443 4109 quis
468 4029 606 4108 sibiipsi
631 4030 780 4091 violentas
806 4049 912 4091 manus
936 4031 1052 4090 afferat.
1100 4027 1146 4089 De
1162 4028 1349 4090 astronomia
1372 4043 1436 4087 vero
1446 4034 1479 4081 Μ

142 4116 186 4179 ita
209 4117 294 4179 clara
316 4126 372 4192 est,
399 4127 432 4180 ut
454 4118 525 4179 nihil
550 4138 651 4197 supra.
699 4120 832 4180 Veniant
857 4125 1004 4198 quotquot
1029 4127 1100 4180 snut
1115 4118 1144 4178 in
1159 4117 1282 4198 Europa
1300 4116 1390 4199 periti
1407 4123 1478 4176 rerum

144 4207 442 4269 mathematicorum:
467 4227 525 4268 non
549 4207 708 4269 habiturus
732 4208 773 4269 sit
797 4209 892 4271 Ursus
916 4208 965 4268 vel
989 4227 1091 4282 unum,
1126 4206 1175 4286 qni
1198 4208 1255 4269 hoc
1283 4208 1326 4270 illi
1351 4205 1478 4283 largiatur.

141 4295 353 4378 perfectiorem
381 4296 474 4358 luisse
500 4305 635 4358 retemm
659 4299 883 4359 astronomiam.
931 4298 1038 4376 Itaque
1068 4295 1171 4376 quanti
1196 4295 1238 4357 sit
1265 4282 1478 4365 faciendoruti

142 4383 209 4466 quis
231 4393 370 4465 praestet
394 4387 473 4466 quod
497 4385 649 4466 pollicitus
674 4394 723 4448 est
746 4387 853 4460 Ursus,
879 4404 920 4446 sc.
946 4386 1167 4448 restitutionem
1189 4386 1395 4448 astronomiae
1415 4385 1478 4440 velt

143 4475 199 4548 ris,
233 4473 443 4536 consideratus
474 4476 569 4537 lector
604 4483 738 4537 censeto.
786 4476 871 4537 Haec
898 4476 1062 4554 praecipua
1090 4475 1188 4548 fuere,
1221 4493 1299 4555 quae
1329 4475 1383 4537 lroc
1408 4468 1478 4552 prin⁰

143 4562 243 4642 capite
266 4563 303 4624 de
328 4571 436 4625 natura
459 4563 671 4646 hypothesium
695 4563 875 4626 dicerentur.

727 4808 917 4821 m·
