3262 5550
716 299 805 347 “tm
822 293 912 347 omn
1428 291 1494 361 247

129 449 299 513 astronomi
324 449 434 525 officia,
460 450 588 515 alterum
612 470 681 512 uere
706 455 948 528 astronomicum,
973 454 1157 537 hypotheses
1172 457 1390 523 astronomicas
1413 456 1493 518 tales

129 540 332 614 constituere,
368 560 407 602 ex
435 539 542 620 quibus
571 547 754 621 apparentes
787 551 884 604 motus
909 552 1086 623 sequantur,
1119 546 1246 609 alterurn
1270 544 1493 623 geometricum,

131 629 318 709 hypotheses
348 629 553 707 geometricas·
577 631 779 710 cujuscunque
810 634 922 694 formae
947 634 1065 706 (variae
1095 653 1223 713 namque
1247 654 1339 715 saepe
1363 635 1391 697 iu
1418 652 1494 713 geo-

129 718 241 779 metria
265 737 333 778 esse
358 719 500 798 possunt)
529 719 609 779 tales
638 720 834 794 constituere,
869 741 906 782 ex
936 721 1041 802 quibus
1070 722 1253 805 hypotheses
1278 725 1348 785 illae
1378 724 1493 803 priores

129 807 372 880 astronomicae,
400 808 429 868 h.
455 826 482 869 e.
503 807 566 870 veri
589 808 778 887 planetarum
801 818 916 884 motus,
950 830 1007 872 uon
1031 809 1196 875 adulterati
1219 812 1301 875 visus
1324 820 1492 875 commuta-

128 896 224 970 tione,
248 908 281 957 et
303 904 467 976 sequautur
489 903 522 957 et
544 896 739 961 calculentur.

223 984 281 1047 Hic
304 997 360 1047 me‘
376 987 462 1046 tenor
486 984 550 1066 ipse
575 987 720 1048 sermonis
744 987 801 1048 mei
826 988 946 1060 invitat,
970 995 1004 1049 ut
1027 986 1178 1053 Ostendes
1202 990 1410 1052 Patricium
1434 990 1493 1050 ad-

124 1075 257 1154 jungam
285 1075 370 1155 eique
400 1083 527 1137 conatus
550 1083 788 1139 astronomorum
816 1097 918 1138 omnes
947 1077 1110 1152 decidenti,
1143 1078 1326 1159 hypotheses
1352 1086 1493 1141 astrono-

129 1163 228 1225 micas
251 1183 356 1226 omues
379 1163 526 1243 rejicienti
549 1164 683 1227 nonnihil
706 1167 914 1245 respondeam.
1328 1162 1332 1166 ’

178 1300 182 1307 .
222 1252 391 1315 Succenset
419 1254 446 1315 is
475 1254 672 1323 astronomis,
706 1255 785 1334 quod
816 1263 961 1317 conentur
991 1275 1028 1315 ex
1058 1254 1148 1317 variis
1176 1254 1296 1319 circulis
1327 1263 1360 1316 et
1387 1254 1493 1319 solidis

128 1342 255 1404 orbibus
278 1342 467 1421 planetarum
489 1351 589 1404 motus
613 1352 793 1423 apparentes
817 1345 944 1415 efficere,
970 1363 1080 1425 eosque
1100 1343 1239 1419 circulos,
1263 1363 1316 1406 eas
1340 1345 1492 1426 hypothe-

128 1451 196 1506 ses,
226 1431 344 1493 cerebri
372 1431 419 1493 sui
446 1432 602 1511 figmenta,
631 1451 730 1494 rerum
758 1441 883 1495 naturae
911 1432 1068 1512 imputare.
1115 1433 1161 1495 De
1189 1433 1322 1514 planetis
1348 1433 1412 1513 ipse
1437 1433 1493 1495 hoc

128 1520 278 1594 affirmat,
313 1521 390 1583 inter
413 1519 489 1582 fixas
513 1521 580 1582 illos
605 1522 633 1583 in
658 1522 769 1602 liquido
793 1523 913 1585 aethere
938 1521 1091 1596 incedere,
1120 1524 1367 1603 quemadmodum
1391 1532 1422 1585 et
1445 1522 1492 1586 vi-

128 1611 276 1684 deantur,
305 1608 417 1672 liberos
441 1611 479 1672 eb
505 1610 619 1672 orbium
643 1610 806 1674 solidorum
833 1610 1042 1691 compedibus,
1075 1612 1123 1691 qui
1153 1612 1226 1674 nulli
1254 1612 1330 1687 sint,
1365 1631 1494 1691 vereque

128 1698 302 1779 hujusmodi
334 1698 463 1778 spitales
487 1708 518 1760 et
541 1701 623 1760 varie
654 1719 769 1761 rursum
793 1719 985 1780 prensumque
1014 1709 1168 1762 contortas
1200 1701 1310 1774 lineas,
1343 1719 1492 1780 nunquam

128 1788 188 1851 sibi
214 1788 290 1869 ipsis
313 1806 367 1867 per
390 1787 491 1851 omnia
513 1789 642 1864 similes,
667 1807 761 1869 eaque
785 1798 883 1852 motus
908 1789 1142 1870 inaequalitate,
1163 1790 1253 1871 plane
1278 1798 1310 1851 ut
1333 1789 1362 1852 in
1387 1789 1489 1852 oculos

130 1886 256 1940 nostros
279 1877 441 1952 incurrunt,
466 1877 647 1940 describere.
694 1879 759 1941 Nec
783 1880 885 1942 mirari
909 1897 964 1940 nos
987 1878 1096 1942 debere
1111 1879 1291 1941 varietatem
1315 1879 1402 1953 hauc,
1427 1897 1492 1941 cum

130 1967 276 2044 planetae
303 1984 410 2029 revera
434 1966 495 2028 sint
525 1966 668 2030 animalia
698 1967 823 2030 rationis
847 1967 986 2047 capacia,
1015 1968 1230 2046 comprobante
1255 1968 1284 2029 id
1309 1966 1492 2029 auctoritate

128 2054 342 2135 philosophiae
358 2055 545 2131 barbaricae,
571 2064 602 2118 et
616 2053 851 2135 omnipotentiae
867 2057 984 2118 divinae
1000 2075 1058 2118 uon
1084 2057 1173 2119 fuerit
1186 2057 1382 2137 impossibile,
1407 2062 1495 2119 tanta

128 2145 285 2224 sapientia
307 2155 464 2207 creaturas
487 2145 631 2219 condere,
656 2154 691 2207 ut
712 2146 877 2226 imperatos
900 2147 955 2207 hos
979 2155 1077 2207 motus
1102 2148 1139 2207 ad
1164 2146 1252 2207 finem
1276 2164 1368 2225 usque
1393 2144 1493 2207 mundi

128 2244 345 2313 exsequantur.

220 2323 353 2386 Primum
381 2323 438 2384 hoc
466 2321 511 2384 illi
541 2322 629 2387 facile
649 2342 840 2398 concessero,
876 2322 988 2385 solidos
1012 2323 1100 2386 orbas
1124 2322 1222 2385 nullos
1252 2342 1330 2385 esse.
1378 2323 1411 2383 ln
1436 2341 1493 2400 quo

129 2423 161 2475 et
186 2413 340 2493 Tychonis
364 2410 531 2474 rationibus
557 2411 645 2486 facile
669 2413 824 2477 subscribo
854 2421 884 2474 et
907 2414 1044 2492 privatas
1067 2413 1160 2475 etiam
1189 2412 1295 2475 habeo.
1342 2411 1493 2474 Patricius

127 2521 202 2563 vero
217 2501 353 2584 Tychoni
376 2500 499 2562 ridicule
526 2499 599 2563 facit
623 2501 770 2582 injuriam,
795 2521 881 2582 quem
906 2501 949 2563 ait
973 2500 1154 2564 fascinatum
1177 2500 1314 2580 opinione
1329 2500 1493 2563 solidorum

130 2591 250 2654 orbium
284 2609 393 2653 novam
416 2590 595 2653 confinxisse
620 2591 720 2653 mundi
747 2593 871 2654 formam
880 2610 889 2666 ;
921 2611 1009 2671 quam
1036 2590 1206 2670 opinionem
1230 2590 1332 2671 Tycho
1357 2589 1494 2652 omnibus

130 2680 256 2758 scriptis
282 2688 315 2741 et
343 2680 412 2759 ipsa
434 2678 637 2760 hypotheseos
660 2699 733 2742 suae
756 2680 929 2743 conditione
958 2681 1125 2760 impugnat.
1170 2679 1276 2760 Neque
1299 2697 1395 2758 nego,
1423 2678 1493 2758 pla·

130 2779 270 2831 netarum
298 2768 439 2831 circuitus
466 2770 583 2830 ratione
613 2788 730 2831 summa
759 2769 971 2843 administrari.
1020 2767 1081 2831 Sed
1110 2778 1142 2830 et
1171 2769 1226 2830 hoc
1250 2768 1343 2843 dabo,
1378 2766 1403 2830 si
1427 2767 1493 2829 Deo

128 2858 280 2919 conditori
303 2858 483 2937 placuisset,
514 2866 546 2919 ut
568 2858 710 2936 planetae
734 2859 863 2939 spirales
888 2858 1054 2938 hujusmodi
1078 2868 1109 2918 et
1133 2856 1314 2935 irregulares
1338 2856 1491 2930 circuitus,

129 2947 238 3027 quales
264 2947 479 3026 aspicientibus
504 2946 590 3008 uobis
614 2957 772 3027 apparent,
792 2948 980 3022 conficerent,
1006 2947 1037 3009 id
1057 2947 1101 3008 illi
1117 2947 1225 3008 effectu
1248 2945 1337 3007 facile
1362 2944 1493 3006 futurum

129 3036 237 3098 luisse.
288 3036 400 3098 Verum
424 3035 453 3097 iu
476 3035 533 3096 hoc
553 3036 619 3114 jam
643 3036 744 3098 differt
757 3034 907 3099 Patricius
932 3037 971 3098 ab
986 3036 1168 3098 astronomis
1185 3054 1253 3096 vere
1272 3034 1491 3115 philosophan-

129 3126 226 3198 tibus,
262 3144 330 3187 cum
353 3124 520 3204 quaeritur:
555 3125 698 3204 quidnam
720 3127 820 3204 potius
846 3126 910 3187 Deo
933 3124 1094 3205 placuerit,
1125 3145 1162 3185 an
1187 3133 1220 3185 ut
1242 3124 1383 3203 planetae
1407 3142 1492 3185 com-

128 3213 250 3294 positos
274 3213 443 3294 hujusmodi
471 3224 674 3293 perpetuoque
699 3236 717 3274 a
741 3236 773 3276 se
805 3214 877 3294 ipsis
902 3215 1037 3277 diversos
1066 3223 1098 3275 et
1126 3213 1306 3293 irregulares
1336 3213 1493 3274 anfractus

127 3302 330 3384 pervolitant,
364 3322 441 3364 anne
472 3310 505 3363 ut
534 3303 708 3365 uniformem
732 3313 764 3365 et
788 3324 876 3383 quam
901 3305 963 3366 lieri
987 3311 1089 3384 potest
1113 3301 1366 3382 regularissimum
1393 3301 1491 3362 circu-

128 3395 189 3456 lum
213 3392 396 3465 describant,
421 3392 511 3470 plane
535 3392 686 3454 diversum
710 3392 747 3454 ab
773 3414 810 3453 ea
833 3402 931 3455 motus
956 3392 1073 3455 confusi
1098 3391 1208 3466 forma,
1234 3410 1310 3471 quae
1334 3391 1363 3452 in
1389 3389 1492 3452 oculos

127 3490 254 3545 nostros
277 3481 415 3554 incurrit;
447 3500 556 3543 causae
580 3501 651 3543 vero
680 3482 798 3562 possint
820 3482 960 3556 inveniri,
994 3482 1101 3562 quibus
1128 3480 1211 3542 visus
1243 3488 1345 3541 noster
1368 3478 1492 3540 delusus

128 3573 221 3634 aliter
255 3571 322 3632 illos
354 3571 509 3648 regulares
538 3582 637 3632 motus
664 3571 833 3647 intueatur,
867 3591 956 3651 quam
984 3590 1090 3632 revera
1117 3569 1286 3648 comparati
1313 3567 1385 3628 sint.
1433 3567 1490 3628 Hic

127 3681 217 3723 nemo
243 3669 292 3721 est
315 3678 331 3721 e
354 3657 453 3721 sobrie
476 3659 768 3738 philosophantibus,
795 3661 844 3741 qui
868 3679 926 3723 non
950 3660 1005 3721 hoc
1029 3659 1173 3731 affirmet,
1198 3657 1273 3719 illud
1296 3655 1415 3717 omniuo
1441 3674 1492 3716 re·

124 3750 218 3831 jiciat
242 3750 357 3829 sibique
381 3747 468 3811 simul
491 3750 673 3811 astronomis
697 3749 898 3830 maximopere
922 3749 1100 3826 gratuletur,
1126 3746 1152 3807 si
1171 3763 1281 3807 causas
1306 3742 1493 3822 deceptionis

128 3839 308 3911 invenerint,
334 3858 352 3899 a
376 3837 456 3899 veris
479 3838 668 3915 planetarum
692 3838 821 3899 motibus
847 3837 1066 3899 accidentarios
1096 3844 1127 3897 et
1150 3853 1188 3895 ex
1210 3833 1374 3914 phantasia
1397 3832 1492 3893 visio·

129 3930 178 3991 nis
201 3936 288 3990 ortos
310 3927 487 4006 sejunxerit,
511 3936 543 3989 et
565 3926 739 3989 circuitibus
763 3927 989 4006 simplicitatem
1008 3935 1098 4006 atque
1114 3924 1284 3987 ordinatam
1308 3920 1491 4000 regularita-

129 4031 193 4081 tem
217 4015 393 4079 assemerit.
441 4017 589 4078 Patricius
614 4035 683 4078 vero
708 4017 753 4077 ita
776 4016 1018 4096 philosophatur,
1049 4021 1094 4088 ut,
1121 4013 1170 4094 qui
1195 4013 1276 4075 illum
1300 4011 1398 4086 audit,
1432 4029 1492 4072 non

128 4109 239 4188 pedem
261 4123 381 4167 movere
400 4105 512 4183 possit,
543 4106 611 4186 quin
636 4106 810 4167 miraculum
833 4105 1006 4183 contingere
1031 4105 1173 4166 fateatur.
1221 4100 1380 4181 Spatiatus
1410 4098 1490 4162 euim

129 4216 185 4277 per
207 4212 342 4274 campos,
368 4193 417 4254 ubi
440 4213 530 4274 sepes
554 4205 585 4257 et
607 4193 773 4274 propinqua
796 4196 863 4257 viae
887 4194 945 4256 sibi
969 4211 1134 4266 occurrere,
1160 4199 1292 4253 remotos
1308 4207 1379 4253 vero
1402 4207 1491 4252 mon-

128 4297 236 4349 tasse
268 4282 406 4345 comitari
438 4283 504 4344 visu
532 4284 633 4362 judice
662 4284 829 4363 putaverit:
862 4303 919 4345 nun
944 4290 1046 4346 utetur
1065 4281 1177 4362 judicio
1202 4278 1345 4353 rationis,
1375 4278 1431 4340 sed
1455 4297 1491 4338 ne

130 4393 255 4439 sensum
279 4371 398 4455 quidem
420 4392 607 4436 communem
631 4375 784 4435 consulet:
814 4374 884 4454 quin
912 4371 1012 4451 potius
1036 4369 1113 4433 visui
1146 4369 1264 4439 credet,
1292 4376 1410 4429 montes
1433 4386 1493 4427 non

129 4464 232 4533 minua
259 4481 296 4525 eo
319 4480 352 4522 se
381 4462 478 4542 ipsum
507 4464 645 4542 progredi
674 4463 774 4525 dicet:
805 4463 939 4541 adeoque
971 4460 996 4522 si
1019 4479 1107 4523 curru
1138 4477 1263 4522 aversus
1286 4458 1493 4536 Argentorato

129 4562 187 4617 aut
209 4552 332 4614 Vienna
356 4552 541 4630 egrediatur,
574 4551 682 4613 Jovem
707 4553 837 4631 lapidem
860 4549 991 4629 jurabit,
1025 4547 1165 4618 turrium,
1196 4565 1272 4629 quae
1301 4545 1348 4606 his
1372 4543 1494 4604 urbibus

129 4641 290 4724 praealtae
315 4649 395 4713 sunt,
419 4642 521 4702 minas
547 4640 574 4702 in
599 4661 631 4701 se
656 4660 789 4720 vergere.
837 4638 919 4701 Olim
939 4638 1059 4718 quidam
1083 4655 1214 4698 meorum
1238 4632 1495 4696 contubernalium

128 4750 187 4814 per
209 4729 362 4793 fenestrae
383 4728 491 4792 vitmm
514 4738 674 4810 pascentes
699 4730 728 4790 iu
751 4729 922 4791 suburbano
944 4735 1033 4807 prato
1056 4727 1150 4788 boves
1164 4723 1383 4806 prospiciebat;
1407 4741 1492 4783 cum·

131 4838 191 4905 que
220 4837 276 4901 pro
299 4819 435 4881 fenestra
460 4819 608 4900 penderet
631 4813 778 4894 arandus,
812 4836 879 4880 eum
903 4817 952 4880 ille
976 4835 1042 4879 cum
1070 4815 1164 4877 bobus
1193 4821 1318 4894 aspectu
1346 4812 1494 4874 directore
