3278 5542
693 332 781 374 macra
800 314 895 376 naim
1404 328 1469 394 27³

118 478 165 541 red
188 487 313 560 propter
335 479 531 560 evagationes
555 482 685 545 Veneris
709 490 741 545 et
762 484 904 547 Mercurii
933 485 1024 546 dividi
1053 485 1084 547 in
1113 493 1185 547 tres.
1233 486 1268 548 ld
1297 495 1398 549 antem
1425 490 1468 565 fir,

118 569 135 630 ri
158 566 217 631 Sol
244 576 349 631 teneat
376 569 590 641 ecceutricum‚
625 571 730 633 Venus
763 583 796 634 et
819 574 985 635 Mercurius
1016 572 1150 654 singulos
1180 575 1210 635 in
1240 594 1276 636 eo
1308 577 1468 659 epicyclos.

118 656 230 720 beinde
252 659 321 720 vide
345 658 417 720 mihi
440 659 598 721 Platonem
622 661 709 743 quasi
732 681 769 723 ex
789 662 934 724 Martiani
958 663 1111 725 schemate
1135 672 1340 725 recensentem
1365 666 1468 728 ordine

118 744 232 821 dolens,
265 747 459 823 Mercurium,
494 748 658 812 Venerem:
696 770 753 812 uon
787 759 893 814 contra
917 750 1033 825 Solem,
1066 751 1228 821 Venerem,
1266 754 1468 830 Mercurium;

118 836 280 898 Mercurios
307 837 386 898 eninr
418 837 474 898 hac
503 838 618 900 ratione
645 839 766 919 propior
793 841 827 902 fit
850 839 916 903 Soli
940 860 1029 920 quam
1053 840 1168 902 Venus.
1216 841 1319 903 Tertio
1344 842 1467 922 phrasin

118 925 254 1006 oquendi
276 926 570 1006 ,‚oomprehendere“
600 946 654 1008 pro
684 930 862 993 antecedere
889 929 1010 991 videtur
1033 930 1122 991 Plato
1148 927 1292 1009 Capellae
1322 932 1466 1011 suppedi-

118 1033 206 1077 asse.
255 1012 373 1086 Quarto
397 1024 428 1077 et
441 1015 557 1078 Plinius
581 1036 665 1078 suam
689 1036 792 1080 vocem
816 1038 999 1094 „conversas
1023 1018 1170 1097 apsidas“
1193 1037 1230 1079 ex
1243 1020 1381 1081 Platonis
1396 1040 1468 1083 voce

120 1103 317 1179 ‚contrariam
348 1103 431 1166 vim“
459 1105 620 1167 deduxisse
650 1106 778 1168 videtur.
828 1108 932 1188 ltaque
962 1107 1019 1169 duo
1048 1108 1091 1181 hi,
1125 1106 1241 1168 Plinius
1272 1116 1304 1169 et
1332 1107 1468 1189 Capella,

118 1194 271 1257 Platonem
291 1193 401 1256 imitati
423 1193 517 1256 videri
542 1203 671 1274 possunt
692 1215 835 1276 suamque
855 1216 892 1259 ex
916 1197 972 1258 hoc
996 1196 1135 1258 hausisse
1159 1197 1351 1259 sententiam.
1390 1197 1468 1261 Om-

118 1284 192 1346 rium
216 1301 287 1345 vero
315 1282 561 1345 manifestissime
586 1285 772 1359 Macrobius,
803 1285 852 1365 qni
876 1285 955 1347 inter
987 1295 1141 1366 utrumque
1169 1285 1245 1346 vixit
1274 1286 1377 1366 quinto
1400 1296 1471 1367 post

118 1370 269 1436 Christum
297 1373 414 1445 seculo;
446 1371 474 1434 is
497 1374 577 1434 enim
616 1393 648 1435 se
681 1374 875 1437 manifestum
903 1375 1040 1436 Platonis
1073 1375 1270 1452 interpretem
1301 1376 1467 1454 profitetur.

118 1459 307 1537 ,Ciceroni“,
337 1460 432 1542 inquit
456 1460 641 1534 (Comment.
667 1462 695 1523 in
712 1462 868 1525 Somnium
880 1463 1034 1543 Scipionis
1049 1463 1072 1537 l,
1102 1459 1168 1536 19),
1194 1463 1415 1537 „Archimedes
1438 1474 1470 1528 et

118 1549 340 1615 Chaldaeorum
362 1549 440 1612 ratio
473 1550 639 1627 consentit,
672 1552 761 1613 Plato
785 1552 956 1633 Aegyptios
989 1552 1118 1614 omnium
1141 1552 1350 1631 philosophiae
1375 1554 1469 1615 disci-

118 1639 263 1720 plinarum
292 1647 436 1720 parentes
464 1648 586 1703 secutus
609 1647 670 1715 est,
706 1642 756 1720 qui
782 1641 828 1703 ita
851 1641 954 1703 Solem
982 1641 1060 1703 iuter
1088 1641 1207 1703 Lunam
1235 1648 1266 1701 et
1288 1642 1469 1705 Mercurium

118 1731 248 1792 locatum
271 1728 385 1803 volunt,
411 1741 444 1790 ut
467 1729 615 1791 rationem
638 1738 739 1791 tamen
764 1730 1016 1810 deprehenderint
1039 1737 1071 1790 et
1094 1729 1253 1798 edixerint,
1278 1749 1330 1792 cur
1349 1751 1368 1792 a
1391 1751 1468 1793 non-

118 1818 206 1881 nullis
235 1816 289 1880 Sol
318 1835 409 1896 supra
432 1818 612 1880 Mercurium
642 1837 790 1898 supraque
820 1820 971 1881 Venerem
995 1837 1062 1880 esse
1095 1818 1243 1880 credatur.
1299 1818 1381 1882 Nam
1413 1840 1469 1882 nec

118 1907 171 1983 lli,
207 1907 326 1986 quiite
349 1906 538 1981 existimant,
573 1928 592 1967 a
615 1909 715 1986 specie
739 1908 802 1969 veri
831 1908 934 1988 procul
967 1907 1143 1975 aberrant.“
1188 1907 1256 1969 Uno
1287 1907 1379 1969 verbo
1413 1908 1468 1970 hoc

118 1996 191 2060 dicit
205 1994 390 2069 Macrobius,
415 2003 573 2076 utrumqne
598 1997 816 2076 quodammodo
840 2017 943 2059 verum
966 2016 1045 2067 esse,
1068 2003 1100 2057 et
1124 1997 1202 2075 quod
1216 1994 1271 2057 Sol
1295 2014 1386 2077 supra
1401 1997 1467 2059 Ve-

118 2104 217 2149 nerem
241 2093 274 2146 et
295 2084 478 2147 Mercurium
501 2086 555 2158 sit,
587 2093 618 2146 et
641 2087 719 2166 quod
744 2086 831 2149 infra.
877 2085 1036 2166 Sequitur:
1060 2083 1260 2164 „Opinionem
1284 2103 1354 2146 vero
1379 2086 1467 2148 istius

118 2173 345 2255 permutationis
372 2174 542 2253 hujusmodi
571 2174 649 2236 ratio
672 2175 859 2255 persuasit.“
903 2174 1139 2237 Permutationis
1168 2192 1241 2234 voce
1269 2174 1388 2235 videtur
1415 2175 1469 2236 illa

118 2263 255 2327 Platonis
278 2261 371 2324 verba
393 2263 612 2344 perstringere:
638 2264 916 2344 „comprehendunt
930 2284 962 2326 se
979 2272 1081 2325 mutuo
1096 2270 1128 2324 et
1142 2262 1467 2342 comprehenduntur.“

118 2350 213 2427 Quod,
239 2352 346 2433 inquit,
361 2351 452 2414 Plato
472 2352 614 2431 opinatus
629 2360 685 2427 est,
715 2354 807 2415 situm
822 2352 926 2415 horum
950 2353 1073 2414 duorum
1097 2370 1234 2414 erronum
1259 2361 1290 2414 et
1312 2350 1394 2414 Solis
1418 2352 1466 2413 in·
1499 2396 1502 2401 -

118 2442 234 2506 tardum
258 2460 326 2503 cum
349 2441 499 2503 contrario
522 2441 696 2521 permutari,
721 2461 814 2503 causa
837 2443 912 2504 haec
937 2443 1007 2504 fuit:
1033 2463 1074 2516 „a
1088 2439 1212 2503 Saturni
1226 2441 1364 2520 sphaera,
1390 2459 1466 2522 quae

118 2540 163 2594 est
184 2531 285 2611 prima
308 2530 345 2592 de
366 2538 491 2610 septem,
516 2549 609 2611 nsque
634 2528 672 2592 ad
697 2532 856 2610 sphaeram
878 2530 966 2592 Jovis
990 2522 1149 2592 asumma
1176 2529 1338 2591 secundam
1370 2529 1466 2591 inter-

118 2622 187 2695 iecti
216 2619 310 2700 spatii
339 2627 428 2681 tauta
451 2628 499 2682 est
531 2620 692 2692 distantia,
735 2630 768 2681 ut
795 2620 911 2682 zodiaci
940 2619 1084 2682 ambitum
1128 2619 1263 2696 superior
1295 2615 1338 2680 30
1370 2619 1467 2688 annis,

118 2707 156 2773 12
181 2728 254 2770 vero
283 2710 371 2770 annis
400 2707 538 2788 subjecta
566 2709 713 2770 conficiat.
761 2709 877 2771 Rursus
907 2717 1026 2771 tanturn
1050 2729 1068 2768 a
1096 2707 1173 2770 Jove
1204 2707 1335 2786 sphaera
1356 2707 1468 2771 Martis

118 2799 245 2875 recedit,
279 2806 312 2859 nt
342 2799 468 2859 eundem
492 2816 610 2859 cursum
642 2797 761 2859 biennio
789 2797 950 2877 peragat.“
996 2798 1053 2859 His
1082 2806 1114 2858 et
1144 2797 1337 2876 sequentibus
1366 2797 1467 2859 verbis

118 2887 210 2950 habes
233 2887 512 2966 interpretationem
537 2887 616 2966 ejus,
641 2888 719 2967 qnod
742 2888 832 2949 Plato
863 2888 949 2957 dicit,
983 2886 1142 2966 „posuisse
1165 2885 1263 2946 Deum
1287 2904 1413 2964 corpora
1435 2885 1465 2947 in

118 2977 246 3040 ambitus
271 2995 336 3050 eos,
367 2995 441 3056 quos
464 2976 607 3056 cujusque
630 2976 804 3055 periodus“,
828 2984 901 3037 nota
925 2996 968 3036 sc.
993 2975 1138 3053 temporis
1166 2975 1345 3036 restitutorii
1369 2993 1466 3054 quan·

119 3066 200 3139 titas,
226 3065 389 3149 desideret.
435 3065 541 3145 Pergit
554 3065 746 3126 Macrobius:
771 3066 899 3140 „Venus
923 3072 1025 3127 autem
1047 3072 1097 3124 est
1119 3073 1205 3125 tanto
1220 3063 1341 3142 regione
1356 3063 1466 3125 Martis
1551 3054 1558 3065 ⁸

123 3153 247 3230 interior,
273 3161 306 3216 ut
329 3154 357 3216 ei
380 3174 476 3216 annus
500 3154 576 3216 satis
600 3154 641 3214 sit
664 3154 701 3229 ad
725 3154 879 3215 zodiacum
901 3154 1130 3234 peragrandum.
1176 3152 1247 3213 Jam
1266 3171 1337 3213 vero
1352 3151 1466 3214 Veneri

126 3239 162 3305 ita
175 3243 315 3325 proxima
328 3251 378 3305 est
391 3243 482 3305 stella
495 3243 636 3305 Mercurii
651 3252 682 3305 et
700 3244 849 3305 Mercurio
865 3242 918 3304 Sol
931 3243 1122 3324 propinquus,
1148 3249 1182 3303 ut
1201 3241 1230 3302 hi
1245 3249 1308 3304 tres
1327 3243 1466 3304 coelum

128 3348 213 3397 sunm
238 3333 370 3406 (coelum
392 3332 423 3394 in
446 3332 591 3411 singulari
615 3332 702 3406 dicit)
725 3333 792 3412 pari
817 3335 960 3411 temporis
984 3333 1091 3412 spatio,
1116 3331 1136 3394 i.
1153 3351 1179 3393 e.
1203 3350 1291 3400 anno,
1315 3331 1382 3409 plus
1406 3330 1464 3391 mi-

128 3435 224 3498 nusve,
248 3421 443 3485 circumeant.
491 3422 563 3482 Ideo
588 3429 620 3482 et
644 3420 751 3484 Cicero
776 3423 830 3483 hos
854 3423 928 3483 duos
953 3441 1057 3484 cursus
1080 3421 1206 3482 comites
1229 3419 1311 3482 Solis
1335 3419 1465 3495 vocavit,

124 3511 186 3584 poia
206 3513 238 3575 in
261 3512 328 3593 pari
351 3511 450 3592 spatio
475 3511 563 3590 longe
586 3532 605 3572 a
628 3531 660 3572 se
685 3530 835 3591 nunquam
863 3511 1037 3573 recedunt.“
1083 3510 1197 3571 Iterum
1224 3508 1403 3587 particulam
1427 3508 1464 3570 de

118 3598 202 3664 catu
225 3600 364 3664 Platonis
387 3601 601 3681 supraposito
626 3600 779 3680 explicuit.
826 3599 984 3679 Sequitur:
1016 3598 1126 3672 „Luna
1155 3606 1258 3658 autem
1286 3605 1404 3658 tantum
1428 3597 1465 3658 ab

118 3676 160 3747 lis
191 3691 331 3754 deorsum
359 3690 501 3763 recessit,
534 3696 576 3764 ut,
611 3691 689 3770 quod
718 3689 748 3751 hi
777 3708 864 3763 anno,
894 3685 936 3750 28
969 3688 1073 3748 diebus
1101 3686 1169 3765 ipsa
1197 3686 1342 3748 conficiat.
1392 3686 1465 3746 Ideo

118 3785 209 3861 'eque
232 3781 271 3842 de
295 3778 385 3842 trium
407 3778 593 3859 superiorum
617 3779 735 3852 ordine,
767 3797 856 3857 quem
878 3777 1038 3839 manifeste
1063 3777 1200 3855 clareque
1226 3774 1384 3853 distinguit
1406 3775 1464 3835 irn-

118 3874 218 3931 ²0nsa
241 3868 396 3944 distantia,
421 3886 516 3948 neque
540 3868 577 3929 de
600 3868 706 3929 Lunae
730 3867 866 3946 regione,
891 3885 967 3946 quae
992 3865 1030 3926 ab
1054 3864 1189 3926 omuibus
1213 3864 1339 3925 multum
1361 3883 1465 3925 reces-

118 3943 163 4029 lt,
190 3959 269 4020 inber
291 3966 411 4020 veteres
435 3958 536 4037 aliqua
560 3957 618 4018 luit
640 3956 799 4018 dissensio.
845 3956 959 4016 Horum
982 3973 1053 4015 vero
1073 3953 1163 4015 trium
1186 3953 1242 4014 sibi
1266 3952 1467 4034 proximorum

118 4032 255 4123 'oneris
278 4046 422 4110 Mercurii
446 4054 478 4108 et
496 4044 578 4108 Solis
602 4047 735 4108 ordinem
760 4044 869 4106 vicinia
893 4044 1056 4117 contundit,
1081 4042 1136 4104 sed
1159 4043 1240 4121 apnd
1262 4042 1348 4104 alios.
1386 4036 1466 4103 Nam

118 4136 334 4218 kegyptiorum
359 4135 514 4198 solertiam
536 4136 615 4198 ratio
639 4155 697 4197 non
722 4134 813 4213 fugit,
838 4153 914 4214 quae
937 4133 1009 4195 talis
1033 4131 1113 4194 est.“
1159 4131 1193 4193 Si
1217 4150 1306 4212 quem
1329 4129 1466 4193 obscuri-

118 4228 177 4312 μ,
201 4245 279 4307 quae
303 4226 332 4288 iu
356 4226 412 4288 boc
436 4244 552 4306 quoque
576 4233 698 4287 auctore
723 4223 866 4286 nonnulla
889 4229 950 4298 est,
982 4222 1012 4283 in
1037 4219 1255 4283 dubitationem
1277 4220 1402 4283 adducit
1428 4218 1465 4281 dc

118 4315 179 4376 tus
206 4315 373 4388 sententia,
403 4313 430 4376 is
454 4314 529 4376 haec
553 4314 620 4393 jam
647 4313 748 4394 posita
777 4313 870 4374 verba
898 4311 989 4391 probe
1021 4310 1176 4390 ponderet.
1232 4309 1284 4372 Sic
1312 4310 1391 4371 enim
1419 4317 1468 4369 est

118 4403 326 4496 ptelligendus
349 4422 479 4484 sequeus
502 4412 620 4477 textus,
648 4411 681 4465 ut
704 4404 772 4464 inde
798 4401 875 4464 ratio
899 4407 1007 4480 pateat
1029 4399 1142 4462 ordinis
1166 4418 1224 4460 uon
1249 4406 1366 4460 tantum
1389 4397 1468 4458 iuter

118 4488 216 4573 *Olem
244 4503 277 4555 et
300 4495 376 4556 duos
398 4492 464 4573 ejus
489 4492 631 4564 comites,
661 4492 832 4553 sedetiam
860 4491 939 4552 inter
961 4490 1044 4568 ipsos
1067 4488 1132 4549 hos.
1179 4489 1285 4567 ltaque
1315 4487 1466 4565 iuterpre-

118 4581 229 4645 tuone
254 4584 341 4645 unius
365 4582 448 4644 verbi
471 4582 501 4644 in
525 4582 720 4662 sequentibus
744 4599 819 4660 opus
842 4588 900 4641 est.
947 4576 1106 4654 „Circulos
1135 4594 1299 4656 perquem
1322 4574 1377 4637 Sol
1400 4573 1466 4635 dis-

118 4670 228 4735 illrrit“
252 4670 403 4751 (intellige
428 4671 593 4755 epinyclum
616 4670 649 4731 in'
670 4667 874 4741 concentrico,
903 4686 961 4746 quo
985 4666 1244 4728 eccentricitatem
1268 4664 1390 4725 salvare
1413 4682 1466 4725 so-

118 4741 225 4846 leclum
249 4761 277 4824 si
299 4779 388 4822 secus
416 4760 538 4835 feceris,
568 4759 716 4821 Macrobii
745 4756 837 4819 verba
860 4757 896 4833 ,in
924 4754 1113 4818 concordiam
1140 4774 1198 4816 non
1228 4753 1361 4834 rediges)
1385 4752 1467 4827 „hic,

119 4852 242 4932 1¹tortam,
267 4849 443 4914 aMercurii
464 4850 575 4914 circulo
598 4855 633 4912 nt
650 4847 772 4912 inferior
796 4845 913 4922 (malim
927 4845 1067 4919 interior)
1083 4844 1231 4916 ambitur,
1251 4841 1337 4905 illum
1351 4859 1467 4924 quoque

178 4955 383 5007 :amoma
898 4970 900 4974 .
959 5008 962 5015 ¹
1222 4945 1257 4999 18
