3262 5550
142 310 209 376 220
742 309 905 361 uouemus.

140 471 222 521 lerrct
260 473 295 519 At
312 484 387 535 quam
405 476 578 534 competenter
597 471 674 520 etiam
692 470 811 520 ulteriora
829 483 947 524 excmas.
966 469 1031 532 quod
1048 468 1281 520 mathematicorum
1299 480 1352 516 nors
1371 465 1405 515 sit
1421 479 1503 532 garro-

139 542 211 602 litas,
236 544 333 601 nescio,
360 556 393 592 an
418 541 470 591 tale
493 541 551 605 quid
570 547 630 590 tunc
649 542 715 605 apud
733 548 759 590 te
778 542 855 591 tacite
874 541 994 596 senseris,
1017 542 1091 607 genio
1110 541 1145 591 sic
1164 543 1327 605 suggerente.
1364 536 1503 595 Praetmea

139 613 205 678 quod
223 628 307 662 omnes
326 612 392 662 docti
409 613 494 678 magni
513 613 594 675 ipsum
614 613 717 669 iaciant,
738 628 794 662 euru
813 618 998 676 praeceptorem
1015 611 1135 674 appellas,
1154 608 1303 674 hypotheses
1320 621 1395 658 meas
1412 606 1447 656 illi
1462 609 1503 656 tri·

138 684 207 741 buis,
233 690 259 732 et
281 682 383 732 tandem
402 683 542 739 concludis,
566 689 594 734 ut
616 683 735 732 sideribus
761 680 875 746 (quorum
894 683 1061 746 permodicam
1082 682 1160 732 babet
1176 676 1305 741 notitiem)
1330 685 1359 730 et
1377 679 1502 738 scientiae,

139 753 428 818 quamsibihinoinde
448 750 480 814 (si
500 750 618 818 quaest)
644 755 752 804 corrodit
777 759 803 803 et
821 754 969 810 suffuratur,
996 760 1116 816 tanquam
1140 753 1217 802 decus
1236 751 1393 801 Germaniae
1410 749 1503 798 rssest:
1526 794 1534 815 ,

138 825 202 874 talia
229 825 260 874 de
288 826 373 889 ignoto
397 825 579 875 inconsiderate
602 826 728 887 scripsisse
751 825 853 874 rideris:
881 839 946 889 quse
972 838 1018 888 ego
1042 824 1140 888 quidem
1162 824 1309 873 nullatenus
1333 836 1431 871 moror:
1457 821 1502 869 imo

138 896 251 953 mallem,
275 910 334 946 vera
352 910 422 952 esse,
449 895 486 945 rel
506 896 611 960 aliquem
631 896 780 959 ejuscemodi
799 897 865 953 dari,
894 897 933 945 cui
952 901 1026 945 tanta
1043 896 1069 944 in
1088 895 1259 944 aetrommicis
1278 899 1305 943 et
1322 891 1503 942 medensem

138 973 307 1030 competerent
326 967 422 1031 elogia3
448 982 493 1031 ego
512 982 561 1016 non
580 968 679 1016 ultimus
699 982 792 1024 essem,
813 968 854 1032 qui
872 970 925 1030 ejus
944 966 1082 1016 celebraret
1099 966 1212 1031 gloriam.
1249 963 1307 1014 Non
1327 969 1417 1013 umen
1433 976 1503 1026 supra

137 1037 308 1088 Ptolemaeum
328 1044 373 1087 aut
392 1036 553 1100 Gopernicnm
573 1038 682 1101 aliosque
705 1038 805 1087 eximios
832 1039 909 1092 viros,
936 1037 1014 1102 qualis
1039 1038 1065 1085 in
1084 1036 1220 1087 Germania
1237 1033 1405 1090 Maestlinus,
1430 1035 1503 1083 rarior

138 1108 178 1158 ille
198 1116 255 1157 tuus
272 1114 432 1173 praeceptor,
457 1122 524 1157 nunc
543 1115 596 1165 est,
622 1108 747 1166 efferrem,
773 1109 820 1157 nisi
839 1109 940 1173 dignum
959 1109 1009 1157 iore
1029 1109 1090 1157 satis
1113 1112 1270 1171 perspectum
1288 1105 1420 1156 haberem.
1456 1103 1502 1154 Sed

138 1181 188 1229 sint
205 1179 269 1229 haec
289 1180 470 1244 qualiacunque
488 1179 579 1235 velint,
599 1180 624 1230 id
643 1180 755 1244 equidem
774 1195 823 1228 non
844 1180 948 1237 arridet,
967 1178 1031 1243 quod
1050 1185 1096 1228 tua
1113 1180 1149 1228 sic
1167 1179 1192 1227 in
1211 1178 1273 1226 libro
1292 1179 1342 1226 isto
1362 1182 1450 1226 conas
1465 1189 1500 1224 me

138 1251 260 1300 maledico
279 1251 396 1300 abutatur
415 1250 528 1314 epistola,
546 1258 575 1298 ut
593 1251 640 1299 hac
659 1252 729 1315 quasi
748 1265 774 1299 se
792 1265 908 1315 purgare,
929 1257 1004 1313 utque
1023 1257 1130 1313 quantus
1148 1250 1181 1298 sit
1193 1262 1317 1313 quumque
1337 1246 1443 1297 multum
1459 1248 1500 1310 ipn'

111 1371 116 1381 ,
138 1321 295 1371 tribuendum
315 1319 348 1383 (si
366 1320 421 1369 Diis
439 1318 533 1384 placet)
552 1322 655 1384 probare
675 1322 740 1382 velit,
761 1336 788 1370 se
807 1323 887 1386 ipsum
905 1323 943 1370 ita
955 1322 1057 1370 nimium
1070 1320 1209 1370 extollendo
1222 1326 1248 1369 et
1266 1319 1369 1369 sibimet
1387 1316 1501 1382 placendo

139 1399 214 1455 atque
233 1392 288 1441 aliis
307 1393 385 1441 tacite
404 1391 566 1442 detrahendo.
603 1394 638 1441 At
656 1394 772 1457 quoniam
790 1393 815 1441 in
840 1396 970 1456 juventute
994 1406 1026 1441 ea
1048 1407 1091 1455 per
1115 1391 1282 1457 ignorandum
1301 1389 1436 1454 scripsisti,
1458 1402 1500 1438 nec

138 1463 202 1513 iorte
222 1464 386 1520 existimares,
406 1476 462 1512 eum
480 1476 589 1527 unquam
607 1463 691 1513 literas
710 1463 765 1513 illas
781 1463 971 1527 publicaturum,
991 1462 1083 1512 nedum
1100 1469 1129 1511 ut
1146 1463 1176 1511 iis
1194 1462 1220 1510 in
1239 1462 1347 1510 aliorum
1365 1461 1500 1524 despectum

138 1541 165 1584 et
183 1534 360 1583 contumeliam
377 1547 485 1597 nuquam
505 1535 624 1583 abusores
643 1536 714 1591 ioret,
733 1535 824 1584 idcirco
838 1541 884 1591 est,
905 1549 949 1583 cnr
960 1533 1024 1583 haec
1036 1533 1158 1597 placidius
1170 1533 1256 1582 ieram.
1282 1532 1409 1596 Cuperem
1419 1530 1499 1580 nihilo·

137 1606 231 1662 minus,
250 1610 279 1653 ut
296 1606 373 1669 primo
392 1619 488 1668 quoque
506 1611 616 1668 tempore
635 1606 701 1668 apud
720 1620 760 1654 me
779 1605 932 1654 declaratum
950 1604 1116 1669 relinqueres,
1143 1617 1176 1654 an
1194 1603 1240 1652 tibi
1258 1609 1362 1669 gratum
1380 1604 1426 1663 sit,
1444 1600 1501 1666 quod

137 1677 173 1725 sio
191 1676 278 1725 iecerit
297 1676 398 1740 etquid
417 1676 448 1726 de
467 1677 557 1738 scripto
576 1677 624 1724 isto
643 1677 763 1725 virulento
783 1678 891 1725 sentias:
910 1683 963 1725 tum
975 1690 1071 1739 quoque
1085 1675 1127 1725 alii
1140 1675 1238 1729 eruditi.
1257 1675 1410 1738 adquorum
1421 1685 1500 1722 manus

137 1747 203 1797 istud
221 1747 341 1811 pervenit.
372 1745 459 1810 Neque
479 1748 544 1796 enim
564 1747 658 1803 dubito,
679 1747 760 1795 isthuc
780 1747 909 1810 perlatum,
929 1747 1048 1810 siquidem
1060 1746 1158 1811 Pragae
1177 1760 1298 1796 excomm
1315 1747 1359 1800 sit,
1379 1758 1500 1809 suppresso

136 1825 223 1867 tamen
243 1817 389 1883 typographi
408 1818 571 1872 nominanti
590 1818 662 1870 trin
684 1819 783 1867 fumosis
802 1818 896 1867 libellis.
925 1817 1000 1866 Plura
1013 1818 1043 1866 de
1056 1817 1094 1866 his
1107 1832 1157 1866 non
1171 1817 1244 1866 addo·
1271 1816 1328 1866 Nee
1347 1817 1415 1866 enim
1433 1815 1500 1881 digus

136 1894 195 1938 sunt
212 1896 242 1938 ut
258 1889 342 1937 multis
361 1896 514 1938 revocentur.
552 1888 632 1937 Tuum
651 1895 706 1945 est,
737 1889 800 1938 haec
819 1891 874 1952 ipsa
892 1888 971 1938 obiter
996 1888 1130 1951 subjuncta
1154 1889 1262 1938 candide
1284 1888 1458 1951 interpretari.
1479 1891 1500 1935 et

136 1959 255 2011 schedam
272 1959 339 2010 hano
353 1959 466 2009 Vulcano
479 1960 586 2010 tradere.
615 1960 720 2025 Jamque
740 1962 829 2009 iterum
848 1967 874 2009 et
892 1961 992 2023 saepius
1010 1960 1074 2010 vale.
1109 1959 1276 2024 (Postsoripta
1292 1965 1355 2008 sunt
1372 1958 1436 2009 haec
1452 1958 1498 2006 lite

136 2031 179 2086 ris,
196 2046 257 2095 quas
276 2045 333 2096 pag.
354 2028 386 2079 43
406 2046 442 2095 sq.
461 2028 653 2094 proposuimus.)

208 2155 332 2220 Keplerus
351 2154 388 2204 his
408 2155 531 2217 Tychonis
549 2156 627 2205 literis
645 2159 726 2204 motus
745 2153 875 2218 epistolam
895 2123 918 2204 ei
946 2155 1014 2204 misit
1038 2155 1233 2212 excusatoriam,
1260 2167 1338 2220 qnam
1361 2152 1499 2218 descriptam

136 2227 213 2277 etiam
230 2225 365 2276 Maestlino
385 2227 453 2276 dedit
471 2227 508 2276 his
528 2227 619 2276 additis
639 2227 735 2277 verbis:

226 2313 306 2385 Quid
336 2314 469 2395 Tychoui
499 2315 706 2394 responderim
736 2313 869 2393 (quaudo
893 2320 924 2373 te
948 2314 978 2374 id
1007 2321 1146 2394 satagere
1175 2313 1290 2388 video),
1321 2332 1361 2374 ex
1390 2312 1498 2391 adjecto

136 2403 301 2482 exemplari
325 2421 499 2479 cognosces.
547 2403 649 2464 Velim
672 2411 774 2465 autern
799 2402 968 2476 existimes,
998 2421 1072 2463 vera
1094 2422 1141 2463 me
1166 2410 1198 2463 et
1221 2421 1260 2463 ex
1283 2402 1385 2463 animo
1410 2401 1498 2462 omnia

136 2491 305 2571 scripsisse,
332 2490 403 2571 quia
426 2492 541 2553 veritas
565 2511 675 2571 perse
700 2494 769 2571 ipsa
792 2498 842 2552 sat
866 2499 933 2552 tuta
957 2499 1015 2553 est.
1062 2490 1150 2562 Quod
1175 2499 1277 2552 autem
1300 2490 1498 2552 vehementior

136 2581 166 2641 iu
191 2581 287 2659 ipsum
311 2580 422 2643 Ursum
446 2599 505 2641 nou
535 2600 618 2655 sum,
653 2581 764 2660 partim
792 2580 906 2659 pudore
934 2581 985 2654 iit,
1016 2581 1127 2659 partim
1155 2582 1247 2641 metu.
1295 2577 1395 2648 Quem
1419 2579 1496 2648 euim,

136 2669 336 2748 prohdolor,
367 2676 526 2748 tantopere
555 2669 691 2743 laudavi,
721 2689 778 2731 non
809 2687 932 2747 possum
962 2669 1026 2729 sine
1051 2669 1275 2730 inconstantiae
1298 2668 1421 2730 macula
1442 2667 1496 2745 jau

136 2757 241 2818 statim
264 2750 435 2839 turpissime
468 2759 635 2821 traducere.
684 2757 773 2829 Quod
803 2757 830 2818 si
859 2757 1019 2834 epistolam
1054 2757 1145 2819 etiam
1172 2776 1272 2817 meam
1296 2756 1403 2838 Tycbo
1427 2755 1496 2836 typis

135 2847 278 2908 mandare
303 2846 392 2920 velit,
421 2848 583 2908 verendum
608 2847 730 2919 fuisset,
760 2866 795 2907 ne
830 2846 859 2906 in
884 2847 1028 2925 majorem
1053 2866 1150 2907 meam
1173 2844 1387 2907 contumeliam
1411 2845 1495 2908 Ursus

132 2935 210 2998 alias
233 2955 317 2998 meas
341 2935 526 3013 publicaret,
552 2945 584 2997 et
607 2955 666 3016 qua
688 2944 774 3018 parte
799 2934 1001 2996 modestiores
1031 2944 1102 2996 sunt
1129 2935 1335 3008 adulteraret,
1368 2941 1423 2995 aut
1445 2933 1495 2994 aliu

132 3024 184 3084 via
207 3024 277 3087 mihi
300 3024 505 3085 insidiaretur.
816 3037 869 3101 (ux
888 3055 926 3103 ap.
947 3041 980 3091 aa
999 3040 1034 3091 Μ.
1055 3041 1078 3091 a.
1099 3041 1123 3091 a
1144 3037 1187 3089 ee.
1208 3040 1280 3090 rest.
1302 3035 1396 3100 rese.)

203 3163 306 3228 Kepleri
324 3168 409 3214 autem
426 3163 502 3213 rerba
519 3163 583 3214 haee
602 3172 675 3214 sunt:

133 3270 312 3354 Exemplar
330 3270 535 3353 pascationis
557 3292 646 3333 meae

258 3361 303 3422 ad
329 3360 522 3443 Thebouem.
738 3446 761 3509 S
797 3448 822 3508 P
860 3446 890 3507 D

222 3549 299 3616 cum
332 3553 552 3617 intellexissem
580 3550 618 3614 ex
641 3551 797 3614 Maestliui
831 3552 948 3624 literis,
981 3571 1056 3631 quas
1090 3553 1129 3614 ad
1162 3571 1209 3613 me
1243 3553 1331 3615 dedit
1360 3549 1497 3633 superiori

81 3651 85 3657 '
133 3642 284 3722 Augusto,
310 3644 503 3724 respondisse
528 3652 558 3705 te
584 3643 622 3703 ad
646 3642 814 3720 epistolium
838 3661 943 3714 meum,
969 3642 1093 3720 ejusque
1117 3641 1325 3720 responsionis
1351 3641 1497 3719 exemplar

132 3733 211 3810 apud
226 3732 423 3794 Maestlinum
448 3752 531 3795 esse:
557 3731 695 3810 proxima
718 3730 876 3791 occasione
901 3730 980 3808 apud
1005 3730 1087 3793 illum
1107 3730 1213 3802 iustiti,
1240 3738 1275 3790 ut
1297 3729 1329 3790 id
1352 3730 1498 3810 exemplar

132 3820 171 3881 ad
194 3839 241 3880 me
266 3821 410 3890 mitteret,
436 3822 554 3901 quando
579 3820 686 3881 literae
708 3827 779 3879 tuae
799 3817 870 3878 ruihi
891 3837 948 3878 nou
969 3819 1175 3880 redderentur.
1211 3817 1263 3881 Sic
1283 3838 1359 3880 casu
1384 3827 1417 3879 et
1436 3818 1497 3879 dili·

132 3907 236 3986 gentis
259 3916 312 3969 tua
336 3909 458 3983 iactum,
484 3919 518 3971 ut
541 3908 680 3989 quamvis
708 3906 902 3986 pereuntibus
926 3906 986 3966 tuis
1012 3907 1117 3980 literis,
1138 3917 1239 3969 tamen
1264 3907 1337 3986 quid
1358 3926 1406 3969 me
1430 3908 1497 3969 scire

132 3994 228 4056 velles
243 4004 313 4075 post
328 3997 474 4058 decimum
489 4017 622 4058 mensem
645 3996 856 4057 intellexerim.
904 3996 1017 4057 Horum
1037 3996 1122 4057 initio
1144 4005 1175 4057 te
1195 3997 1359 4057 certiorem
1379 3994 1497 4068 reddidi,

134 4083 204 4163 quia
226 4083 256 4144 iu
280 4084 334 4145 illa
356 4087 480 4165 querela
502 4094 573 4160 tua,
599 4105 645 4146 me
670 4085 807 4147 Christe!
843 4103 931 4164 quam
956 4084 1129 4162 justissima
1156 4085 1310 4164 postulas,
1354 4094 1389 4147 ut
1411 4086 1498 4165 prime

134 4189 250 4251 quoque
274 4178 409 4251 tempore
433 4193 530 4235 meam
555 4174 610 4235 tibi
635 4174 816 4235 sententiam
840 4172 989 4252 aperiam:
1016 4192 1053 4233 ne
1079 4194 1117 4234 ex
1144 4174 1201 4235 hac
1221 4175 1401 4237 decimestri
1424 4193 1499 4236 mora

134 4259 229 4339 major
251 4259 306 4321 tibi
331 4261 367 4321 de
391 4281 438 4323 mc
462 4263 593 4341 suspicio
618 4263 723 4341 culpae
747 4262 941 4323 suboriretur.
986 4260 1142 4332 Quantum
1167 4262 1260 4342 igitur
1285 4263 1402 4325 attinet
1425 4281 1499 4325 meas

134 4348 174 4408 ad
197 4347 308 4410 Ursum
331 4349 455 4429 literas,
490 4370 528 4411 ex
551 4350 603 4423 iis,
638 4370 715 4430 quae
740 4350 937 4428 excerpsisti,
962 4351 1063 4412 verbis
1090 4352 1234 4429 pleraque
1258 4370 1329 4412 mea
1363 4370 1498 4432 agnosco.

133 4436 181 4496 Ex
205 4455 240 4498 eo
264 4437 307 4508 fit,
333 4446 366 4498 ut
390 4439 526 4518 quamvis
550 4440 590 4500 ad
613 4440 725 4518 aliqua,
751 4440 788 4500 de
815 4439 922 4517 quibus
946 4439 1062 4508 dubito,
1084 4459 1160 4519 pene
1180 4440 1414 4503 cohorrescam:
1439 4439 1499 4502 nul·

135 4523 195 4584 lum
218 4532 320 4585 tamen
345 4544 455 4606 negare
480 4528 605 4607 possim.
655 4526 688 4588 ln
714 4529 770 4589 bac
794 4526 896 4605 itaque
920 4536 1007 4606 parte
1038 4528 1150 4589 nullum
1173 4529 1272 4590 adbuc
1296 4529 1371 4592 Ursi
1395 4530 1498 4593 crimen

135 4619 192 4685 est,
218 4613 296 4692 quod
322 4613 444 4693 liqueat.
485 4616 593 4678 Utrum
613 4624 714 4678 autem
735 4616 886 4696 integram
901 4615 1061 4696 epistolam
1076 4616 1286 4694 publicaverit,
1311 4621 1411 4701 major
1429 4615 1499 4698 apud

135 4719 182 4762 me
207 4700 372 4762 dubitatio:
404 4722 479 4782 quae
505 4705 595 4766 facile
620 4705 838 4777 discuteretur,
869 4703 895 4764 si
919 4704 990 4765 mibi
1014 4705 1169 4784 exemplar
1192 4706 1258 4786 typi
1282 4717 1379 4770 esset.
1426 4707 1499 4769 Nam

133 4788 165 4850 in
189 4787 296 4851 iisdem
320 4788 415 4854 literis
439 4792 623 4855 desiderium
638 4812 737 4855 meum
752 4801 871 4856 tuorum
886 4811 1008 4874 operum
1023 4793 1217 4875 legendorum
1236 4797 1389 4876 expressi,
1412 4811 1499 4876 coque
