3278 5542
651 314 764 382 limat
783 317 982 387 &monetales

508 529 552 593 IN
576 526 714 593 CAPUT
737 526 937 594 DECIMUM
960 528 1135 594 SEXTUM

630 738 632 742 Ι
663 652 778 704 NOTAE
797 652 976 705 sucuoms.

219 759 252 832 a)
271 767 311 817 At
336 762 396 831 jam
426 761 454 815 in
476 749 563 815 luceru
590 762 708 832 prolatis
730 762 1009 832 contemplationibus
1035 762 1217 827 harmonicis,
1247 763 1346 819 decisa
1370 770 1416 817 est
1434 762 1494 817 lsssc

139 843 333 906 controversia,
366 842 414 897 lib.
436 842 470 896 V.
492 843 587 896 Herm.
629 843 748 896 Primum
779 842 850 897 enim
872 843 1031 912 corporibus
1053 841 1121 913 ipsis
1148 843 1268 916 quinque
1289 846 1421 900 ademtae
1439 849 1496 899 suat

137 922 329 996 proportiones
351 921 457 976 orbium
478 928 635 992 exparte:
665 923 763 976 ultima
783 939 820 977 sc.
843 930 873 976 et
894 923 1102 978 absolutissima
1129 924 1235 979 orbium
1266 923 1413 996 proportio
1433 938 1495 976 oom-

137 1004 225 1059 munis
246 1010 291 1058 est
311 1003 389 1057 facta
408 1009 439 1055 et
458 1002 618 1071 corporibus
640 1010 671 1057 et
690 1003 839 1057 harmoniis
861 1020 940 1073 prop.
963 1004 1001 1059 48
1023 1011 1054 1057 et
1074 1003 1121 1060 49.
1143 1019 1205 1075 cap.
1223 1002 1271 1060 tx.
1316 1002 1379 1069 Quo
1398 1001 1496 1058 nomint

138 1085 207 1140 nihil
237 1102 273 1138 ex
305 1083 371 1137 solis
393 1083 553 1152 corporibus
585 1083 612 1136 in
643 1082 715 1137 hanc
745 1084 789 1137 rel
820 1084 897 1137 illam
925 1091 1034 1152 partem
1063 1085 1097 1137 de
1124 1084 1205 1139 Luna
1233 1084 1372 1156 disputari
1402 1088 1496 1155 potest

137 1165 245 1220 Deinde
275 1164 298 1217 si
328 1161 448 1217 maxime
469 1180 506 1216 ex
527 1163 593 1216 solis
624 1163 743 1234 quinque
765 1164 925 1233 corporibus
955 1164 1140 1219 formarentur
1166 1165 1362 1237 proportiones
1390 1162 1495 1227 orbitas,

137 1245 221 1315 hujus
242 1252 336 1300 tamen
358 1242 529 1297 formationis
551 1245 646 1297 modus
668 1244 755 1308 alius,
786 1244 866 1297 utin
887 1260 940 1314 quo
961 1243 1103 1315 inscriptio
1131 1245 1237 1301 orbium
1256 1244 1380 1319 physica
1400 1244 1496 1317 gran

137 1324 316 1397 perfectionis
337 1323 545 1394 proportionum
565 1324 796 1394 geometricorum
818 1325 1022 1389 seminaretur,
1053 1324 1195 1380 stabilitus
1217 1333 1263 1379 est
1282 1342 1366 1398 prop.
1388 1324 1438 1379 st.
1456 1322 1494 1379 st.

138 1405 232 1461 Tertio
253 1410 365 1459 constat
385 1421 422 1458 ex
443 1403 567 1458 omnibus
588 1404 664 1458 illius
687 1404 752 1459 libri
773 1404 961 1459 axiomatibus
982 1411 1012 1459 et
1032 1405 1275 1476 propositionibus,
1295 1405 1426 1461 ultimam
1438 1402 1495 1459 lid·

138 1487 272 1541 tationem
292 1483 477 1555 proportionis
499 1484 694 1539 diastematum
720 1485 779 1538 lieri
806 1485 990 1539 necessariam
1015 1492 1131 1556 propter
1151 1492 1241 1541 motus
1259 1487 1495 1557 planetarumtst

140 1586 178 1621 sc.
210 1567 283 1620 inter
309 1571 449 1618 extremos
479 1571 569 1618 motus
600 1583 662 1618 esse
691 1572 807 1635 possent
836 1565 996 1620 barmoniae
1017 1573 1121 1621 certae.
1163 1565 1191 1621 Si
1221 1566 1287 1632 lsoc,
1318 1564 1402 1623 nous
1421 1563 1494 1637 igitr

140 1652 238 1718 potest
258 1642 357 1700 haberi
377 1643 450 1698 ratio
470 1645 568 1700 Lunae
589 1646 702 1700 Terram
723 1645 997 1711 circumcursitantis,
1027 1652 1152 1716 atquae
1181 1646 1250 1701 nibil
1271 1647 1382 1702 confert
1410 1646 1445 1701 sd
1462 1642 1492 1699 is·

141 1727 283 1782 citandum
303 1725 348 1778 rel
369 1727 567 1779 retardandum
588 1725 672 1779 ullius
693 1726 825 1796 planetae
846 1732 957 1790 motum,
979 1744 1030 1781 nec
1049 1726 1213 1782 curriculum
1226 1742 1306 1782 suum
1327 1726 1404 1782 circa
1415 1724 1492 1780 scta

142 1813 267 1871 exercet,
289 1824 340 1860 nec
359 1823 396 1859 cx
411 1804 476 1860 Sole
498 1806 636 1877 regularis
658 1815 777 1876 apparet
797 1805 858 1876 ejus
880 1812 978 1861 motus.
1020 1807 1092 1862 Nam
1112 1825 1149 1861 ex
1167 1807 1232 1862 Sole
1252 1808 1398 1879 inspectus
1410 1804 1491 1861 Lustt

142 1895 232 1943 motus
253 1887 393 1941 rideretur
414 1886 557 1940 saltuatim
579 1886 715 1943 incedere.
757 1887 802 1942 Sic
829 1887 917 1958 igitur
937 1889 970 1941 de
992 1888 1058 1942 orbe
1079 1886 1200 1942 Telluris
1229 1894 1274 1943 est
1300 1886 1489 1959 disputentur.

143 1986 177 2024 ac
197 1967 219 2023 si
240 1969 338 2023 Lunae
360 1967 466 2021 coelum
487 1968 591 2021 nullam
612 1967 637 2021 ei
660 1966 812 2021 crassitiem
830 1968 953 2022 adderet.

223 2045 252 2114 b)
274 2048 352 2102 Haec
372 2048 483 2118 gemino
504 2065 587 2101 sensu
607 2054 726 2118 possunt
746 2047 851 2118 accipi;
872 2048 989 2117 primus,
1011 2047 1103 2103 textui
1123 2046 1302 2111 conveniens,
1325 2053 1372 2102 est
1390 2046 1447 2102 bic:
1468 2049 1491 2099 st

144 2130 182 2186 sit
203 2128 311 2200 quidem
332 2127 405 2183 orbis
427 2145 486 2182 cum
507 2130 591 2192 nodo,
614 2130 661 2181 sed
683 2127 840 2182 includatur
860 2129 952 2183 orbita
973 2126 1120 2199 planetae,
1142 2133 1239 2183 tantae
1260 2126 1491 2197 spissitudinimt

144 2211 231 2266 nodus
252 2209 297 2264 hic
318 2225 368 2263 seo
387 2209 484 2263 Lunae
505 2208 625 2271 coelum,
649 2209 740 2262 lateat
760 2214 848 2263 totum
869 2208 952 2273 intus,
974 2209 1042 2263 nibil
1063 2209 1213 2280 impediens
1236 2207 1363 2263 extimae
1382 2206 1489 2262 intimas·

145 2307 199 2363 que
220 2288 374 2360 superficiei
395 2288 593 2343 rotunditatem
614 2289 781 2344 absolutam.
823 2289 904 2343 Alter
917 2306 1015 2343 sensus
1028 2289 1125 2344 borum
1139 2289 1284 2344 verborum
1303 2294 1404 2359 posset
1422 2284 1490 2356 arripi

147 2373 218 2426 iste:
249 2371 321 2439 quod
343 2368 370 2422 in
391 2385 495 2441 genere
517 2370 665 2423 absurdum
686 2369 734 2433 sit,
764 2370 872 2424 Lunam
894 2369 1035 2425 circumire
1057 2370 1184 2434 Terram,
1215 2369 1278 2423 dum
1307 2368 1382 2425 baec
1399 2366 1490 2423 interis

145 2451 221 2505 circa
242 2448 335 2504 Solem
361 2448 471 2504 incedit.
512 2449 551 2503 Ut
580 2449 666 2520 igitur
692 2450 765 2504 banc
785 2448 868 2504 etiam
899 2449 1081 2520 objectionem
1108 2451 1227 2506 diluam:
1259 2448 1334 2515 dico,
1364 2449 1436 2520 quod
1452 2447 1490 2504 itt

148 2539 214 2586 tunc
235 2529 395 2584 concinnum
418 2529 502 2584 rideri
522 2529 661 2600 potuerit,
693 2547 754 2583 cum
775 2532 893 2584 nondum
918 2530 1020 2585 detecti
1046 2537 1142 2586 essent
1160 2528 1285 2585 Joviales
1315 2528 1492 2601 planatseet

145 2617 242 2665 cetera
263 2610 291 2664 in
312 2610 390 2663 coelo
411 2626 492 2664 nora.
534 2613 575 2664 At
595 2627 632 2663 ex
653 2627 706 2681 quo
728 2610 778 2665 illa
792 2609 899 2676 scimus,
922 2611 1083 2666 concinnum
1096 2626 1270 2683 nequaquam
1286 2610 1409 2681 mplius
1422 2602 1491 2665 vidui

145 2692 237 2755 debet,
259 2707 313 2744 non
334 2707 405 2754 esse,
427 2691 499 2762 quod
520 2689 628 2744 omnino
649 2696 702 2753 est,
725 2693 810 2744 nodus
832 2708 869 2746 sc.
891 2692 1065 2762 quadruplex
1089 2692 1163 2747 circa
1182 2692 1296 2754 Jorem,
1319 2688 1345 2745 si
1364 2706 1416 2761 pro
1436 2687 1491 2745 nott

145 2786 277 2842 corporeo
298 2772 392 2841 spatia
413 2770 607 2824 curriculorum
628 2770 781 2842 intelliges,
803 2771 842 2825 sic
863 2770 1052 2827 circatorem
1074 2773 1269 2834 ordinatorum,
1293 2777 1328 2826 ut
1348 2770 1424 2827 circo
1441 2770 1492 2825 Ter·

145 2869 204 2907 ram
224 2851 321 2906 Lunae
348 2851 511 2906 curriculum
540 2851 694 2905 ordinatum
719 2857 771 2905 est.
813 2852 884 2906 Nam
911 2853 945 2905 de
966 2869 1099 2923 corporea
1119 2853 1224 2909 orbium
1253 2849 1399 2907 soliditate
1423 2860 1494 2921 suptt

145 2933 215 2987 satis
238 2940 356 2996 cautum,
379 2938 409 2986 et
429 2938 545 2986 caretur
565 2932 648 2986 etiam
670 2931 698 2985 in
719 2938 801 2985 textu
822 2932 957 3002 sequenti.
973 2924 1012 3001 ⁸⁸)

225 3009 252 3078 c)
274 3013 428 3067 consensus
455 3012 483 3066 in
509 3012 563 3066 boc
589 3012 736 3066 multorum
763 3029 814 3082 per
835 3029 927 3066 omnes
948 3020 1058 3067 aetates
1083 3012 1323 3084 philosophorum,
1355 3008 1404 3083 qui
1423 3021 1495 3082 supra

145 3095 248 3166 vulgus
274 3109 375 3162 sapere
400 3100 466 3147 sunt
491 3091 564 3154 ausi;
595 3092 737 3164 Diogenes
758 3092 888 3147 Laertius
908 3096 1100 3166 Anaxagorae
1127 3092 1240 3156 tribuit;
1268 3092 1343 3147 libro
1367 3106 1444 3155 meo,
1463 3085 1495 3144 cu

147 3174 260 3229 titulus:
283 3174 319 3227 ad
340 3173 516 3227 Vitellionem
535 3171 757 3242 Paralipomena,
780 3173 871 3243 capite
892 3174 926 3227 de
946 3174 1008 3227 luce
1029 3174 1156 3238 siderum,
1180 3171 1305 3245 allegavi
1326 3171 1496 3229 rueretur

147 3256 181 3308 de
202 3253 273 3308 facie
293 3253 399 3308 Lunae.
441 3252 551 3307 Citatur
571 3258 601 3306 et
621 3253 787 3308 Aristoteles
808 3254 844 3307 ab
858 3257 990 3308 Arerroe.
1032 3256 1134 3309 Verum
1155 3252 1208 3307 boc
1228 3255 1332 3325 dogma
1351 3260 1496 3324 poserem

147 3333 292 3389 Galilaeus
313 3332 465 3404 telesoopio
485 3332 602 3405 Belgioo
624 3334 887 3388 confirmatissimum
914 3333 1040 3391 reddidit.
1081 3334 1152 3389 Vide
1177 3333 1263 3389 etiam
1282 3332 1498 3391 dusestafionslfl

145 3431 233 3470 meam
254 3430 313 3468 cum
334 3413 433 3468 nuncio
454 3413 561 3468 sidereo
583 3413 714 3468 Galilaei.

126 3518 129 3524 ·
224 3491 253 3561 d)
275 3495 361 3549 Certa
380 3494 488 3565 quidem
508 3500 554 3548 est
572 3493 716 3565 proportio
737 3495 808 3558 ista,
838 3511 875 3548 sc.
898 3510 969 3565 quae
994 3496 1005 3548 l
1030 3495 1065 3549 ad
1087 3494 1125 3549 59
1155 3494 1276 3549 circiter:
1304 3501 1339 3549 at
1364 3488 1498 3566 propostit

144 3575 265 3647 corporis
286 3574 359 3629 Solis
386 3576 422 3629 ad
449 3575 541 3629 orbem
563 3574 691 3629 Mercurii
719 3581 764 3630 est
790 3575 876 3645 paulo
898 3574 971 3639 alia;
1002 3593 1039 3630 sc.
1069 3593 1124 3630 non
1144 3574 1248 3631 medius
1272 3574 1349 3630 orbis
1368 3569 1497 3637 Mercufit

144 3659 191 3714 sed
212 3655 322 3711 intimus
344 3663 375 3710 et
394 3654 606 3727 angustissimus
628 3663 672 3710 est
692 3657 886 3718 assumendus;
915 3655 958 3710 cui
979 3655 1007 3710 in
1027 3656 1137 3711 tabella
1159 3654 1257 3726 capitis
1282 3654 1319 3710 15
1348 3654 1497 3711 tribuuntur

147 3740 212 3803 14⁰,
243 3754 304 3792 cum
324 3734 396 3792 Solis
422 3736 624 3809 semidiameter
653 3754 690 3790 ex
711 3739 808 3790 eadem
833 3735 944 3790 Tellure
970 3735 1126 3807 inspectus,
1157 3734 1300 3791 contiueat
1328 3735 1438 3792 minuto
1459 3730 1497 3794 15:

143 3835 228 3891 quare
249 3817 307 3872 tere
328 3822 373 3871 est
392 3817 535 3887 proportio
560 3833 631 3888 quae
656 3818 668 3870 l
693 3819 728 3871 ad
750 3817 798 3872 56.

224 3894 252 3965 e)
273 3899 318 3953 lta
339 3897 446 3968 quider‘n
467 3904 533 3952 tunc
553 3899 717 3961 censebam
746 3904 777 3952 at
797 3902 898 3967 postea
923 3895 951 3951 in
973 3897 1121 3950 Commeat.
1152 3898 1186 3949 de
1206 3896 1297 3951 Marte
1319 3912 1356 3950 ne
1376 3895 1432 3951 hoo
1450 3908 1497 3967 qst·

63 3994 75 4023 ⁰
146 3980 207 4034 dem
227 3978 372 4032 intellectu
393 3977 421 4030 in
440 3985 546 4032 motore
567 3994 636 4047 opus
657 3995 720 4032 esse
740 3976 933 4031 demonstrari.
974 3977 1045 4032 Nam
1059 3976 1112 4030 etsi
1126 3976 1319 4047 proportiones
1334 3978 1499 4032 cartaesutt

145 4057 337 4131 praescriptae
357 4057 476 4111 motibus
497 4058 639 4123 omnibus,
671 4059 752 4129 idque
774 4059 810 4112 ab
831 4056 1021 4129 intelligentia
1041 4056 1104 4128 ipsa
1124 4073 1253 4128 suprema
1275 4061 1306 4110 et
1326 4056 1429 4122 unios,
1457 4054 1501 4112 iot

145 4145 197 4203 est,
220 4155 239 4193 a
258 4139 319 4192 Deo
340 4144 479 4192 creatore:
506 4138 573 4191 illae
595 4146 688 4193 tamen
712 4137 906 4209 proportiones
927 4145 1048 4192 motuum
1069 4137 1132 4192 inde
1160 4154 1178 4193 a
1198 4137 1342 4193 creatione
1364 4136 1502 4209 bucusqst

144 4226 343 4274 conservantur
363 4217 558 4282 invariabiles,
581 4236 634 4272 non
655 4236 706 4289 per
727 4219 899 4273 intellectum
920 4218 1040 4289 aliquem
1061 4218 1159 4273 motori
1181 4224 1366 4283 concreatum,
1389 4218 1442 4273 sed
1459 4224 1506 4290 pt

144 4303 213 4355 duas
234 4316 279 4354 res
301 4298 385 4360 alian
406 4298 496 4368 prima
516 4305 568 4362 est,
591 4299 816 4370 aequabilissima
837 4306 867 4353 et
886 4299 1015 4369 perennis
1036 4299 1140 4353 rotatio
1162 4297 1283 4370 corporis
1303 4296 1430 4364 Solaria,
1451 4304 1513 4354 ou!

145 4381 237 4452 specie
259 4378 301 4434 sui
328 4378 527 4443 immateriata,
557 4378 585 4432 iu
606 4386 694 4434 totum
719 4382 846 4434 mundum
867 4385 1031 4444 emanante,
1058 4396 1130 4450 quae
1159 4379 1265 4450 species
1285 4377 1375 4433 ricem
1396 4370 1517 4435 mouri!

131 4458 288 4534 praestat,
311 4461 403 4514 altera
423 4475 509 4513 cause
529 4467 594 4514 sunt
614 4460 782 4515 libramenta
803 4467 833 4514 et
852 4459 1027 4531 magneticae
1042 4459 1206 4515 directiones
1221 4474 1367 4531 corporum
1387 4458 1525 4531 ipsoruss

145 4541 285 4597 mobilium
304 4539 488 4595 immutabilia
507 4546 537 4594 et
557 4540 699 4610 perennia.
741 4541 779 4595 Ut
799 4541 839 4595 sic
860 4555 948 4611 aeque
968 4557 1023 4595 non
1043 4541 1133 4613 magis
1153 4539 1191 4595 sit
1212 4556 1280 4612 opus
1294 4540 1437 4596 creaturis
1451 4530 1525 4597 isti·

145 4622 291 4678 intellectu
321 4622 357 4675 ad
381 4622 498 4676 tuendas
524 4627 646 4676 motuum
673 4621 879 4692 proportiones,
912 4628 997 4691 atque
1027 4620 1116 4675 librae
1140 4621 1266 4676 lancibus
1287 4626 1318 4675 et
1340 4620 1525 4692 ponderibu!

99 4710 104 4719 “
146 4709 237 4758 mente
258 4708 303 4756 est
323 4717 392 4772 opus
413 4703 450 4756 ad
469 4703 637 4771 prodendam
657 4702 864 4773 proportionem
881 4703 1045 4771 ponderum.
1087 4701 1150 4758 Etsi
1178 4707 1243 4756 sont
1263 4699 1322 4757 alia
1342 4702 1528 4774 argtumetst¹

147 4784 245 4855 quibus
266 4784 411 4854 probatur,
432 4782 523 4837 inesse
538 4781 566 4836 in
580 4782 741 4853 corporibus
755 4784 933 4853 planetarum
948 4781 1049 4836 saltem
1063 4782 1183 4837 Telluris
1198 4788 1228 4836 et
1241 4780 1314 4836 Solis
1335 4780 1521 4838 intellectuss

146 4865 273 4938 aliquem.
295 4881 350 4919 non
370 4863 477 4937 quidem
497 4862 729 4930 ratiocinativum,
753 4870 786 4920 ιιι
800 4863 828 4917 in
841 4862 966 4927 bomiue;
992 4869 1117 4918 attamen
1131 4863 1291 4921 instinctum
1309 4862 1387 4919 utin
1400 4863 1516 4937 plant!-
