3278 5542
529 360 534 370 ι
588 290 693 359 ‚om
707 288 912 344 xrs-xv*

401 453 449 517 IN
472 449 614 518 CAPUT
634 450 836 518 DEOIMUM
859 450 1071 525 QUARTUM

579 558 695 612 uorsa
714 557 894 613 rumosas.

134 649 161 718 a)
183 652 316 724 Intellige
339 651 480 723 despatio
501 651 607 706 orbium
626 650 808 725 geometrico:
833 654 866 706 de
888 651 1007 706 materia
1021 651 1101 716 enim,
1125 653 1178 707 boo
1191 660 1244 717 est,
1269 656 1303 708 de
1319 669 1417 726 corpu·

74 733 144 790 lentis
155 732 333 788 adamantina
346 750 381 787 ne
395 731 572 788 Ptolemaeus
588 731 695 804 quidem
709 733 778 788 adeo
793 749 886 787 crasse
900 731 1123 803 philosophatur.

134 810 161 879 b)
183 813 334 868 maenus
355 812 474 868 circulm
496 811 638 868 zodiacum
660 812 748 868 refert
775 813 804 867 in
830 814 897 868 orbe
927 813 1050 877 stellato,
1080 813 1232 886 descriptus
1257 831 1295 868 ex
1323 820 1418 870 cantro

75 894 152 959 nundi,
175 895 221 948 rel
240 893 327 948 etiam
348 911 386 949 cx
400 894 487 968 globo
501 894 632 959 Terreno,
651 893 717 966 quia
731 899 806 949 totus
826 894 900 949 orbis
921 910 1040 965 magnus
1059 894 1095 949 ad
1108 911 1171 949 eum
1184 895 1351 951 insensibilia
1366 900 1419 952 est.

134 979 157 1029 Δ
179 974 294 1030 Saturm
318 980 452 1047 systema,
477 973 680 1030 concentricum
702 992 739 1030 ex
754 975 777 1031 G
794 979 889 1031 centro
911 974 985 1029 orbis
1004 973 1108 1046 magni.
1146 976 1170 1030 B
1193 981 1318 1047 systema
1330 976 1417 1032 iovis.

75 1055 207 1111 tllsrtis.
246 1055 275 1110 D
290 1054 415 1111 Circulos
439 1053 498 1111 sire
518 1054 567 1111 ria
586 1054 675 1111 centri
694 1055 774 1129 globi
793 1054 908 1110 Terreni
928 1054 1103 1110 concentrica
1123 1073 1161 1112 ex
1182 1062 1277 1112 centro
1292 1057 1333 1122 G,
1358 1073 1417 1119 cum

76 1136 206 1206 sphaerula
216 1135 325 1214 'Lunari
348 1136 453 1192 duobus
476 1134 544 1191 locis
559 1135 684 1207 appiota.
721 1137 804 1192 Duae
828 1151 930 1191 caecae
955 1135 1048 1190 lineae
1063 1135 1212 1200 circulares
1229 1136 1302 1193 orbis
1317 1138 1420 1194 Terrae

75 1234 119 1271 cun
137 1212 242 1272 inserta
253 1216 337 1272 Luna
356 1215 510 1273 crassitiem
524 1218 668 1273 denotant.
699 1218 725 1272 E
744 1217 808 1272 Duo
823 1216 938 1282 circelli‚
961 1215 1134 1272 delineantes
1156 1217 1312 1273 crassitiem
1326 1224 1417 1290 syste-

75 1297 135 1351 matis
149 1295 277 1360 Venerii,
301 1296 376 1354 intra
390 1313 472 1370 qnam
493 1296 579 1352 omnis
594 1295 655 1366 ejus
678 1304 800 1353 motuum
823 1296 947 1352 varietas
971 1296 1122 1367 perficitur.
1165 1297 1323 1370 Fspatium
1346 1295 1419 1353 inter

74 1377 269 1440 moscbcellos.
288 1376 384 1453 inrquo
403 1377 489 1433 omnis
508 1385 630 1435 motuum
648 1379 749 1434 stellae
769 1376 898 1434 Mercurii
916 1377 1040 1434 varietas
1065 1378 1213 1448 perficitur.
1251 1380 1277 1435 G
1295 1387 1420 1436 centrum

74 1458 175 1522 endum,
198 1464 229 1514 et
241 1474 330 1529 prope
343 1457 433 1531 ipsum
447 1475 547 1530 corpus
563 1457 672 1516 Solare.

131 1542 218 1594 Arcus
232 1555 285 1610 per
298 1539 322 1594 0
336 1546 366 1595 et
378 1539 402 1594 P
415 1545 592 1595 transeuntes
615 1545 713 1611 partes
735 1545 801 1595 sunt
826 1532 1055 1610 ec'centrepicycli
1070 1538 1194 1596 Saturni.
1231 1539 1320 1596 Linea
1334 1536 1420 1596 curra

71 1633 110 1686 per
121 1621 142 1682 Q
155 1625 239 1691 atque
253 1636 304 1690 per
316 1620 480 1693 perigaeum
493 1620 612 1693 epicycli
631 1621 659 1675 in
674 1621 697 1675 0
713 1634 841 1695 apogaeo
861 1618 1012 1674 excentrici
1035 1621 1128 1690 positi,
1153 1627 1183 1676 et
1196 1637 1247 1691 per
1261 1636 1419 1695 apogaeum

69 1697 173 1766 ejusdem
186 1700 253 1755 inP
274 1701 408 1774 perigaco
423 1701 578 1767 eccsntrioi
603 1708 647 1757 est
666 1701 722 1757 ria'
734 1700 869 1771 planetae
891 1700 1054 1756 ecceutrica
1093 1702 1217 1758 circulus
1242 1703 1351 1774 quidem
1364 1720 1420 1757 non

67 1786 108 1842 est
128 1784 175 1836 sed
198 1798 217 1836 a
230 1781 358 1837 circuisti
373 1782 452 1838 linea
465 1782 635 1839 sensrbiliter
653 1800 709 1838 non
722 1781 822 1837 differt
860 1781 901 1836 111
924 1781 1066 1836 crassities
1090 1784 1197 1837 duobus
1222 1783 1330 1838 circulis
1356 1803 1419 1839 con·

65 1860 178 1917 centricis
196 1862 312 1927 inclusa,
338 1879 420 1934 qnam
443 1864 490 1918 ria
503 1864 618 1919 Saturni
639 1862 795 1918 eccentrica
817 1862 869 1917 sibi
892 1861 1021 1917 vindicat.
1056 1863 1145 1918 Linea
1166 1880 1251 1917 curva
1273 1864 1319 1917 rel
1341 1865 1419 1935 quasi

63 1940 169 1997 circulus
183 1960 235 2013 per
248 1944 278 1998 bl
301 1950 331 1997 et
350 1961 402 2014 per
425 1960 584 2015 apogaeum
609 1944 727 2016 epicycli
747 1944 775 1997 in
791 1944 829 2008 0,
856 1949 940 2013 atquc
961 1959 1012 2013 per
1032 1943 1201 2017 perigaeum,
1210 1943 1332 2013 ejusdem
1356 1944 1420 1998 inP

62 2024 199 2087 transiens,
215 2024 385 2078 eccentricus
399 2031 451 2089 est,
475 2043 555 2097 quem
570 2026 746 2079 Ptolemaeus
772 2030 982 2096 aequantem
1002 2031 1093 2080 vocat.
1131 2024 1183 2079 KL
1198 2025 1338 2079 crassities
1354 2025 1419 2079 duoss

60 2098 104 2154 bus
118 2104 207 2158 caecis
222 2103 332 2159 circulis
346 2105 525 2160 concentricis
540 2105 706 2176 intercepta,
731 2121 813 2176 quam
828 2111 903 2159 totus
924 2105 1065 2175 epicyclus
1080 2111 1110 2158 ct
1124 2121 1248 2175 aequans
1267 2105 1316 2159 ille
1329 2105 1420 2178 requi·

59 2190 125 2238 runt.
152 2185 275 2239 Planeta
290 2201 354 2239 rero
368 2186 446 2239 ultra
459 2187 486 2240 Η
500 2202 639 2257 nunquam
654 2185 788 2248 ascendit,
804 2203 854 2240 nec
868 2184 942 2239 infra
955 2186 968 2238 I
982 2185 1130 2239 descendit.

131 2264 271 2320 Similibus
295 2265 514 2335 particularibus
535 2266 647 2322 orbibus
672 2272 783 2321 ceterae
794 2266 933 2336 sphaerae
947 2264 1031 2320 etiam
1045 2265 1192 2321 distinctae
1214 2263 1419 2339 intelligantur,

58 2342 100 2407 qni
114 2352 215 2409 minen,
240 2362 276 2400 ne
289 2345 437 2401 multitudo
459 2347 594 2402 linearum
615 2347 760 2419 negotium
783 2346 875 2416 potius
896 2347 1066 2410 obscuraret,
1091 2362 1172 2418 quarn
1188 2346 1351 2411 declararet,
1375 2346 1421 2400 hic

60 2423 227 2481 omittuntur.
264 2427 328 2480 Ideo
342 2426 371 2481 in
384 2427 453 2482 Jove
469 2434 499 2481 et
511 2428 603 2483 Marte
617 2427 668 2482 via*
681 2445 776 2483 eorum
797 2427 951 2481 eccentrica
973 2429 1080 2498 duoque
1099 2444 1162 2482 eam
1181 2426 1353 2482 continentes
1368 2426 1419 2482 cir·

57 2502 108 2557 culi
124 2506 297 2570 conoentrici,
319 2506 346 2561 in
362 2507 463 2562 ceteris
478 2508 529 2562 soli
544 2508 709 2563 concentrici
724 2507 855 2578 descripti
869 2506 1017 2562 sufficiunt.

132 2587 233 2657 Spatia
247 2587 419 2643 intermedia.
448 2589 474 2643 R
487 2589 564 2643 locus
580 2589 650 2654 cubi,
671 2589 690 2644 S
704 2588 849 2651 tetraddri,
873 2589 895 2642 T
909 2587 1081 2652 dodecaedri
1097 2589 1121 2642 V
1136 2588 1280 2653 icosaddri,
1300 2587 1328 2643 X
1342 2595 1419 2643 octa·

57 2660 121 2722 5dri.
149 2668 176 2722 N
189 2675 235 2722 est
248 2667 368 2737 spatium
381 2667 455 2724 inter
469 2668 618 2725 Saturnum
633 2676 662 2724 et
675 2670 757 2732 fixas,
782 2656 887 2723 infinito
908 2668 1004 2722 simile.

123 2746 196 2797 Haec
208 2745 331 2810 Keplcrns
344 2748 475 2797 annotmlt
492 2748 518 2797 in
536 2747 625 2798 tabula
641 2749 704 2812 ipsa.
734 2748 859 2811 Inscripta
878 2754 931 2797 est:
951 2745 1058 2797 Tabella
1076 2746 1209 2798 ostendens
1229 2759 1312 2798 raram
1331 2747 1419 2812 ampli-

60 2811 169 2868 bfilinam
188 2817 282 2868 orbium
300 2817 445 2869 coelestium
463 2825 489 2871 et
506 2818 701 2878 mundtiomm,
719 2819 855 2869 monadum
874 2832 989 2872 numeros
1006 2825 1033 2869 et
1050 2818 1200 2870 renuntiem
1219 2818 1357 2884 copemici.

132 2887 162 2957 c)
185 2892 211 2946 E
233 2908 263 2946 re
287 2891 347 2946 'one
368 2891 446 2956 sitos,
466 2900 499 2947 ut
521 2892 695 2957 577-635,
716 2892 756 2946 sic
778 2891 945 2946 aaa-333.

132 2968 162 3036 d)
186 2971 216 3027 si
230 2908 295 3032 ing
307 2989 362 3028 non
376 2988 468 3027 sumas
484 2971 555 3036 577,
577 2973 685 3028 radium
699 2972 822 3042 inscripti
838 2974 983 3037 octaedro,
1007 2972 1056 3026 sed
1072 2968 1142 3036 707,
1166 2971 1273 3027 radium
1287 2969 1413 3043 inscripti

58 3053 191 3110 lll⁸drato
205 3052 343 3107 octaedri:
358 3060 424 3107 tuno
437 3053 491 3108 iste
506 3070 560 3107 non
574 3054 689 3108 multum
703 3053 843 3123 discrepat
857 3069 875 3106 a
891 3052 957 3107 723.

132 3128 166 3201 c)
189 3131 242 3187 Hic
261 3133 404 3203 proportio
426 3133 532 3188 orbium
545 3133 617 3189 Solis
633 3141 663 3188 et
675 3136 771 3189 Lunae
792 3133 942 3187 assumitur
957 3150 1001 3198 ea,
1027 3148 1098 3204 quae
1122 3131 1159 3188 20
1176 3135 1211 3188 ad
1229 3135 1261 3199 l,
1286 3140 1420 3205 quantam

57 3205 138 3267 truelit
153 3213 326 3268 astronomia
339 3214 456 3286 antiqua
469 3213 587 3268 circiter.
616 3218 656 3269 At
669 3217 754 3269 doceo
769 3214 819 3268 lib.
835 3216 881 3269 lv.
897 3213 1048 3284 Epilomes,
1064 3214 1136 3285 quod
1150 3213 1201 3269 illa
1211 3213 1247 3268 sit
1260 3214 1319 3269 fere
1334 3213 1419 3285 triplo

57 3293 156 3360 majora
181 3292 235 3348 etsi
248 3292 521 3364 inpremeridibns
544 3296 680 3350 modestia
700 3296 818 3366 quadam
840 3311 905 3348 usus
930 3294 1062 3366 usurpari
1085 3293 1162 3350 illam
1176 3294 1318 3367 sesquiplo
1332 3294 1420 3365 majo·

55 3376 116 3438 stul,
132 3373 195 3430 scil.
211 3389 273 3428 eam
287 3390 360 3446 quae
375 3375 414 3430 30
431 3377 465 3430 ad
484 3373 643 3439 l,'iuterim
657 3378 719 3430 dum
735 3375 819 3446 plane
834 3375 1034 3431 concluderem.

648 3538 830 3550 ..u-...m-

622 3647 743 3748 Caput
769 3647 851 3721 XV.

232 3802 394 3871 Comotio
418 3805 646 3870 ammarum
668 3814 699 3870 et
720 3807 888 3871 dinastus
907 3805 1242 3889 prostbcpboereseoa.

144 3949 193 4012 No
217 3967 289 4011 vero
312 3946 368 4010 tibi
392 3948 488 4010 lector
507 3947 602 4011 amice
626 3948 815 4010 occasionem
839 3948 931 4010 ullam
954 3949 1117 4030 praebeam
1140 3956 1236 4011 totum
1250 3949 1308 4010 hoc
1323 3967 1419 4029 nego-

52 4026 133 4099 tium
150 4045 276 4118 propter
297 4035 457 4099 loriculam
477 4036 658 4100 discordiam
672 4037 837 4118 rejiciendi,
863 4040 1028 4101 monendus
1046 4038 1095 4100 hic
1111 4058 1154 4113 es,
1178 4037 1312 4119 quod'te
1327 4037 1421 4117 probe

50 4126 232 4189 meminisse
254 4126 359 4201 velim,
394 4123 553 4207 Oopemici
576 4126 724 4188 intentum
754 4145 811 4188 non
836 4125 864 4187 in
889 4128 1120 4208 cosmographia
1149 4127 1278 4202 versari,
1313 4127 1420 4189 sedin

49 4216 260 4279 astronomia:
291 4215 348 4278 boc
371 4223 438 4290 est,
462 4222 563 4278 utrum
578 4215 720 4278 ‘nonnihil
743 4217 772 4278 in
797 4235 900 4278 veram
924 4217 1038 4279 orbium
1061 4217 1285 4298 proportionem
1303 4224 1420 4296 peccet,

48 4307 164 4368 esrum
185 4304 245 4386 ipsi
268 4323 358 4368 curae
382 4312 439 4380 est,
463 4305 553 4367 modo
577 4323 715 4367 numeros
739 4326 778 4367 ex
802 4304 1065 4369 observationibus
1085 4326 1138 4369 eos
1162 4307 1346 4381 constituat,
1371 4305 1421 4387 qni

49 4383 124 4455 sint
154 4395 193 4457 ad
226 4395 477 4458 demonstrandos
511 4402 611 4456 motus
641 4395 891 4476 planetarumque
923 4397 990 4458 loca
1022 4396 1241 4475 computanda,
1277 4403 1421 4477 quantum
1527 4407 1536 4419 ¹

50 4468 126 4575 fif>ri
145 4483 248 4564 potuit
268 4482 398 4546 maxime
422 4484 497 4562 apti.
544 4484 589 4545 At
611 4483 638 4545 si
664 4482 730 4563 quis
759 4483 893 4564 aptiores
917 4486 988 4547 dare
1012 4493 1138 4547 conetur
1165 4493 1198 4546 et
1220 4485 1275 4547 hos
1300 4482 1420 4565 Coper·

51 4573 121 4633 ¹¹¹ci
143 4592 282 4636 numeros
302 4571 348 4634 ita
370 4572 518 4653 corrigat,
549 4580 582 4634 ut
609 4573 682 4635 nihil
705 4573 822 4635 interea
850 4581 904 4635 aut
932 4593 1038 4655 parum
1065 4573 1095 4636 iu
1119 4572 1421 4654 prostbaphaeresssi

53 4651 172 4738 turbet,
195 4663 227 4725 id
252 4661 296 4724 illi
318 4679 374 4742 per
396 4658 596 4742 Oopemicum
620 4661 709 4724 facile
733 4662 845 4725 licebit.
1324 4723 1330 4731 ,

150 4752 194 4816 Ut
220 4750 313 4833 igitur
340 4768 485 4816 summam
517 4750 645 4831 denique
673 4750 741 4814 huic
769 4750 891 4832 negotio
919 4769 1039 4814 manum
1070 4751 1241 4834 imponam,
1274 4757 1365 4832 atque
1387 4757 1422 4812 ut

62 4843 225 4926 aproruent,
258 4838 328 4925 quid
352 4847 553 4932 quantumque
583 4859 677 4926 penes
707 4841 843 4929 singulos
875 4839 1016 4929 planetas
1044 4838 1076 4903 in
1102 4839 1310 4926 parallaxibus
1340 4837 1422 4904 orbis
