3278 5542
144 318 210 385 30ss
566 283 1087 386 amanuenses-quma

144 481 254 603 senff.
281 493 314 531 aa
341 492 406 545 qnae
428 478 477 532 buo
497 480 636 544 pertment.
665 478 757 531 additis
781 478 885 543 Kepleri
911 478 945 530 ad
965 478 1032 529 lianc
1050 478 1182 544 spbwlarn
1206 478 1417 545 ram.
1443 495 1484 546 pre-

145 567 177 617 po
228 566 266 603 ua

221 656 391 708 Fabricius
410 654 601 717 (Resterbariaa
619 655 642 705 d.
666 656 688 702 1.
708 653 777 717 (11.)
796 656 862 721 Aug.
885 653 974 719 1602).

221 765 227 778 .
249 764 256 779 .
277 765 283 778 .
304 727 432 794 cognosco
452 724 491 789 (ln
509 724 578 787 aula)
596 727 713 791 postridie
732 727 857 777 abiturum
881 726 940 778 hinc
959 727 991 778 ad
1011 742 1053 777 ros
1071 730 1149 777 rlrnsn
1172 742 1204 779 ex
1227 728 1321 779 nostris
1345 726 1486 788 musidudrr

148 813 224 866 quare
246 800 345 850 domum
363 813 474 864 propero,
507 803 533 848 et
551 795 683 848 σκελετον
700 798 789 848 saltem
808 796 966 865 (paginarum
992 798 1019 848 in
1035 797 1093 848 folio
1112 798 1146 850 ad
1162 798 1290 867 nuginea
1313 796 1439 865 plenam
1453 796 1488 863 it)

148 871 182 921 ad
199 880 225 921 te
244 886 311 921 nunc
330 870 480 920 mittendum
498 869 611 927 conficio,
631 870 710 920 donec
729 870 828 921 occasio
847 869 879 920 ad
897 869 1094 934 respondendum
1111 876 1238 935 sequatur.

216 941 315 993 Videris
334 941 483 1007 astrologiae
502 955 589 1004 parurn
607 941 645 991 rol
664 937 725 991 nihil
744 941 860 992 tribuere.
898 942 938 992 Au
957 942 1004 992 boc
1022 942 1103 992 studio
1121 942 1218 998 inias.
1244 946 1277 991 nt
1292 940 1326 992 1).
1346 940 1488 1009 Tpcboffl

144 1028 231 1079 parum
250 1013 362 1064 inlibris
381 1013 442 1063 iacit
460 1012 632 1079 astrologiam,
658 1026 733 1078 quarn
751 1019 837 1063 manen
855 1015 937 1063 anirum
957 1012 1069 1075 colebat,
1090 1027 1123 1064 an
1141 1027 1198 1065 vero
1216 1014 1297 1071 sado,
1320 1012 1416 1065 nucis.
1447 1012 1488 1079 igr

145 1086 277 1136 multorum
295 1098 416 1135 annorum
433 1083 515 1133 studio
535 1092 561 1132 et
579 1084 790 1135 observationibus
808 1083 901 1134 sedulis
919 1084 1042 1148 comperi,
1071 1086 1191 1147 rumorem
1208 1083 1234 1135 in
1252 1094 1287 1135 aa
1304 1098 1361 1135 ease
1380 1084 1487 1135 efflue

144 1171 210 1215 nem.
230 1170 304 1222 quam
322 1154 361 1204 rel
379 1154 523 1204 millesimus
543 1156 645 1219 quisque
665 1156 797 1205 existimat.
836 1153 1003 1221 Praecipuum
1020 1170 1107 1206 meum
1130 1155 1177 1207 boc
1196 1162 1236 1206 est
1252 1154 1380 1215 studhnr.
1403 1162 1431 1205 ut
1445 1168 1488 1206 saa

144 1228 277 1293 aliquando
295 1227 415 1276 illustrem
433 1226 544 1275 reddam.
582 1224 673 1275 Omnes
693 1226 831 1284 ventilabo,
853 1225 1010 1285 Chaldaeos.
1030 1226 1143 1284 Arabes,
1161 1226 1351 1285 Ptolemaeum,
1370 1228 1488 1279 anien

143 1301 263 1356 inimicos.
282 1298 368 1347 Plourn
387 1302 413 1346 et
432 1296 501 1346 aiios.
538 1296 663 1361 Principia
680 1298 784 1362 physica
802 1303 828 1348 et
847 1296 989 1365 theologias
1007 1298 1146 1357 ostenden,
1164 1304 1195 1348 ut
1211 1298 1321 1349 influxus
1333 1304 1449 1349 uuam
1462 1298 1487 1349 at

144 1372 212 1421 lutra
229 1375 256 1420 et
273 1370 305 1419 ab
324 1374 395 1418 extra
413 1368 553 1418 delendam.
591 1366 618 1418 Sl
637 1376 678 1429 tu,
698 1371 730 1418 mi
749 1369 874 1433 Keplece,
896 1370 973 1420 audes
992 1371 1018 1421 in
1035 1368 1193 1434 planetarum
1209 1368 1308 1435 palatia
1326 1368 1489 1421 nmdersst

146 1443 231 1492 omnia
248 1442 350 1490 istorum
368 1447 467 1489 secreta
484 1440 541 1489 loca
558 1439 694 1506 indagare,
721 1441 854 1505 explanare
874 1446 900 1491 et
917 1441 1035 1505 prodere.
1064 1456 1108 1492 cur
1131 1456 1181 1491 uon
1199 1438 1261 1491 rnilsl
1286 1441 1414 1508 integrum
1428 1446 1487 1498 aaa.

144 1526 195 1563 non
212 1517 311 1562 tanturn
329 1513 355 1560 iu
372 1511 512 1575 peneuaiia
528 1510 625 1561 illorum
643 1512 757 1575 irrepere,
777 1512 822 1562 sed
840 1512 917 1564 edam
935 1512 1066 1563 &mauros
1084 1510 1180 1562 illorum
1197 1511 1319 1573 samaa
1338 1512 1439 1563 masto
1452 1511 1486 1563 al·

144 1598 192 1649 quo
210 1585 274 1634 torto
294 1582 327 1633 ad
344 1596 383 1632 rue
403 1580 545 1632 adducore?

216 1691 223 1705 .
243 1691 250 1704 .
270 1688 277 1702 .
297 1653 398 1703 Librum
415 1653 633 1719 meteorologioum
651 1653 760 1703 nondum
779 1654 841 1714 ridi,
870 1654 930 1719 quia
948 1653 1073 1718 exemplar
1090 1652 1218 1705 iohannes
1237 1649 1388 1717 (Erichau)
1404 1669 1448 1705 noa
1460 1652 1486 1705 ad

144 1742 184 1778 me
202 1727 276 1777 rnirlt
314 1723 387 1786 Quae
406 1724 437 1774 de
457 1725 597 1789 aspectibus
615 1725 664 1775 tuis
682 1726 752 1775 noris
770 1725 883 1783 adducis,
901 1731 962 1791 puto
979 1740 1029 1775 non
1048 1726 1147 1776 omnino
1165 1739 1232 1778 rana
1249 1740 1315 1779 essa

232 1814 419 1895 Keplerus
443 1815 487 1887 (d.
517 1813 544 1877 i.
570 1812 639 1876 Oet.
669 1810 786 1888 teota-
819 1815 1051 1895 Aspectuum
1081 1814 1237 1895 negotium
1262 1814 1357 1879 volirn
1380 1824 1411 1880 to
1429 1814 1484 1879 dili·

142 1912 249 1985 genter
270 1904 456 1984 perpendere
480 1912 511 1964 et
534 1922 601 1965 cum
623 1903 885 1965 observationibus
900 1904 1143 1984 meteorologicis
1158 1904 1309 1968 conferre.
1357 1906 1430 1969 aiu
1446 1913 1484 1966 est

145 1992 313 2074 speculatio
338 1998 370 2054 et
392 2011 451 2054 non
475 2000 539 2054 tam
563 1991 695 2054 difficilis
719 2011 809 2072 quam
832 1993 894 2055 late
918 2002 1039 2073 putens.
1085 1991 1152 2073 Ego
1172 1994 1336 2069 contendo,
1360 2014 1409 2057 res
1425 2012 1483 2075 geo·

143 2081 286 2145 metricas
318 2081 497 2162 praebuisse
530 2081 660 2144 creatori
694 2082 849 2162 exemplar
885 2084 979 2145 totius
1007 2082 1109 2145 mundi
1135 2080 1313 2147 exornandi.
1360 2082 1484 2166 Disputat
1524 2134 1526 2139 .

142 2171 329 2234 Aristoteles
357 2169 442 2251 ipse,
475 2169 565 2233 rebus
595 2171 789 2250 geometricis
822 2191 891 2232 esse
923 2192 995 2233 sues
1028 2169 1179 2233 esseutiae
1207 2179 1318 2235 contra
1340 2191 1376 2236 ae
1400 2180 1483 2236 mum

143 2261 319 2333 distinctas,
343 2269 377 2322 ut
401 2278 427 2321 e.
452 2277 482 2338 g.
507 2259 666 2321 innostra
688 2260 816 2324 materia
838 2269 904 2323 toto
927 2278 1037 2340 genero
1062 2259 1220 2336 differant,
1252 2260 1285 2322 id
1307 2263 1389 2342 quod
1415 2278 1482 2325 ean·

141 2350 245 2428 parari
267 2349 307 2411 ad
330 2348 508 2411 diametrum
532 2357 636 2428 potest
659 2349 746 2411 modo
772 2368 956 2431 quocunque,
991 2342 1030 2411 ab
1054 2368 1090 2410 eo
1114 2349 1202 2430 quod,
1228 2349 1289 2412 etsi
1313 2358 1426 2415 cenum
1445 2356 1484 2411 est

73 2482 81 2493 .
142 2446 175 2500 et
195 2436 349 2499 definitam
372 2456 541 2500 mensuram
566 2437 667 2514 habet,
693 2437 764 2500 seiri
787 2446 888 2500 tamen
913 2457 971 2500 non
995 2446 1100 2518 potest
1127 2456 1182 2499 nec
1209 2440 1392 2518 comparari.
1431 2438 1484 2502 Hoc

142 2545 238 2606 genus
262 2525 476 2607 quantitatum,
501 2534 534 2587 ut
558 2526 637 2588 latus
652 2526 835 2608 septanguli,
860 2525 1032 2606 nonanguli‚
1057 2526 1268 2607 undeoanguli,
1291 2526 1484 2609 tredeeanguii

143 2616 181 2677 ad
205 2615 398 2690 diametrum,
422 2614 512 2677 vaide
537 2624 587 2677 est
609 2615 744 2678 mirabile
768 2617 936 2678 dimensum
960 2635 1044 2692 esse,
1068 2623 1100 2677 et
1122 2616 1290 2679 mensurari
1314 2636 1375 2680 non
1396 2636 1485 2699 posse.

143 2705 193 2767 lta
215 2705 258 2779 iit,
284 2714 318 2765 ut
332 2705 413 2766 ultra
437 2713 467 2765 et
481 2723 574 2784 supra
588 2705 826 2768 intellectionem
847 2706 892 2767 sui
917 2705 1008 2767 aliam
1026 2704 1120 2767 etiam
1134 2705 1248 2768 babeat
1262 2704 1486 2769 subsistentiam

229 2792 315 2855 Haec
337 2792 439 2874 itaque
459 2793 697 2873 magnitudinum
721 2802 829 2856 natura
852 2813 910 2855 non
934 2802 984 2856 est
1006 2793 1238 2874 proportionata
1251 2795 1323 2877 capi
1346 2795 1386 2859 ab
1406 2794 1486 2858 intel·

144 2884 224 2946 iectu
247 2890 361 2958 nostro,
387 2881 436 2963 qui
459 2881 529 2944 idea
552 2892 600 2945 est
624 2884 721 2945 omnis
745 2882 891 2963 spiritalis
914 2883 944 2945 in
968 2883 1079 2946 mundo
1103 2892 1248 2958 nuturae3
1284 2893 1322 2947 et·
1341 2885 1427 2949 simul
1445 2884 1486 2947 si·

143 2973 262 3048 demus,
297 2972 376 3052 quod
400 2989 458 3033 non
482 2971 523 3034 sit
545 2971 718 3035 introducta
748 2974 787 3035 ad
810 2973 975 3035 movendas
1000 2972 1028 3035 in
1052 2972 1161 3035 mundo
1189 2980 1318 3036 naturas
1342 2974 1486 3047 anneta

143 3061 336 3142 quianullus
360 3067 502 3140 aspectus
535 3063 751 3141 aseptenaria
773 3062 908 3134 ratione,
941 3081 997 3125 neo
1027 3082 1047 3123 a
1069 3062 1180 3125 ceteris
1207 3062 1362 3126 similibus
1388 3064 1485 3127 onan:

144 3150 393 3232 quemadmodum
417 3149 510 3211 etiarn
534 3151 646 3212 nullum
671 3170 779 3231 corpus
803 3151 957 3230 regulare,
981 3151 1031 3213 vel
1047 3151 1145 3231 quasi,
1170 3152 1295 3232 apiano
1320 3151 1487 3236 septangula

142 3239 306 3301 conficitur.
354 3236 388 3300 Si
403 3237 571 3300 cabalistae
595 3241 799 3319 septenarium
813 3241 1003 3321 perrexerint
1025 3240 1159 3316 laudare,
1184 3242 1285 3304 dicam
1309 3258 1484 3306 esaeumm-

142 3346 208 3389 rum
230 3326 350 3407 quietis.
396 3327 477 3389 Nam
501 3346 594 3409 usquo
618 3329 657 3391 ad
681 3329 833 3393 senarium
855 3329 1018 3410 gignuntur
1040 3337 1193 3411 aspectus,
1217 3329 1320 3411 prima
1332 3330 1413 3396 ratio
1424 3348 1486 3411 rep·

142 3415 260 3479 tenuris
282 3415 366 3479 sistit
388 3416 467 3479 hano
485 3417 746 3497 propagationem.
793 3418 845 3481 Sic
869 3436 930 3482 non
947 3416 983 3493 7,
1006 3418 1062 3480 sed
1084 3415 1185 3483 lidies
1200 3419 1500 3486 cressementum

143 3520 202 3582 tur,
227 3504 375 3585 septimus
398 3504 493 3586 quieti
517 3516 712 3570 consecratus
736 3516 795 3570 est.

230 3593 292 3657 Sed
317 3595 355 3656 ab
378 3593 590 3658 Aristotele
622 3595 809 3678 inceperam,
843 3596 912 3657 illuc
936 3595 1036 3659 redeo.
1084 3594 1235 3676 Agnoscit
1266 3595 1321 3660 ille
1351 3595 1480 3698 quandin

141 3684 304 3746 essentiam
335 3703 433 3746 rerum
463 3685 762 3760 mathematicorum
800 3685 915 3747 iaciunt
945 3684 975 3745 id
1007 3683 1136 3747 maxime
1168 3684 1263 3749 etiam
1294 3681 1479 3751 Platonici.

142 3773 267 3835 Dicunt:
301 3773 489 3835 abstractam
512 3794 596 3849 esse,
628 3794 685 3854 quo
710 3775 829 3837 nomine
853 3774 892 3836 ad
915 3772 1017 3836 divina
1046 3781 1079 3835 et
1103 3775 1312 3839 immateriata
1341 3774 1526 3873 accedant

141 3861 305 3923 divisibilia
328 3870 429 3923 tamen
454 3872 486 3925 et
499 3863 687 3943 multiplicia
712 3883 771 3944 qua
793 3864 910 3925 ratione
936 3861 1129 3925 sensibilibus
1148 3865 1407 3947 appropinquent·
1425 3876 1526 3925 aar

141 3968 212 4028 ergo
236 3950 333 4010 medio
357 3950 433 4012 ioco.
481 3950 522 4012 Et
546 3961 658 4028 tamen,
683 3972 748 4015 cunr
772 3972 821 4014 res
845 3950 963 4013 divinae
987 3952 1158 4015 subsistant
1176 3953 1269 4016 etiam
1287 3954 1419 4029 realiter,
1439 3967 1475 4013 res

143 4038 273 4099 sensiles
303 4038 422 4114 itidem,
446 4040 661 4104 mathematica
689 4051 803 4122 negant
830 4040 1006 4103 subsistere.
1053 4040 1120 4122 Ego
1144 4060 1315 4123 repugnare
1339 4062 1398 4107 non
1417 4057 1473 4122 per·

140 4146 216 4187 sum.
263 4126 359 4189 Miror
381 4136 482 4189 tameo
512 4148 569 4190 non
594 4132 693 4193 omnia
713 4131 742 4192 in
765 4137 866 4192 mente
890 4128 1019 4191 hominis
1038 4131 1172 4192 relucere
1194 4149 1297 4211 posse,
1330 4151 1417 4216 quarn
1434 4146 1473 4191 so·

140 4217 200 4278 lam
223 4234 328 4278 omnes
351 4217 539 4296 quantitates
569 4228 692 4301 propter
715 4218 893 4281 infinitatem
924 4219 1012 4297 plene
1036 4237 1219 4300 cognoscere
1248 4236 1309 4284 nou
1332 4238 1419 4305 posse
1437 4217 1472 4281 is·

140 4312 251 4379 tentor,
275 4305 330 4367 sed
353 4325 420 4367 esse
443 4315 604 4388 praeterea
627 4317 659 4371 et
681 4308 752 4385 alia,
777 4309 821 4371 uti
845 4309 1056 4388 septangulum
1080 4328 1165 4371 suam
1184 4307 1302 4373 invenit
1324 4330 1365 4375 ex
1385 4302 1473 4374 ciui

139 4402 171 4456 et
193 4394 223 4456 in
247 4414 283 4457 eo
309 4394 539 4459 determinatam
563 4357 794 4479 longitudinem,
824 4396 853 4459 in
878 4405 977 4459 mente
1002 4396 1130 4460 hominis
1159 4418 1218 4460 non
1241 4398 1377 4476 invenit3
1403 4396 1473 4481 pini

139 4484 202 4547 ut
194 4503 260 4564 ipse
284 4484 413 4547 circulus
437 4485 476 4547 ad
500 4485 678 4550 diametrum
702 4487 773 4563 (sed
797 4486 866 4548 aliis
891 4486 927 4547 de
952 4486 1052 4547 causis
1076 4504 1165 4569 quam
1188 4446 1415 4570 septanguiuin)
1429 4486 1470 4549 br·

139 4571 191 4635 bet
209 4573 327 4653 justam
350 4573 584 4655 proportionem,
609 4594 665 4638 nec
688 4584 790 4639 tumen
814 4575 854 4637 ad
876 4574 942 4655 ejus
957 4575 1168 4656 coguitionem,
1192 4584 1321 4659 propter
1337 4570 1472 4643 infinitati⁸

138 4661 297 4737 rationem,
320 4662 472 4743 perveniri
494 4670 613 4742 potest;
651 4673 685 4727 et
707 4684 777 4728 vere
801 4682 859 4725 non
883 4670 1003 4744 potest,
1028 4664 1288 4748 demonstrarique
1310 4674 1413 4750 potent
1429 4674 1473 4727 net

137 4768 238 4833 posse.
286 4750 334 4814 Ita
355 4751 561 4816 necessarium
585 4762 649 4831 est,
684 4755 776 4818 etde
801 4753 936 4817 essentia
958 4752 1062 4817 cuculi
1084 4754 1129 4818 sic
1153 4775 1238 4832 esse,
1269 4765 1307 4821 ut
1328 4757 1472 4840 ignoratae
