3278 5542
706 371 794 415 msa
813 365 910 417 uasa.
1419 366 1486 433 259

118 517 217 579 elficit
239 517 331 581 insito
354 520 500 602 principio
524 522 634 596 activo,
658 524 712 586 sed
736 524 853 604 rapitur
875 544 895 585 a
917 524 984 587 lixis
1003 521 1046 586 24
1070 525 1167 598 boris;
1190 525 1236 588 ita
1259 526 1356 605 prima
1378 527 1408 602 21
1430 547 1484 590 re·

118 605 204 685 pitnr
227 628 248 669 a
268 608 367 687 prima
389 605 424 687 b,
449 629 542 690 eoque
567 611 704 675 ordinate
728 631 846 691 semper
874 613 1022 675 inferioris
1045 615 1143 692 prima
1166 635 1185 675 a
1207 615 1303 693 prima
1323 616 1486 696 superioris

118 712 217 774 nsque
240 696 281 758 ad
298 696 427 760 Lunam.
473 700 568 763 Porro
598 719 676 780 qnae
706 701 753 762 hio
778 703 996 764 Fraoastoreus
1026 704 1242 782 interpretandi
1270 724 1364 772 causa
1385 707 1485 780 affert,

118 802 156 845 ee
180 783 300 848 sicum
324 786 381 848 hec
404 787 654 868 interpretatione
679 791 880 866 conserantur,
906 809 960 870 per
984 812 1016 853 se
1032 811 1141 853 casura
1154 801 1237 871 puto.
1285 793 1399 854 Verum
1418 795 1487 875 ipsa

119 871 304 936 Aristotelis
326 875 402 938 baec
424 878 504 940 ratio
527 878 730 940 constituendi
755 880 906 941 coelestes
929 882 1018 942 orbes
1042 900 1100 941 non
1117 887 1232 942 tantum
1252 881 1280 941 in
1300 883 1485 945 astronomia

119 961 257 1037 ridetur,
281 964 335 1025 sed
359 983 455 1044 neque
479 968 667 1030 naturalibus
691 968 820 1049 undique
843 968 1011 1032 rationibus
1038 979 1088 1031 est
1110 977 1325 1031 consentanea.
1371 972 1484 1046 Primo,

120 1051 203 1131 qnod
229 1052 294 1115 sine
318 1053 490 1117 discrimine
504 1057 690 1136 superiorum
704 1066 803 1119 motus
819 1059 846 1118 in
863 1058 1020 1120 inferiores
1036 1058 1166 1119 derivari
1186 1057 1306 1132 asserit,
1332 1067 1364 1120 et
1383 1080 1484 1123 eorum

120 1138 171 1220 qni
195 1142 420 1222 amplectuutur
444 1145 612 1221 interiores,
635 1154 669 1207 et
691 1147 741 1226 qni
755 1165 813 1208 non
829 1147 1059 1226 amplectuntur,
1083 1147 1212 1228 epinycli
1237 1147 1320 1209 dicti.
1368 1150 1484 1211 Deinde

119 1229 214 1310 qnod,
237 1250 305 1293 cnm
324 1251 363 1293 ex
375 1233 548 1313 promiscua
570 1253 687 1297 summa
709 1236 825 1297 orbium
840 1236 1000 1299 concludat
1016 1237 1201 1298 Aristoteles
1221 1236 1378 1315 aequalem
1399 1257 1483 1300 sum-

119 1336 203 1381 mam
225 1319 496 1400 intelligentiarum
518 1324 696 1394 metricium.
722 1333 838 1403 septem
862 1333 962 1386 tamen
988 1346 1003 1386 e
1028 1344 1165 1401 numero,
1190 1326 1240 1405 qui
1262 1325 1352 1403 primi
1374 1327 1484 1388 stella-

119 1426 185 1470 rum
218 1409 373 1487 dicuutur,
403 1423 488 1475 motu
516 1421 630 1476 carent.
683 1409 764 1482 Quid
791 1412 885 1492 igitur
911 1413 972 1475 illis
1002 1433 1078 1494 opus
1106 1413 1308 1493 intelligentia
1340 1414 1484 1479 metrice?

118 1495 178 1559 nisi
204 1498 283 1561 forte
306 1500 439 1579 passiva,
464 1501 549 1581 cujus
573 1501 603 1562 vi
627 1502 829 1564 obedientiam
851 1512 1010 1582 praestent
1034 1503 1178 1583 superiori
1203 1503 1336 1566 trahenti
1359 1504 1484 1585 ejusque

119 1593 226 1649 nutum
251 1587 329 1651 nltro
351 1598 526 1671 sequentur.
561 1590 665 1653 Tertio
689 1610 771 1666 cum,
798 1600 831 1653 ut
853 1592 965 1654 dictum
989 1597 1061 1665 est,’
1080 1602 1196 1671 septem
1221 1611 1379 1654 enumero
1402 1602 1484 1655 motu
1565 1641 1569 1648 ‚

118 1685 258 1751 meant,
283 1697 334 1739 cnr
357 1698 415 1741 non
439 1679 536 1742 vicem
550 1679 740 1742 restituentis
756 1681 910 1760 quaelibet
925 1681 1046 1761 supplet
1070 1691 1101 1744 et
1124 1682 1169 1743 ita
1184 1700 1269 1742 suam
1289 1681 1358 1760 ipse
1371 1683 1484 1761 sphae-

118 1782 186 1829 ram
210 1765 250 1828 ab
273 1766 334 1830 ima
356 1769 518 1848 superioris
540 1768 672 1831 motione
695 1769 824 1831 liberat?
869 1768 937 1832 Nisi
957 1771 1035 1831 forte
1050 1772 1201 1832 servanda
1214 1769 1384 1848 aequalitas
1407 1772 1486 1832 inter

118 1852 249 1935 prienam
273 1853 400 1921 Saturni
426 1865 460 1920 et
479 1857 595 1937 primas
619 1858 799 1938 reliquorum
823 1859 1028 1938 planetarum,
1059 1869 1106 1934 ut,
1135 1858 1207 1939 quia
1234 1858 1288 1921 illa
1315 1858 1372 1922 boc
1393 1859 1486 1921 otium

118 1950 171 2009 ont
192 1946 375 2017 necta‘hae
398 1964 515 2028 qnoque
540 1948 646 2010 eodem
668 1947 827 2026 privilegio
850 1948 1012 2027 gaudeant.

211 2031 274 2095 Sed
297 2043 491 2114 pertexarnus
513 2036 693 2099 Aristotelis
717 2036 904 2099 orationem:
929 2056 1017 2111 „cum
1039 2037 1132 2116 igitur
1157 2035 1315 2098 terentium
1335 2036 1484 2116 sphaera-

118 2140 185 2185 rum
211 2123 290 2187 aliae
314 2122 353 2199 8,
378 2125 457 2186 aliae
480 2121 523 2189 24
546 2125 629 2187 sint“
654 2126 698 2198 (in
723 2124 794 2187 aliis
819 2125 1040 2205 exemplaribus
1065 2125 1176 2205 legitur
1194 2122 1264 2199 25).
1312 2122 1391 2187 Octo
1416 2126 1484 2205 qni-

119 2211 190 2275 aaa
219 2221 292 2274 snut
314 2211 438 2277 Saturni
466 2223 498 2275 et
519 2213 621 2288 Jovis,
657 2215 841 2294 siugnlomm
861 2210 893 2278 4.
939 2214 1132 2294 Reliquorum
1162 2213 1187 2274 si
1219 2214 1356 2294 quilibet,
1392 2215 1484 2276 etiem

120 2296 161 2379 Q
186 2308 222 2363 et
247 2304 292 2377 t,
315 2303 478 2365 secundnm
502 2311 633 2367 mentem
647 2303 839 2365 Frecaetorei
863 2303 977 2365 habent
1000 2301 1037 2377 5,
1062 2322 1178 2365 summa
1201 2303 1319 2382 quidem
1344 2301 1385 2366 25
1409 2323 1483 2364 con-

119 2390 223 2453 tatur.
272 2392 389 2453 Vereor
412 2392 505 2472 igitur
532 2400 566 2454 ut
588 2393 663 2454 haec
687 2391 833 2455 correctio
859 2391 901 2455 25
925 2412 978 2472 pro
1003 2390 1046 2455 24
1070 2393 1110 2454 sit
1133 2392 1336 2454 Fracastorei.
1384 2391 1418 2454 si
1444 2389 1484 2469 Q

118 2487 152 2543 et
172 2480 203 2551 )
230 2489 394 2560 quaternas
417 2490 536 2545 tantum
560 2482 682 2555 habent,
706 2501 822 2545 summa
845 2481 1043 2562 posteriorum
1067 2483 1125 2544 erit
1148 2478 1200 2556 23,
1226 2500 1285 2542 non
1310 2478 1362 2542 25.

188 2568 285 2644 Vide,
319 2590 358 2632 an
386 2589 445 2632 non
476 2570 521 2633 sio
548 2570 791 2650 intelligendum:
826 2571 925 2645 „aliae
954 2571 1060 2645 octo,“
1093 2571 1112 2631 i.
1145 2590 1171 2632 e.
1197 2569 1278 2631 Solis
1307 2578 1339 2632 et
1368 2570 1484 2645 Lunae,

118 2657 224 2810 „eligas
244 2655 321 2732 23‚“
345 2658 363 2721 i.
389 2679 416 2722 e.
439 2659 622 2741 reliquorum
643 2658 674 2723 5.
721 2661 764 2723 Ut
786 2660 831 2721 ita
854 2661 895 2723 sit
913 2659 1082 2721 evidentior
1101 2679 1195 2722 causa
1218 2660 1306 2738 hujus
1327 2658 1485 2721 divisionis

120 2746 151 2809 in
224 2756 257 2809 ct
280 2744 333 2812 23.
681 2808 684 2813 .

215 2835 281 2910 „Et
312 2836 417 2901 harum
444 2856 503 2899 non
532 2855 657 2905 necesse
688 2845 737 2899 est
766 2837 878 2898 habere
906 2837 1116 2898 restituentem
1152 2835 1247 2896 solam
1274 2834 1372 2910 illam,
1407 2855 1483 2916 quae

118 2934 236 2989 uuum
259 2925 397 2988 ultimum
420 2926 514 2988 fert.“
556 2925 670 2988 Omnes
696 2923 716 2988 6
739 2926 923 3006 superiores,
959 2926 1005 2986 sui
1033 2923 1146 2986 ordinis
1174 2923 1266 2998 imae,
1299 2944 1375 3005 quae
1399 2934 1486 2987 astra

118 3032 175 3077 sun
199 3015 311 3089 ferunt,
335 3014 449 3079 habeut
471 3015 529 3077 enb
551 3035 584 3076 se
610 3015 815 3087 restituentes,
843 3013 913 3094 qnia
927 3014 1040 3076 babent
1064 3024 1095 3074 et
1117 3014 1226 3074 subse
1251 3013 1333 3074 aliud
1357 3022 1483 3076 astrum.

119 3101 195 3167 Sole
211 3103 326 3179 Lunae,
351 3103 448 3167 ultimi
471 3104 556 3178 astri,
582 3105 681 3166 ferens
706 3114 738 3164 et
760 3105 821 3166 ima
843 3122 902 3164 non
926 3104 1019 3165 babet
1044 3103 1099 3163 sub
1114 3122 1146 3164 se
1168 3102 1387 3178 restituentem,
1413 3103 1484 3183 quia

118 3193 235 3257 nullum
259 3200 374 3255 astrum
397 3192 541 3274 sequitur,
566 3193 652 3272 cujus
675 3193 773 3273 prima
795 3193 982 3255 restituatur.
1029 3192 1288 3268 „Restituentinm
1322 3190 1484 3273 quidemss

119 3290 210 3345 crunt
232 3281 358 3344 duorum
379 3282 575 3363 primorum.“
620 3283 701 3344 Nam
726 3280 871 3362 Calippns
894 3280 1026 3343 Saturno
1050 3277 1071 3342 4
1095 3281 1231 3356 dederat,
1256 3281 1383 3344 totidem
1401 3282 1482 3355 Jovi,
1517 3344 1521 3351 ,

119 3371 227 3452 primis
250 3372 394 3451 planetis.
441 3371 629 3434 Aristoteles
657 3370 743 3432 addit
766 3374 903 3451 utrinque
931 3371 1072 3444 totidem,
1105 3389 1162 3431 uno
1185 3370 1297 3439 minus,
1331 3379 1364 3431 ut
1392 3391 1483 3451 supra

121 3460 369 3525 denunciaverat.
417 3458 497 3522 Sunt
524 3460 625 3540 itaque
655 3460 701 3521 bis
730 3469 808 3535 tres,
842 3479 917 3540 quos
946 3461 1045 3533 addit,
1079 3477 1121 3520 sc.
1148 3455 1177 3522 6.
1224 3457 1386 3532 „Sedecim
1410 3480 1481 3521 vero

118 3549 320 3628 posteriomm
342 3546 396 3614 4.“
442 3550 522 3612 Nem
543 3548 688 3612 Eudoxus
713 3550 806 3611 dabat
829 3557 871 3620 ό,
896 3551 930 3625 ll,
958 3548 1000 3621 Ω,
1025 3545 1085 3624 Q:
1111 3546 1145 3623 5,
1171 3546 1208 3622 5,
1235 3545 1269 3619 5,
1294 3543 1331 3619 4;
1355 3549 1481 3610 Aristo-

118 3638 197 3701 teles
225 3638 313 3701 addit
341 3638 484 3714 totidem,
518 3657 637 3718 semper
665 3658 723 3700 uno
751 3638 865 3711 minus,
900 3657 944 3698 sc.
968 3634 1007 3712 4,
1037 3634 1072 3710 4,
1097 3634 1133 3709 4,
1158 3634 1192 3711 3,
1226 3635 1305 3715 quod
1333 3656 1480 3697 summam

119 3726 194 3795 tacit
222 3724 271 3791 15.
318 3726 375 3791 Sin
398 3735 500 3791 autern
523 3736 555 3788 et
579 3725 619 3804 Q
645 3729 807 3789 secundum
831 3726 1022 3787 Fracastorei
1045 3734 1175 3787 mentem
1198 3725 1310 3785 habeat
1333 3723 1353 3787 5
1379 3728 1479 3786 feren-

118 3822 179 3893 aa,
210 3816 336 3879 habebit
364 3823 397 3881 et
419 3813 441 3880 4
464 3815 678 3890 restituentes,
709 3817 823 3894 eritque
853 3834 972 3876 summa
995 3833 1069 3875 sane
1098 3810 1146 3876 16.
1196 3810 1319 3888 ,Quare
1349 3814 1479 3875 omniurn

118 3924 259 3969 mmerne
292 3914 325 3967 et
358 3905 519 3972 terentium
553 3914 586 3966 et
621 3904 843 3968 restituentinm
875 3903 935 3965 erit
963 3902 1042 3979 55;“
1078 3903 1225 3983 siqnidem
1264 3902 1326 3963 illic
1362 3904 1478 3964 Fraca-

119 4003 220 4059 atoreo
248 3995 391 4074 largiaris
420 3992 457 4071 8,
486 3992 549 4068 25;
582 3994 630 4056 bic
660 3991 694 4068 6,
728 3990 778 4056 16.
825 3993 924 4055 Atei
952 3990 986 4067 8,
1017 3990 1059 4055 23
1093 4002 1125 4053 et
1153 3989 1187 4066 6,
1222 3991 1258 4053 15
1288 3992 1476 4073 colligamus,

118 4102 266 4147 summam
288 4084 479 4147 conficiemus
502 4081 555 4145 52.

207 4172 264 4249 ,si
286 4191 358 4235 vero
373 4171 495 4235 Soli-et
508 4172 613 4234 Lunae
636 4189 693 4230 non
715 4170 866 4232 addiderit
886 4168 962 4249 quis,
987 4188 1061 4250 quos
1078 4168 1216 4244 diximus,
1241 4177 1340 4231 motus
1364 4188 1476 4246 omnes,

118 4262 266 4343 sphaerae
289 4271 378 4324 erunt
399 4259 474 4326 49³⁴
521 4259 595 4324 Sive
625 4259 703 4321 euim
728 4258 873 4338 Galippus
899 4260 983 4320 binos
1011 4259 1175 4334 addiderit,
1204 4260 1315 4320 cadent
1337 4260 1432 4338 primo
1456 4256 1478 4322 4

118 4350 260 4426 ferentes,
284 4350 353 4412 dein
379 4348 400 4413 2
424 4349 620 4413 restituentes
645 4347 735 4423 Solis,
761 4344 870 4428 quia2
895 4348 959 4428 ejus
983 4349 1115 4408 ferentes
1139 4348 1285 4410 cecidere.
1332 4348 1395 4417 Sex
1418 4348 1476 4426 igi-

118 4450 163 4505 lnr
187 4441 216 4503 sl
238 4441 361 4503 auferas
385 4437 480 4511 ato,
508 4447 630 4502 restant
652 4434 705 4501 49.
752 4437 865 4518 Aliqua
898 4447 996 4497 tamen
1021 4438 1205 4515 exemplaria
1233 4437 1345 4498 babent
1367 4437 1476 4498 vitiose

118 4524 178 4607 47ς
212 4531 280 4594 stre
304 4528 415 4609 singuli
439 4529 602 4608 aOalippo
624 4527 687 4588 siut
705 4526 810 4601 additi,
835 4527 947 4588 cadent
969 4525 1064 4604 primo
1088 4525 1264 4599 2t'erentes,
1290 4545 1348 4586 una
1362 4527 1476 4598 Lunae,

118 4619 217 4689 altere
237 4617 333 4694 Solis,
357 4618 484 4698 indeque
508 4618 574 4697 ejus
599 4636 658 4678 uua
681 4614 861 4687 restituens3
885 4611 1012 4694 quere3
1033 4615 1069 4675 de
1084 4613 1126 4677 52
1150 4615 1282 4690 ablatae,
1306 4614 1477 4696 relinquunt

118 4703 304 4777 4111111149.
349 4707 461 4771 Nescio
493 4706 565 4788 qnid
594 4704 721 4767 monstri
749 4704 824 4767 daut
850 4704 984 4765 affectati
1013 4704 1139 4778 numeri,
1173 4703 1199 4764 si
1228 4713 1328 4765 tamen
1356 4706 1475 4784 genuini

118 4806 210 4863 rant:
241 4803 294 4860 est
314 4795 423 4861 binarii
444 4797 539 4860 cubus
562 4791 597 4869 8,
623 4812 762 4857 numems
785 4793 945 4855 serentium
967 4789 988 4871 ll
1012 4801 1045 4854 et
1066 4792 1115 4867 11;
1140 4801 1189 4855 eet
1212 4793 1318 4856 binarii
1342 4794 1475 4873 quadra-

118 4896 178 4959 tnm
200 4883 240 4965 4,
264 4904 407 4958 uumerus
429 4887 588 4979 stellarum
608 4891 682 4965 poet
703 4883 779 4945 dnae
801 4881 881 4958 illas,
907 4898 984 4962 quae
999 4881 1196 4945 restituentes
1218 4881 1274 4943 aab
1293 4901 1326 4945 se
1345 4882 1474 4958 babent3

1200 4984 1260 5035 17*
