3278 5542
704 332 866 384 Prooemium·
1421 331 1464 399 29

194 487 295 550 Datne
320 487 339 551 7
362 489 433 552 Jan.
458 491 506 552 vel
530 487 572 555 28
594 490 668 554 Dec.
693 494 763 555 anni
787 493 957 573 incipientis
986 491 1082 570 1597,
1115 513 1202 574 quem
1225 494 1280 556 tibi
1304 502 1373 556 tuae
1393 513 1463 556 con·

94 578 193 658 jugi,
207 598 325 654 socero,
351 580 533 661 collegisque
557 582 693 644 omuibus
718 582 855 645 foelicem
877 602 992 662 precor.

742 672 782 735 Η.
806 672 841 732 Τ.
890 670 1022 736 Gratiss.
1048 674 1122 735 disc.

1139 761 1187 823 Μ.
1210 760 1264 824 Jo.
1287 758 1417 842 Kepler.

172 913 204 963 ln
224 915 328 979 epistola
345 916 487 980 Kepleri
505 932 570 984 quac
587 917 652 968 hanc
671 920 737 969 brari
755 921 888 973 subsecuta
906 927 944 972 est
960 921 1024 970 baec
1042 936 1098 972 cnm
1117 921 1149 970 ad
1168 935 1206 971 res
1225 921 1386 978 domesticas,
1409 927 1463 972 turn
1563 943 1565 945 ¹

101 984 132 1035 ad
150 999 217 1050 opu
236 988 385 1051 pertinentia
401 989 520 1055 legimm:

192 1107 330 1174 Salutem
344 1112 513 1194 plurimam.
547 1112 704 1176 Neminem
719 1115 889 1177 mortalium
904 1115 1043 1177 existimo
1058 1115 1169 1190 vivere,
1193 1116 1278 1196 cujus
1298 1116 1342 1177 ita
1365 1116 1463 1195 fugiat

96 1198 322 1278 providentiam
346 1202 466 1264 fortuna
488 1222 558 1276 sua,
587 1211 621 1263 ut
644 1223 690 1264 me
714 1222 782 1266 mea
806 1203 901 1285 fugit:
933 1205 980 1267 cui
1009 1203 1087 1265 bona
1117 1207 1250 1285 speranti
1280 1213 1311 1267 et
1335 1204 1461 1284 jamjam

96 1288 212 1350 brenti
236 1289 385 1352 foelicitas
410 1310 425 1352 e
449 1290 585 1353 manibus
609 1292 757 1355 elabitur:
788 1301 894 1356 contra
922 1295 1002 1373 mela
1029 1294 1174 1355 metuenti
1206 1303 1238 1356 st
1262 1293 1389 1375 jamjam
1412 1293 1460 1356 vi·

96 1377 185 1439 denti
207 1378 289 1440 bona
310 1379 460 1443 eveniunt.
492 1381 594 1461 Atque
618 1381 693 1443 haec
712 1401 779 1443 mea
798 1382 925 1457 fortuna,
951 1401 1008 1464 quo
1032 1383 1129 1463 magis
1153 1383 1208 1445 hoc
1232 1391 1365 1464 ternpore
1389 1382 1461 1444 mrhi

95 1466 269 1542 blanditur,
293 1469 349 1530 hoc
371 1469 469 1550 magis
492 1469 563 1531 mihi
585 1478 685 1532 metuo
710 1471 748 1532 ab
772 1470 838 1545 illa,
863 1481 911 1546 ut,
935 1472 961 1533 si
985 1472 1145 1552 aliquando
1171 1473 1242 1534 mihi
1266 1473 1320 1534 liat
1342 1472 1461 1534 infensa

95 1559 147 1628 (ut
170 1576 231 1618 non
255 1558 335 1620 solet
357 1578 425 1620 esse
449 1561 606 1634 constans)
631 1560 687 1621 hoc
710 1560 788 1622 idem
813 1560 963 1641 ingenium
988 1580 1074 1623 sunm
1097 1562 1236 1623 retineat.
1278 1562 1357 1623 Nam
1381 1562 1460 1623 bona

95 1645 145 1707 vel
170 1664 262 1707 coeco
286 1648 426 1711 obvenire
451 1656 481 1710 et
504 1648 665 1711 somnianti
689 1650 770 1711 nulla
793 1650 951 1712 calamitas
975 1660 1041 1712 est:
1071 1652 1151 1712 mala
1173 1670 1244 1714 vero
1269 1650 1361 1714 etiam
1383 1669 1457 1732 pro-

94 1735 177 1797 vidis
202 1743 235 1796 et
257 1737 519 1816 praesagientibus
543 1737 649 1817 gravia
673 1746 756 1812 sunt,
785 1740 892 1801 nedum
916 1741 941 1800 si
972 1741 1045 1801 bene
1070 1750 1228 1820 sperantes
1253 1750 1375 1820 repente
1400 1759 1457 1822 op·

93 1824 241 1904 primast.
277 1825 356 1888 Ecce
372 1825 577 1889 Comoediam.
616 1827 696 1888 Duri
720 1847 797 1889 anuo
822 1824 863 1890 96
888 1848 1019 1903 uxorem,
1047 1848 1102 1890 nec
1127 1824 1206 1891 aliud
1231 1838 1295 1891 tcto
1319 1828 1459 1892 semestri

93 1912 199 1987 sensi,
233 1915 477 1977 confirmantibus
509 1935 555 1978 me
589 1916 684 1978 literis
716 1917 959 1996 gravissimorum
988 1916 1126 1979 virorum.
1178 1919 1292 1980 Laetus
1323 1919 1398 1980 redii
1426 1919 1456 1982 in

93 2002 250 2084 Styriam;
275 2012 308 2065 ut
330 2005 412 2077 veni,
436 2005 553 2066 nemine
578 2025 635 2066 non
659 2007 846 2085 gratulante,
871 2007 943 2077 mihi
967 2014 1083 2068 secreto
1109 2007 1272 2080 indicatur,
1296 2026 1342 2068 me
1366 2026 1458 2069 uxore

96 2090 260 2154 excidisse.
311 2092 389 2173 Spes
418 2094 548 2174 conjugii
577 2113 630 2175 per
657 2105 804 2156 semestre
837 2096 973 2158 radicata
1002 2115 1115 2158 moram
1147 2097 1271 2158 alterius
1303 2097 1457 2159 semestris

99 2181 266 2262 requisivit,
290 2182 383 2244 donec
408 2203 523 2245 rursum
547 2183 758 2254 eradicaretur,
784 2192 875 2264 atque
900 2204 955 2262 ego
978 2184 1097 2264 penitus
1122 2185 1193 2247 mihi
1213 2186 1271 2266 ipsi
1290 2186 1456 2264 persuade-

96 2290 167 2344 rem,
193 2269 311 2333 irritam
334 2292 420 2348 esse,
445 2273 593 2353 aliamque
618 2275 698 2335 vitae
722 2274 869 2336 rationem
894 2274 1007 2335 inirem.
1042 2274 1102 2336 Ubi
1122 2275 1313 2356 desperatum
1336 2272 1457 2354 penitus

95 2368 154 2433 est,
179 2379 213 2421 re
233 2361 299 2439 jam
323 2363 360 2422 ad
385 2361 581 2424 ministerium
605 2363 716 2436 delata,
742 2382 810 2424 ecce
835 2382 942 2425 novam
966 2382 1155 2444 separaveras.
1198 2364 1298 2426 Movit
1320 2364 1456 2426 homines

92 2448 256 2511 ministerii
280 2450 445 2526 autoritas,
480 2459 511 2513 et
540 2452 566 2512 si
595 2460 819 2531 comparerent,
855 2452 1013 2515 ludibrium
1038 2472 1132 2515 suurn.
1179 2454 1285 2534 ltaque
1315 2452 1455 2515 certatim

93 2557 202 2600 omnes
221 2539 288 2617 jam
310 2539 434 2613 viduae,
463 2541 527 2620 jam
554 2540 688 2620 parentis
712 2541 841 2603 animum
869 2542 967 2603 adorti
996 2562 1048 2603 ecs
1073 2551 1296 2624 expugnarunt,
1326 2543 1455 2624 mihique

93 2646 192 2688 novas
215 2627 409 2691 conlecemnt
432 2630 563 2709 nuptias.
609 2628 677 2701 Quo
700 2649 757 2691 uno
781 2631 895 2710 impetu
918 2639 1094 2694 corruerunt
1117 2633 1215 2694 omnia
1238 2650 1307 2693 mea
1330 2632 1457 2694 consilia

93 2716 133 2777 de
157 2716 221 2778 alia
245 2717 308 2779 vita
330 2718 471 2780 ineunda.
509 2719 610 2798 Usque
630 2719 706 2780 adeo
726 2739 784 2781 non
805 2728 851 2781 est
874 2720 903 2780 iu
924 2720 1051 2783 hominis
1075 2729 1229 2800 potestate
1254 2722 1318 2782 dies
1343 2723 1455 2784 crasti-

93 2825 163 2868 nus.
211 2806 296 2868 Haec
320 2808 359 2869 ad
382 2816 429 2884 te,
454 2808 638 2887 Praeceptor
661 2808 842 2884 clarissime,
866 2810 982 2889 meique
1007 2811 1229 2883 amantissime,
1255 2830 1320 2871 cunr
1345 2820 1378 2872 ut
1400 2811 1455 2873 tibi

91 2895 330 2959 sollicitudinem
355 2897 481 2966 demam,
505 2905 566 2958 tum
591 2898 629 2958 ob
654 2916 748 2958 meum
774 2899 956 2978 opusculum.
996 2897 1140 2969 Quamvis
1160 2918 1327 2960 cormeum
1347 2900 1454 2974 dicam,

91 3003 192 3046 musa
214 2985 342 3048 obscura
365 2995 397 3047 et
419 2987 518 3048 tenuis
542 2993 599 3048 est.
637 2986 686 3048 Illi
709 2987 787 3049 enirn
812 3005 868 3066 ego
892 2985 1010 3049 Semele
1035 2987 1084 3061 fui,
1111 2996 1142 3049 tu
1165 2986 1295 3067 Jupiter.
1339 2988 1406 3050 Aut
1429 2989 1455 3049 si

90 3073 184 3136 malis
206 3073 362 3137 Minervae
383 3076 456 3137 illud
475 3093 647 3155 comparare
663 3093 750 3159 quam
765 3076 893 3137 Libero:
917 3076 1037 3157 Jupiter
1051 3095 1107 3156 ego
1122 3078 1221 3156 capite
1237 3077 1309 3140 illud
1324 3078 1453 3158 gestavi,

90 3164 147 3224 sed
171 3163 232 3224 nisi
256 3172 288 3226 tu
308 3165 464 3226 Vulcanus
488 3184 553 3227 cum
577 3165 697 3245 bipenni
723 3165 832 3228 luisses
856 3166 1079 3240 obstetricatns‚
1105 3185 1254 3247 nunquam
1278 3186 1334 3247 ego
1357 3184 1453 3248 pepe·

88 3271 214 3316 rissem.
373 3272 377 3281 ·
1016 3280 1021 3290 ·

182 3341 270 3404 Illius
293 3342 384 3422 igitur
408 3343 542 3424 opusculi
566 3339 631 3406 200
650 3342 835 3425 exemplaria
857 3361 955 3405 emere
979 3351 1124 3422 gravatus
1148 3364 1214 3406 sum
1237 3345 1267 3407 in
1291 3344 1454 3425 superiori-

90 3433 145 3494 bus
171 3430 272 3494 literis
302 3433 340 3510 ob
370 3433 446 3494 duas
472 3431 661 3512 potissimum
694 3452 820 3507 causas,
854 3432 980 3513 primum
1009 3433 1079 3512 quia
1107 3434 1278 3497 metuebam
1306 3443 1453 3508 sumtum

91 3521 223 3595 deinde,
258 3521 328 3601 quia
357 3522 474 3584 omnino
502 3521 575 3583 mihi
606 3539 839 3602 proposueram,
873 3522 937 3584 lata
968 3540 1069 3583 coram
1097 3523 1261 3585 ministerio
1290 3525 1452 3600 sententia,

95 3610 262 3673 discedere.
307 3611 377 3673 Non
400 3611 539 3673 videbam
564 3619 677 3685 autem,
710 3630 849 3691 quorsum
876 3609 962 3679 mihi,
993 3629 1051 3672 uon
1075 3611 1126 3673 diu
1150 3612 1196 3674 hic
1220 3621 1452 3685 commoratum,

98 3701 256 3778 prodesset
291 3707 407 3762 tantum
436 3719 510 3762 onus
540 3700 771 3778 exemplarium:
817 3700 886 3761 Jam
915 3707 982 3761 rato
1011 3719 1076 3761 meo
1105 3701 1243 3780 conjugio
1273 3703 1452 3764 manendum

96 3789 165 3851 mihi
189 3797 258 3850 est:
284 3797 316 3850 et
332 3791 462 3869 pretium
480 3789 648 3851 tolerabile.
682 3790 749 3852 Non
773 3807 873 3868 pugno
896 3789 988 3867 igitur
1009 3789 1145 3868 amplius,
1171 3789 1250 3870 quin,
1273 3791 1299 3852 si
1324 3791 1454 3853 nondum

92 3898 157 3940 eum
190 3878 378 3959 typographo
406 3877 569 3959 pepigisti,
600 3878 666 3956 jarn
699 3896 787 3957 porro
819 3878 872 3939 illa
902 3874 967 3940 200
994 3878 1178 3957 exemplaria
1208 3878 1279 3941 mihi
1307 3879 1451 3943 vindices.

90 3967 315 4049 Typograpbus
339 3987 464 4047 parvam
482 3985 595 4029 moram
611 3986 706 4048 aequo
722 3968 820 4029 animo
836 3967 924 4029 ferat.
957 3967 1033 4029 Mihi
1056 3968 1086 4029 in
1107 3974 1194 4030 tanto
1217 3962 1332 4030 itineris
1355 3970 1451 4032 inter-

88 4056 193 4131 vallo,
225 4064 314 4118 tanta
339 4064 479 4119 monetae
502 4057 652 4119 varietate
676 4056 959 4136 tabellariorumque
983 4057 1108 4137 perfidia
1130 4076 1188 4118 non
1213 4057 1257 4119 ita
1281 4059 1453 4139 expeditum

88 4155 150 4221 est,
176 4146 335 4225 pecuniam
358 4165 522 4209 numerare.
569 4146 678 4208 Tribus
703 4152 804 4206 autern
836 4145 963 4208 diversis
987 4145 1095 4208 Suevis
1120 4146 1244 4208 eandem
1268 4166 1343 4227 pene
1367 4168 1451 4211 sum-

88 4255 173 4297 mam
197 4232 240 4299 33
263 4237 440 4297 florenorum
464 4235 511 4296 hic
537 4234 655 4297 Grastii
675 4234 741 4313 jam
765 4233 931 4308 numeravi,
959 4255 1047 4315 quam
1071 4235 1115 4297 illi
1138 4255 1191 4315 per
1215 4256 1285 4296 suos
1309 4247 1450 4316 parentes

90 4324 349 4409 Gmppenbachio
379 4334 535 4389 numerent
562 4325 643 4386 intra
671 4324 821 4385 trimestre
851 4332 979 4404 tempus.
1031 4322 1071 4385 10
1094 4325 1124 4386 fl.
1149 4325 1305 4387 fleruarto
1328 4325 1449 4393 Essliu-
1531 4362 1537 4376 ·

87 4414 190 4494 gensi,
214 4409 275 4495 8⁸),
296 4415 326 4476 fl.
351 4414 444 4476 Lucio
459 4413 690 4494 Waiblingensi‚
719 4410 758 4474 12
783 4414 814 4473 fl.
838 4413 949 4474 Murrio
974 4413 1176 4491 Marpacensi.
1210 4415 1251 4475 Et
1275 4415 1310 4475 dc
1336 4415 1450 4476 duobus

88 4503 207 4565 ultimis
225 4504 289 4584 jam
313 4512 413 4566 certus
437 4522 517 4575 sum,
548 4503 584 4564 de
607 4503 702 4584 primo
726 4510 760 4564 ut
782 4502 845 4563 viro
870 4503 1018 4582 locuplete
1042 4502 1117 4564 bene
1141 4522 1239 4582 spero.
1287 4502 1349 4565 Sed
1373 4505 1449 4566 hanc

88 4592 266 4655 intricatam
291 4592 449 4655 solutionis
473 4593 553 4654 viam
572 4591 777 4674 typographus
795 4591 898 4671 procul
920 4591 1009 4653 dubio
1030 4592 1218 4653 aversabitur
1241 4599 1275 4653 ut
1293 4592 1448 4656 incertam.

89 4680 198 4752 Quare
220 4682 296 4745 nihil
319 4682 363 4745 illi
386 4682 423 4744 de
453 4683 541 4743 modo
571 4681 673 4763 dicas,
694 4687 840 4765 tantum,
870 4680 1089 4761 persoluturum
1117 4700 1163 4742 me
1194 4680 1343 4744 hominem
1370 4683 1450 4744 iutra

89 4769 115 4834 2
136 4791 256 4835 menses
280 4772 320 4833 ab
343 4790 395 4845 ec,
425 4791 482 4855 quo
507 4771 691 4852 exemplaria
714 4787 868 4850 accepero.
915 4767 1101 4850 Opusculum
1123 4770 1220 4851 ipsum
1243 4769 1315 4845 mihi
1337 4772 1447 4852 placet,

89 4870 125 4928 et
147 4862 268 4925 omnino
290 4861 467 4942 gratissima
488 4869 537 4925 est
559 4861 613 4924 illa
635 4868 690 4924 tua
712 4857 867 4923 annotatio
891 4857 928 4921 de
951 4859 1131 4923 Aristarcho
1152 4857 1265 4927 Samio.
