3278 5542
667 91 1002 159 m·'
1374 105 1419 174 ιι

55 282 130 327 meo
159 265 289 328 nomine.
338 265 424 330 ldem
451 268 544 330 etiarn
570 285 637 330 meo
664 267 783 330 nomine
810 286 908 333 meam
936 288 980 332 ιι.
1008 268 1259 333 officiosissimam
1281 268 1419 335 ,ιιιιιιιι

58 353 197 434 collegio
218 354 426 436 philosophico
448 356 543 420 dicae.
589 356 672 418 Deos
695 355 751 418 tibi
774 356 969 421 domesticum
992 377 1156 421 moerorem
1178 358 1285 438 majori
1300 358 1420 429 laetitia

59 441 151 504 brevi
174 454 359 525 compenset.
405 445 496 522 Vale,
521 453 552 507 et
574 444 759 508 Ludovicnm
774 445 873 522 filium,
898 447 947 529 qui
958 448 1023 527 jem
1037 448 1142 529 procul
1158 448 1246 510 dnbio
1260 447 1417 528 patrissat,

60 553 82 592 a
103 532 245 595 studioso
269 535 442 597 matheseos
465 533 574 597 saluta.
620 534 763 607 Nostram
785 535 871 597 vobis
895 537 1030 599 omnibus
1053 537 1212 600 ecclesiam
1235 537 1419 608 commendo,

61 620 236 704 uestrisque
258 624 409 703 precibus.
459 623 486 687 1.
515 622 551 686 11
577 623 660 687 Junii
683 643 732 685 an.
760 621 853 690 1598.

557 713 653 774 Ηιιι..
672 712 706 777 T.
731 711 820 777 Grat.
844 715 928 780 Disc.

1079 801 1332 886 msKepler.

132 979 227 1031 Paucis
245 986 301 1044 post
318 928 442 1031 mensibus
460 978 526 1030 aliea
548 979 682 1065 Keplerum
701 981 832 1031 turbarunt
849 980 1005 1046 theologicae
1030 982 1202 1052 calamitates,
1228 981 1351 1048 veriores
1372 979 1420 1038 tia,

61 1066 124 1116 quas
142 1053 170 1101 iu
188 1051 329 1116 praemissis
346 1051 445 1116 tangit,
465 1057 507 1111 et,
527 1053 597 1115 quasi
612 1055 666 1115 jam
684 1053 826 1118 ingruentes
844 1053 1012 1118 peragranti
1031 1054 1113 1103 ιιιιιι
1133 1053 1261 1112 dunum,
1281 1052 1419 1104 concludit:

63 1131 193 1179 ,noemam
211 1124 278 1173 ιιιιι
296 1123 407 1174 ιιιιιιιι
426 1087 557 1173 ecclediam
575 1122 744 1174 commendo*

134 1193 313 1245 Οιιιιιιιιιιιι
331 1199 501 1258 erumpentem
518 1194 556 1244 ιιι
575 1195 678 1245 ιιιιιιι
695 1193 843 1245 Maestlino:
882 1230 884 1236 .

151 1336 284 1399 Pandite
307 1355 384 1398 nunc
408 1336 555 1399 Helicona
568 1291 662 1413 Deae,
687 1344 853 1417 cautusque
867 1343 995 1399 movete.
1033 1336 1094 1400 Sed
1111 1339 1180 1419 quid
1196 1346 1304 1401 cantus
1317 1357 1420 1422 posco,

61 1427 105 1491 ιιι
129 1428 208 1489 fletu
230 1444 305 1506 opus
330 1426 396 1487 est?
433 1424 511 1489 Rem
540 1427 672 1489 breviter
695 1425 809 1507 accipe.
855 1426 918 1489 Vix
940 1426 1075 1491 redieret
1098 1448 1136 1490 ex
1158 1428 1250 1490 ltalia
1271 1428 1420 1508 princepe,

63 1536 126 1578 com
153 1516 284 1585 accidit,
308 1524 343 1578 nt
363 1515 498 1597 picturae
522 1516 668 1596 quaedam
691 1523 803 1578 aeneae
826 1515 855 1577 in
878 1535 977 1597 papae
1000 1517 1211 1580 coutumeliam
1234 1516 1281 1579 hic
1304 1518 1420 1580 distra-

63 1608 218 1670 herentur.
256 1605 399 1686 Princeps
423 1612 531 1668 vocato
553 1605 769 1669 ordinariorum
791 1605 942 1687 praeside,
965 1626 1080 1688 pacem,
1103 1607 1209 1688 inquit,
1234 1607 1293 1669 etsi
1308 1607 1420 1679 darem,

65 1697 116 1776 ipsi
142 1695 299 1776 respuitis.
343 1693 393 1756 mr
417 1712 452 1757 eo
471 1694 646 1775 bibliopola,
670 1696 807 1777 quamvis
825 1695 1051 1775 provincialium
1065 1696 1212 1770 minister,
1233 1697 1322 1775 jussu
1335 1695 1420 1778 prin-

67 1786 135 1866 cipis
163 1786 193 1847 iu
219 1802 370 1846 carcerem
393 1783 450 1846 fuit
472 1785 637 1864 conjectus.
684 1785 720 1847 ld
744 1785 855 1848 iactum
880 1804 982 1869 mense
999 1785 1091 1848 Julio.
1137 1784 1253 1847 Eodem
1276 1795 1419 1866 tempore,

70 1894 125 1938 cum
162 1882 287 1936 nostrae
324 1873 523 1936 confessionis
553 1873 773 1957 Elemosynarii
804 1883 1009 1956 premerentur
1045 1875 1094 1937 vel
1125 1874 1360 1956 praeterirentur
1392 1873 1421 1935 in

73 1963 213 2027 ommuni
236 1963 390 2044 hospitali,
415 1971 447 2026 et
469 1970 652 2025 mortuorum
674 1978 801 2043 corpora
818 1982 873 2044 pro
896 1965 1051 2044 sepultura
1073 1964 1162 2026 nimie
1184 1982 1325 2044 magnum
1347 1981 1421 2024 vec·

71 2054 134 2132 tigal
161 2053 293 2134 pendere
317 2052 508 2115 viderentur:
532 2052 760 2133 promulgarunt
781 2052 878 2115 nostri
901 2054 938 2115 de
958 2060 1118 2134 suggestu,
1143 2072 1251 2115 novum
1275 2052 1420 2114 coemite-

70 2144 147 2218 rium,
173 2161 284 2205 novum
308 2142 458 2223 hospitale
481 2160 536 2221 pro
560 2143 759 2218 nostratibus,
784 2141 1020 2206 contributiones
1044 2141 1219 2207 Christiano
1243 2161 1325 2204 more
1348 2161 1420 2203 sua-

71 2241 178 2296 serunt.
225 2232 271 2298 At
293 2251 359 2294 cum
389 2240 577 2312 praestemus
610 2251 746 2307 numero,
780 2250 922 2311 maguum
949 2232 1020 2314 quid
1046 2232 1207 2313 pontificiis
1231 2233 1421 2295 decessurum

73 2331 137 2384 erat
187 2319 319 2384 Sublata
340 2320 441 2400 itaque
471 2329 521 2384 est
551 2321 713 2383 autoritate
736 2322 879 2402 principis
902 2322 956 2384 illa
978 2322 1104 2385 molitio.
1150 2322 1257 2383 Mense
1283 2320 1421 2400 Angusto

73 2410 289 2490 praeambulum
312 2410 487 2489 tragoediae
511 2410 577 2472 fuit.
614 2411 869 2493 Archipresbyter
890 2410 974 2473 urbis
996 2430 1050 2492 pro
1074 2411 1163 2472 officii
1178 2411 1294 2473 ratione
1309 2409 1421 2472 nostris

74 2499 325 2562 concionatoribus
349 2501 428 2562 omni
460 2499 604 2562 exercitio
637 2500 790 2580 religionis
828 2508 860 2562 et
883 2499 1143 2563 administratione
1166 2505 1422 2578 sacramentorum

75 2588 365 2669 benedictionumque
389 2588 600 2667 conjugialium
624 2588 788 2665 interdixit,
812 2597 973 2669 praetenso
992 2590 1076 2668 jors,
1101 2589 1179 2669 quod
1202 2589 1316 2650 babeat
1339 2587 1420 2649 anti-

77 2678 164 2757 quitus
189 2679 239 2760 qui
263 2678 320 2740 loci
339 2686 389 2740 est
411 2678 673 2760 archipresbyter,
697 2678 782 2758 cnjus
806 2678 969 2758 vectigalia
986 2678 1173 2751 minuantur,
1199 2678 1339 2739 aliorsum
1363 2676 1421 2738 ab·

77 2768 188 2830 abactis
213 2767 295 2830 hisce
319 2767 414 2830 sacris
438 2767 703 2847 negotiationibus.
744 2768 940 2849 Respondere
962 2786 1017 2848 pro
1040 2767 1184 2835 ministris
1203 2766 1315 2828 nostrie
1338 2765 1422 2827 ordi·

76 2857 149 2920 uarii.
196 2855 371 2937 Replicavit
394 2857 488 2920 semel
513 2865 602 2938 atque
626 2857 743 2931 iterum,
770 2866 802 2920 et
825 2857 952 2940 denique
976 2854 1130 2920 brachium
1153 2857 1307 2918 saeculare
1331 2854 1420 2916 invo-

78 2946 155 3008 cavit.
188 2946 343 3026 Princeps,
369 2945 477 3008 debere
502 2966 536 3008 ee
560 2946 687 3009 tutelam
710 2965 768 3008 nou
792 2945 1021 3009 nobistantum
1045 2947 1150 3008 sedet
1174 2945 1236 3007 suis
1259 2943 1418 3024 religiosis,

76 3033 164 3116 itaque
188 3036 269 3117 quod
292 3042 385 3097 antea
408 3036 541 3097 facturus
565 3044 632 3098 erat
654 3035 774 3116 propria
797 3035 973 3109 devotione,
1003 3035 1032 3098 id
1056 3055 1133 3096 nuno
1156 3035 1346 3115 imploratum
1370 3033 1419 3094 ia-

78 3142 148 3199 cere,
164 3152 166 3156 ¹
183 3133 218 3186 et
248 3124 406 3199 mandare,
440 3133 475 3185 nt
502 3124 643 3186 ordinarii
675 3125 759 3186 intra
791 3120 832 3186 14
859 3125 924 3185 dies
947 3125 1071 3187 mittant
1094 3129 1195 3186 omnes
1218 3122 1364 3186 ecclesiae
1388 3129 1420 3183 et

79 3213 184 3277 subolae
201 3211 304 3276 Gratii
319 3221 350 3274 et
363 3212 555 3294 Judeburgae
570 3214 732 3287 ministros,
758 3232 869 3294 eosque
892 3214 921 3276 in
946 3223 1101 3277 aeternum
1123 3212 1331 3276 haereditariis
1356 3211 1418 3272 sule

78 3303 224 3379 provinciis
258 3302 412 3365 abstinere
444 3302 500 3363 sub
537 3322 635 3384 poena
664 3303 774 3383 capitis
802 3303 941 3382 jubeant.
996 3305 1123 3367 Factum
1157 3301 1207 3367 10.
1246 3300 1298 3365 20.
1330 3300 1417 3384 Sept.

80 3387 305 3474 Responderunt,
329 3411 415 3455 sunm
439 3411 506 3453 esee
529 3392 607 3455 tueri
628 3409 775 3473 personas
799 3393 855 3456 has
879 3401 985 3456 contra
1007 3392 1084 3468 vim,
1108 3391 1227 3455 mittere
1251 3410 1309 3453 uon
1334 3406 1418 3451 suum
1464 3411 1466 3415 ’

83 3497 140 3555 ese,
160 3483 218 3546 sed
242 3481 336 3545 totius
359 3488 536 3543 conventus.
582 3482 679 3544 Erant
702 3489 764 3545 tum
788 3482 836 3544 hic
859 3481 998 3563 Hispani,
1023 3502 1166 3565 sponsam
1189 3481 1270 3562 regis
1288 3478 1416 3542 comita-

80 3570 133 3644 turi,
152 3579 185 3634 et
199 3578 273 3652 post
285 3570 405 3633 biduum
422 3569 583 3633 discessuri
598 3590 664 3632 cum
680 3569 819 3653 Styriaco
834 3572 978 3634 comitatu
1004 3572 1068 3652 (qui
1091 3581 1174 3635 totus
1197 3590 1236 3632 ex
1256 3566 1417 3651 pontificiis

74 3658 163 3724 debuit
196 3661 353 3733 constare)
380 3660 574 3738 putabantur.
620 3659 765 3740 Princeps
792 3657 840 3723 14.
866 3657 919 3723 24.
945 3659 1031 3742 Sept.
1065 3661 1151 3723 nobis
1181 3660 1255 3742 ipsis
1278 3659 1417 3738 imperat,

72 3757 97 3830 nt
123 3751 205 3814 intra
238 3758 379 3813 octavum
411 3749 489 3811 diem
521 3748 683 3830 provinciis
715 3750 777 3811 suis
810 3751 959 3814 abiremus
992 3749 1047 3812 ιιι
1070 3768 1169 3830 poena
1191 3748 1310 3829 capitis.
1358 3745 1418 3807 Diu

69 3838 181 3922 scriptis
196 3845 402 3903 concertatum
417 3837 580 3919 principem
596 3839 673 3901 inter
687 3847 719 3901 et
733 3840 909 3914 ordinarios,
934 3840 999 3921 (qui
1012 3839 1126 3903 vicinos
1139 3858 1279 3922 proceres
1304 3853 1417 3899 convo-

68 3938 215 4005 caverant,
241 3930 295 3991 sed
319 3945 463 4007 aquarum
487 3928 624 3991 maximis
647 3936 679 3991 et
698 3929 826 3992 insolitis
839 3929 1093 4003 inundationibus,
1117 3949 1193 4010 quae
1208 3928 1302 3992 etiarn
1315 3943 1417 3988 mense

66 4020 201 4100 Augusto
226 4019 318 4091 inere,
341 4017 485 4096 impediti,
509 4037 568 4079 nou
592 4019 673 4080 ultra
695 4014 739 4080 30
761 4020 990 4093 convenerunt).
1037 4019 1171 4083 Tandem
1193 4017 1242 4082 17.
1259 4013 1312 4078 27.
1329 4014 1423 4093 Sept.-

65 4116 130 4170 aute
154 4107 238 4171 Solis
262 4125 401 4170 occasum
423 4108 578 4169 universos
601 4126 657 4169 noe
679 4106 818 4190 princeps
841 4108 913 4170 urbe
937 4109 1066 4184 migrare
1092 4115 1216 4191 etpost
1237 4101 1416 4183 linitospri-

65 4216 124 4259 mos
147 4194 168 4258 7
193 4197 258 4260 dies
284 4196 364 4258 exire
386 4194 548 4276 provinciis
572 4196 712 4259 atrociori
736 4197 992 4260 commendatione
1012 4197 1115 4277 jussit.
1133 4208 1144 4219 “·
1163 4200 1269 4277 ltaque
1289 4195 1326 4255 de
1341 4209 1415 4253 con-

65 4286 127 4348 silio
151 4294 185 4349 et
201 4287 288 4368 jussu
312 4303 468 4366 procerum
490 4284 654 4360 exivimus,
686 4285 800 4349 relictis
823 4287 1019 4366 conjugibus,
1050 4288 1117 4350 hinc
1141 4287 1209 4348 inde
1233 4281 1362 4365 dispersi
1387 4279 1417 4341 in

64 4375 214 4456 Ungariae
238 4382 270 4438 ιι
293 4373 436 4438 Οιοιιιιι
460 4376 544 4450 ιιιι,
568 4374 619 4438 ιιι
644 4373 760 4438 Caesar
775 4376 922 4480 imperat.
957 4375 1077 4439 Salaria
1099 4376 1281 4438 obtinuimus
1304 4370 1416 4433 nihilo-

64 4465 177 4540 minus,
203 4464 318 4528 viatica
341 4464 463 4544 iusuper
486 4465 674 4546 accepimus,
704 4465 783 4545 jussi
816 4465 893 4528 hanc
921 4466 965 4531 sic
990 4466 1121 4529 tolerare
1145 4465 1313 4531 fortunam,
1346 4460 1416 4521 dum

64 4563 225 4618 conventus
248 4554 408 4617 habeatur.
454 4554 486 4616 Is
510 4554 607 4617 adhuc
631 4563 779 4636 speratur.
824 4552 890 4635 Ego
914 4563 985 4636 post
1007 4573 1142 4618 mensem
1163 4551 1250 4627 redii,
1269 4549 1373 4632 jussus
1397 4567 1417 4608 a

64 4643 204 4727 principis
228 4643 388 4718 ministris,
413 4644 463 4725 qui
486 4662 533 4705 me
557 4653 705 4709 exemtum
730 4644 880 4711 dicebant.
928 4643 1103 4731 Supplicavi
1125 4652 1235 4716 ιιῐιιι,
1260 4639 1322 4715 ιιι,
1347 4634 1417 4722 quia
