3278 5542
597 317 759 370 mmm.
1290 316 1356 386 293

118 477 204 554 rinch,
230 477 303 540 dass
327 477 503 540 deroselben
527 497 574 562 zu,
586 479 666 540 ihrer
679 478 777 540 selbst
791 479 952 540 Frommen
976 477 1058 541 diese
1076 479 1138 541 alte
1157 480 1354 561 verstiudige

119 614 128 643 ,
162 566 211 630 die
236 567 435 630 Astronomia
463 568 555 629 durch
580 568 633 630 der
656 568 788 629 Tochter
810 568 1056 650 Narreuteyung,
1090 568 1156 630 weil
1187 569 1230 629 sie
1254 572 1353 633 zumal

118 655 192 719 ineu
215 655 338 740 Spiegel
365 656 432 731 hat,
467 676 523 718 nur
549 657 785 736 eingeschwatzt
811 657 871 718 vnd
900 657 1075 737 eingelogen
1105 658 1224 719 werden
1257 678 1350 723 muss.

118 745 187 828 synd
210 754 334 807 sousten
358 746 411 807 der
435 746 720 808 Mathematicorum
749 745 861 807 salaria
885 766 919 807 so
943 746 1070 807 seltzam
1093 746 1153 807 vud
1177 766 1211 808 so
1235 748 1350 828 garing,

118 832 142 896 ie
164 835 281 897 Mutter
303 834 473 914 geuisslich
498 836 620 914 Hquuger
643 835 750 915 leyden
775 842 903 909 mtisste,
931 852 996 896 wau
1022 834 1070 895 die
1095 834 1227 897 Tochter
1250 837 1351 898 nichts

118 942 131 987 e
155 923 216 986 hc:
235 921 357 1003 (Comp.
383 923 489 985 librum
512 922 549 985 de
574 922 673 985 Stella
695 943 775 984 nova
799 921 874 1002 (lap.
900 923 970 984 Xll.
996 923 1050 984 sub
1074 923 1162 985 finem
1190 931 1222 986 et
1246 934 1349 987 anuot.

118 1012 233 1075 ninira
257 1020 432 1093 sequentem
454 1012 527 1074 Nro.
556 1009 622 1086 10.)
668 1011 755 1081 Etsi,
784 1019 819 1073 ut
841 1012 916 1074 haec
941 1018 1094 1073 testantur
1112 1011 1222 1088 verba,
1246 1013 1352 1094 priva-

131 1101 251 1182 publice
274 1119 332 1162 uon
352 1101 477 1163 multum
495 1101 647 1162 tribuebat
661 1099 811 1178 Keplerus
831 1100 1091 1181 astrologiae,'ob
1111 1119 1165 1163 eas
1179 1122 1254 1182 quas
1269 1101 1351 1165 dixi-

118 1210 201 1253 tnsas
234 1208 310 1270 quae
334 1190 443 1251 rationi
477 1190 573 1252 minus
596 1190 748 1251 contraria
779 1190 952 1251 viderentur
980 1208 1016 1249 ex
1050 1189 1102 1250 illa
1125 1189 1286 1266 desumsit,
1320 1198 1352 1252 et

118 1278 137 1341 ti
164 1279 290 1358 aliisque
321 1278 492 1357 acceptiora
520 1278 644 1340 reddere
671 1278 785 1358 passim
809 1287 936 1340 conatus
960 1287 1008 1339 est
1036 1296 1102 1340 cum
1125 1277 1221 1340 literis
1244 1280 1350 1358 priva-

118 1386 137 1431 n
158 1368 244 1430 libris
268 1367 297 1429 in
320 1368 427 1445 vulgus
451 1368 549 1436 editis.
574 1367 733 1446 praecipue
757 1367 831 1440 illis,
862 1386 936 1447 quos
960 1386 1051 1447 supra
1074 1367 1213 1438 diximus,
1236 1362 1351 1430 Astro-

119 1456 337 1531 iuudamentis‚
366 1455 443 1518 libro
467 1456 504 1518 de
528 1456 619 1518 stella
642 1455 711 1516 anni
738 1450 822 1519 1604
845 1463 877 1516 et
899 1455 1002 1517 Tertio
1034 1455 1269 1519 Interveuieute.
1316 1458 1351 1519 In

118 1543 259 1627 privatis,
284 1545 444 1625 praecipue
467 1544 519 1620 iis,
535 1564 610 1626 quas
634 1546 672 1605 ad
696 1545 878 1606 Davidem
901 1544 1108 1607 Fabricium
1131 1544 1224 1621 dedit,
1255 1546 1352 1608 multa

118 1629 258 1709 eudimus,
280 1654 356 1715 quae
380 1635 436 1695 huc
458 1634 623 1714 pertinent,
649 1653 738 1715 quam
762 1634 799 1695 ob
823 1653 886 1695 rem
910 1633 966 1694 has
986 1631 1178 1695 calendariis
1200 1635 1350 1713 praemit·

118 1740 277 1786 censemus.
325 1721 401 1786 Cum
425 1731 525 1784 autem
548 1723 577 1783 in
602 1722 663 1784 illis
687 1723 765 1784 sicut
788 1722 881 1784 etiam
904 1722 934 1783 in
959 1720 1149 1783 calendariis
1177 1724 1273 1784 multa
1300 1723 1349 1785 in·

118 1830 167 1874 uae
192 1831 268 1874 nuuc
292 1813 356 1874 sine
372 1812 571 1890 explicatione
588 1830 678 1890 aegre
692 1811 913 1892 intelligantur,
938 1810 985 1872 his
1000 1811 1053 1872 illa
1071 1811 1251 1873 illustranda
1269 1818 1349 1875 sunt.

118 1901 241 1980 strologi
266 1902 387 1982 quidam
411 1900 574 1962 horizontis
598 1901 740 1962 circulum
764 1900 793 1961 in
821 1897 862 1961 12
877 1899 1019 1981 aequales
1043 1906 1147 1979 partos
1172 1899 1348 1974 diviserunt,

118 1990 187 2052 'acto
211 2011 230 2050 a
251 1999 362 2069 puncto
386 1989 511 2051 orientis
535 1988 617 2051 Solis
641 1988 821 2069 aequinoctii
851 1996 996 2067 tempore.
1045 1986 1157 2050 Circuli
1187 1988 1350 2051 verticales

118 2078 249 2141 isiouum
276 2086 389 2158 puncta
415 2078 546 2151 traducti
577 2086 673 2140 totum
697 2078 773 2139 coeli
803 2076 1054 2157 hemisphaerium
1082 2077 1111 2137 in
1144 2074 1184 2139 12
1213 2087 1349 2140 sectores

118 2174 144 2242 t,
168 2187 244 2246 quas
268 2168 393 2229 domos
417 2167 567 2229 coelestes
590 2175 709 2230 vocant.
758 2166 819 2227 Alii
843 2166 1031 2228 constituunt
1058 2166 1113 2227 has
1138 2166 1243 2227 domus
1267 2164 1348 2227 diri·

118 2256 272 2319 rodiacum
301 2275 357 2338 per
383 2255 511 2317 circulos
540 2255 745 2324 latitudinum,
780 2254 832 2316 alii
861 2254 1022 2316 dividendo
1054 2254 1349 2335 aequatorem,‚alii

118 2365 123 2405 t
151 2345 295 2408 circulum
317 2345 493 2406 verticalem
523 2362 577 2423 per
600 2352 697 2405 ortum
721 2352 753 2411 et
775 2346 916 2406 occasum
941 2343 1191 2423 aequinoctialem
1216 2344 1348 2406 ductum.
1432 2421 1434 2425 ι

118 2432 265 2496 inatioues
289 2442 322 2495 et
344 2431 580 2511 significationes
603 2433 708 2494 harum
723 2432 906 2507 ‚,domuum“
931 2432 987 2494 hae
1002 2441 1072 2494 suut
1086 2432 1250 2494 secuudum
1266 2430 1350 2494 Ori·

118 2542 156 2585 n:
186 2524 208 2586 l.
233 2522 411 2585 Ascendeus
442 2539 495 2583 seu
518 2521 727 2601 Horoscopus3
757 2523 862 2584 domus
885 2521 977 2583 vitae.
1025 2522 1065 2585 ll.
1089 2521 1271 2584 Diuitiarum
1295 2539 1348 2582 seu

122 2611 266 2674 infernae.
313 2612 368 2674 Ill.
391 2612 531 2673 Fratrum
555 2629 608 2673 seu
632 2630 780 2690 sororum,
793 2630 847 2674 seu
866 2610 976 2673 divina
1024 2610 1080 2673 IV.
1104 2610 1278 2685 Parentum,
1296 2627 1350 2672 seu

118 2699 187 2762 oeli.
236 2701 275 2761 V.
301 2700 486 2772 Liberorum,
504 2717 557 2761 seu
571 2698 652 2760 bona
666 2699 797 2762 fortuna.
836 2700 891 2762 VI.
917 2699 1119 2774 Valetudiuis,
1136 2699 1349 2774 ministrorum,

118 2808 167 2851 um
191 2788 431 2861 domesticorum,
457 2806 510 2849 seu
534 2788 615 2849 mala
629 2788 758 2849 fortuna.
807 2788 878 2850 Vll.
904 2783 1053 2867 Coujugii,
1079 2806 1131 2849 sen
1150 2787 1241 2850 cardo
1266 2785 1348 2849 occi·

118 2898 137 2941 s.
184 2877 268 2939 VIlI.
293 2877 412 2950 Mortis,
437 2895 489 2938 seu
509 2894 639 2955 superna
653 2883 752 2956 porta.
799 2876 854 2938 IX.
875 2876 1054 2954 Religionis,
1080 2876 1269 2951 somniorum,
1294 2875 1348 2937 iti·

130 2984 185 3029 seu
200 2966 293 3028 Deus.
331 2965 371 3028 X.
397 2965 490 3027 Vitae
509 2983 604 3045 genus
618 2975 768 3040 natorum,
794 2984 847 3027 seu
861 2965 991 3027 medium
1006 2965 1092 3028 coeli.
1139 2965 1195 3028 Xl.
1220 2962 1368 3026 Amico·

118 3055 256 3117 rabonus
270 3054 386 3134 genius.
428 3054 497 3115 Xll.
522 3053 720 3129 mimicorum,
744 3073 798 3116 sen
812 3054 910 3117 malus
924 3053 1040 3134 genius.
1089 3053 1210 3117 Gradus
1224 3051 1347 3133 eclipti-

118 3143 280 3205 eridianum
322 3160 472 3222 occupans
870 3160 917 3210 ng.
932 3159 953 3199 r.

118 3228 236 3296 Oceli
273 3241 471 3314 nuncupatur.

169 3320 326 3400 eclipticae
373 3321 473 3383 oriens

118 3413 218 3489 wpus)
249 3418 382 3489 tempore
416 3410 472 3470 ob-

118 3498 185 3571 mis,
210 3498 238 3558 iu
255 3498 279 3559 1.
295 3500 383 3560 domo
406 3498 472 3559 col-

123 3582 311 3662 „thematis“
331 3605 384 3648 seu
397 3605 471 3662 „ru-

131 3694 205 3750 „cor
219 3674 318 3737 coeli“
341 3676 369 3736 in
384 3676 425 3749 X,
441 3683 473 3736 et
492 3674 537 3729 ΙΙΙ
595 3672 608 3699 ⁰

118 3763 281 3844 eliquarum
306 3765 470 3837 domomur,

122 3853 391 3932 correspondentes
424 3853 471 3913 his

140 3941 313 4021 eclipticae,
361 3940 470 4004 inscri-

137 4029 263 4110 singulis
301 4030 469 4110 triangulis,
518 4043 536 4101 1

118 4120 223 4199 ngulas
239 4127 471 4199 repraesentant

118 4295 239 4358 l'hema“
263 4303 364 4356 antem
391 4295 470 4357 hanc

118 4384 245 4464 iguram,
280 4403 382 4466 qnam,
417 4404 468 4446 se·
504 4428 535 4488 Π

132 4472 297 4553 Keplerum
320 4472 468 4535 nativita-

118 4561 333 4625 nllenstenii
356 4570 467 4624 notau-

118 4650 303 4714 tlineavimus
318 4650 401 4724 (vide
418 4651 468 4712 in-

118 4738 314 4820 nscripsimus
328 4759 468 4802 numeros

118 4848 144 4895 m
166 4828 293 4909 singulis
307 4829 468 4912 triangulis
