3278 5542
642 313 767 367 derebus
786 314 950 381 astrologicis.
1409 310 1472 379 361

115 493 187 537 nam
202 472 333 553 trigono.
381 470 470 544 Quod
485 473 549 536 fieri
572 474 656 536 nulla
669 473 786 535 ratione
800 474 923 553 poterit,
948 474 974 536 si
989 473 1018 535 in
1032 473 1156 536 zodiaco
1176 473 1232 535 hos
1247 481 1388 555 aspectus
1404 492 1478 534 con-

116 563 248 639 sideres,
274 581 332 624 non
356 561 385 623 in
411 572 589 643 aequatore,
620 563 780 643 praecipue
805 563 831 623 si
854 563 897 624 M.
923 561 958 626 (l.
983 564 1012 624 in
1037 563 1147 624 circulo
1174 562 1340 624 meridiano
1363 561 1478 624 consti-

116 652 219 714 tuss.“
266 650 413 713 Producit
430 671 509 713 sane
533 651 582 713 hic
606 653 703 714 locum
726 650 867 725 Stadios,
902 653 951 731 qui
975 653 1011 713 de
1035 673 1138 722 ιοιιοις
1164 671 1218 712 seu
1243 651 1378 712 domibus
1402 650 1475 730 agit,

116 740 176 803 sed
199 748 319 802 tantum
343 740 446 814 abest,
482 748 515 802 nt
542 739 714 802 institutum
743 739 894 815 obtineat,
929 741 1138 803 Ptolemaeum
1166 739 1340 820 inaequales
1372 739 1478 800 domos

116 830 229 903 lacere,
253 837 287 891 nt
310 846 366 907 ego
388 829 490 909 potins
514 829 582 891 hinc
606 829 726 891 inverso
751 837 928 908 argumento
953 829 1170 910 aequalitatem
1192 828 1356 902 obtineam,
1381 836 1413 889 et
1427 846 1479 888 se-

116 918 192 980 riem
216 926 461 996 argumentorum
486 937 577 997 supra
600 926 740 996 coeptam
764 917 812 979 hic
836 918 1017 980 continuem.
1064 918 1143 981 Illud
1166 917 1428 998 praemittendum,
1454 915 1479 976 si

116 1006 158 1069 M.
185 1004 234 1080 0.,
259 1013 292 1068 ut
317 1006 370 1079 ait,
393 1006 423 1068 in
447 1005 558 1069 circulo
582 1006 746 1068 meridiano
770 1007 950 1082 constituas,
974 1026 1032 1067 non
1056 1007 1227 1068 habituram
1251 1007 1348 1068 locum
1363 1024 1480 1085 aequa-

116 1094 243 1158 litatem
265 1095 413 1170 domnum,
438 1103 471 1156 at
495 1096 521 1156 si
545 1095 728 1157 contrarium
753 1096 817 1175 ejus
842 1095 947 1169 iacias,
973 1096 1051 1175 quod
1067 1105 1173 1157 auctor
1188 1094 1380 1155 Ptolemaeus
1397 1093 1478 1167 fecit,

116 1184 222 1264 ntique
245 1190 344 1245 totam
367 1183 434 1264 ejus
457 1184 606 1246 rationem
630 1183 684 1246 tibi
706 1184 850 1264 perverti,
875 1185 949 1246 nihil
972 1183 1077 1245 mirum
1102 1194 1159 1246 est.
1207 1182 1400 1244 Ptolemaeus
1424 1182 1481 1242 hoc

116 1274 186 1335 loco
211 1272 256 1333 M.
282 1269 319 1334 (l.
350 1290 410 1333 non
440 1273 470 1334 in
493 1273 660 1335 meridiano
691 1273 866 1346 constitnit,
905 1273 959 1334 sed
987 1273 1016 1332 in
1044 1280 1155 1351 puncto
1183 1271 1299 1333 zodiaci
1332 1269 1481 1332 altissimo

116 1380 210 1441 snper
236 1361 377 1433 Terram,
410 1361 547 1442 qnodque
579 1362 752 1441 plerumque
786 1362 876 1424 altius
909 1370 958 1423 est
985 1379 1021 1422 eo
1052 1360 1168 1423 zodiaci
1191 1368 1317 1439 puncto,
1347 1358 1427 1439 qnod
1449 1357 1479 1418 in
1524 1376 1529 1386 ·

117 1450 288 1513 meridiano
313 1449 433 1522 haeret,
463 1450 575 1512 circulo
598 1449 737 1511 verticuli
760 1468 814 1528 per
836 1451 936 1530 polum
960 1449 1077 1511 zodiaci
1100 1449 1252 1512 traducto.
1300 1447 1400 1509 Probo
1425 1447 1481 1508 hoc

117 1558 153 1602 ex
184 1537 261 1619 ipsis
288 1537 400 1599 verbis.
448 1537 498 1600 Sit
529 1539 623 1619 igitur
646 1538 842 1616 aequalitatis
866 1539 1003 1600 domnum
1028 1546 1237 1618 argumentum
1270 1536 1481 1608 secundnm,

117 1627 197 1709 qnod
222 1627 415 1688 Ptolemaeus
437 1626 502 1700 hic,
530 1627 581 1689 ubi
610 1627 675 1707 agit
702 1626 739 1687 de
763 1628 916 1700 domibus,
946 1646 1021 1689 voce
1055 1625 1350 1689 dodecatemorii
1380 1631 1483 1686 utatur

117 1735 170 1797 pro
194 1734 270 1777 voce
295 1715 435 1776 domus.
482 1716 596 1778 Notum
621 1724 722 1776 autem
747 1723 808 1790 est,
840 1734 898 1781 non
923 1717 1020 1778 solere
1045 1724 1240 1795 aequatorem
1264 1712 1358 1775 dividi
1382 1712 1481 1787 aliter,

117 1804 173 1868 nisi
198 1804 230 1865 in
253 1811 390 1883 tempora
413 1799 492 1879 360,
525 1806 622 1866 solnm
645 1822 717 1865 vero
741 1803 897 1866 zodiacum
920 1804 950 1866 in
974 1804 1235 1878 dodecatemoria,
1260 1812 1293 1864 et
1316 1802 1483 1863 dodecate-

117 1894 247 1956 morinm
270 1891 299 1953 in
323 1914 431 1971 μοιρας
456 1888 508 1968 30,
533 1912 592 1954 ιιοιι
615 1914 750 1974 χρονους,
776 1901 809 1954 et
831 1893 878 1954 hic
894 1912 1010 1974 quoqne
1034 1913 1092 1962 ιιοιι
1116 1915 1208 1972 μοιρα
1228 1891 1366 1953 occurrit.
1406 1887 1484 1951 Cum

117 2001 191 2063 argo
217 1981 410 2044 Ptolemaeus
434 2003 645 2061 panonparqna
670 1981 718 2043 hic
743 1982 878 2061 appellet
901 1982 1191 2054 dodecatemorium,
1222 1980 1359 2060 appellat
1387 1977 1480 2058 igitur

117 2079 238 2153 partem
261 2069 376 2132 zodiaci
398 2092 623 2150 pacnopcrqpa,
649 2076 681 2131 et
703 2070 745 2145 id,
770 2070 823 2140 ait,
847 2071 983 2151 aspicere
1008 2072 1155 2151 quadrato
1179 2069 1310 2141 unciam,
1335 2073 1484 2148 quaeest

117 2160 201 2224 circa
226 2159 433 2238 horoscopum.
471 2160 566 2240 Atqui
590 2159 690 2231 uncia,
715 2179 791 2240 qnae
815 2160 896 2222 circa
918 2159 1115 2222 meridianum
1135 2167 1192 2235 est,
1218 2156 1390 2238 bpartibus
1410 2162 1482 2217 ante

117 2257 149 2312 et
172 2247 217 2311 25
242 2255 326 2328 post,
359 2267 417 2309 noo
442 2248 613 2329 frequenter
643 2248 752 2328 aspicit
779 2248 1029 2328 horoscopantem
1054 2249 1212 2329 quadrato.
1259 2245 1341 2326 Ergo
1365 2243 1482 2305 zodiaci

117 2357 203 2419 pars,
231 2356 306 2418 quae
330 2334 378 2399 hic
393 2336 568 2399 Ptolemaeo
592 2337 702 2399 dicitur
716 2359 919 2416 pronepotem,
943 2332 1064 2417 saepius
1088 2337 1145 2398 erit
1170 2345 1258 2397 extra
1273 2333 1479 2395 meridianum.

118 2425 287 2489 Tertium
311 2434 537 2505 argumentum:
572 2426 708 2505 aspicere
732 2445 765 2486 se
790 2426 929 2488 dicuntur
952 2428 1023 2488 illae
1047 2425 1149 2488 circuli
1173 2434 1293 2504 partes,
1324 2440 1400 2501 qnae
1425 2421 1483 2482 ha-

118 2517 195 2578 bent
219 2514 275 2577 sub
300 2534 332 2576 se
357 2523 513 2576 currentes
536 2513 678 2595 planetas
702 2515 901 2592 aspicientes:
937 2522 1078 2594 aspectus
1102 2515 1180 2576 enim
1203 2532 1263 2575 non
1288 2518 1337 2573 est
1359 2517 1484 2591 propter

118 2605 218 2668 locum
239 2603 292 2664 sed
307 2609 433 2682 propter
446 2604 609 2683 planetam.
649 2604 694 2664 At
714 2603 742 2663 in
763 2611 926 2683 aequatore
946 2604 1019 2666 nulli
1034 2603 1185 2682 planetae,
1208 2600 1238 2663 in
1253 2600 1377 2663 zodiaco
1392 2598 1483 2678 igitur

118 2692 323 2776 quaerendum
346 2692 402 2753 hoc
425 2714 647 2771 prnnnpmrpaoe,
672 2686 820 2772 quadrato
844 2692 995 2772 aspiciens
1019 2692 1225 2770 horoscopum,
1251 2689 1341 2751 etsie
1360 2696 1395 2749 ut
1412 2688 1481 2768 plu-

118 2784 225 2846 rimum
256 2788 344 2842 extra
373 2780 578 2842 meridianum.
627 2778 808 2852 Quartum
840 2781 1001 2843 coincidit:
1040 2781 1105 2861 agit
1132 2780 1173 2841 ibi
1202 2777 1260 2841 loci
1286 2776 1481 2839 Ptolemaeus

117 2872 155 2935 de
181 2869 257 2932 locis
281 2868 439 2948 apheticis.
486 2870 628 2949 Aphetas
653 2888 725 2930 vero
748 2888 806 2930 non
831 2878 901 2932 sunt
932 2870 961 2931 in
986 2877 1164 2948 aequatore,
1194 2885 1266 2946 ergo
1292 2867 1321 2927 in
1346 2864 1482 2926 zodiaco.

118 2958 201 3032 Quid
226 2958 305 3019 enim
323 2958 414 3037 juvat
436 2958 579 3036 aphetam
604 2967 635 3019 et⁴
658 2958 859 3036 horoscopum
881 2959 911 3019 in
936 2959 1061 3020 zodiaco
1084 2957 1283 3029 constitutos,
1316 2953 1483 3034 siaequa-

118 3049 196 3112 toris
220 3047 319 3126 portio
343 3046 581 3125 correspondens
610 3047 857 3126 correspondenti
881 3048 1007 3109 orientis
1030 3045 1160 3127 portioni
1189 3043 1384 3124 aequatoriae
1408 3060 1483 3103 con-

119 3135 288 3218 figuratur?
332 3135 401 3198 Non
426 3154 500 3196 sane
524 3136 635 3216 magis,
671 3154 760 3214 qnam
785 3135 810 3197 si
835 3136 963 3215 alicujus
988 3136 1169 3215 tropicarum
1193 3141 1246 3195 ant
1268 3130 1483 3210 parallelorum

119 3225 394 3304 correspondentes
416 3223 571 3302 portiones
596 3224 799 3303 configuratae
823 3224 992 3286 exhiberes.
1040 3223 1196 3294 Quinto:
1229 3219 1323 3282 verba
1345 3220 1400 3282 illa
1429 3219 1487 3294 (ηε

119 3314 252 3396 quinque
275 3311 413 3392 partibus
436 3313 802 3391 praeascendentibns“),
836 3333 911 3394 quae
936 3313 1032 3393 rigide
1056 3311 1183 3375 Stadins
1207 3319 1240 3372 et
1264 3307 1423 3372 Cardanus
1448 3305 1488 3366 ad

120 3409 318 3483 aequaliorem
340 3400 477 3474 trahunt,
513 3402 581 3462 sola
603 3420 662 3463 vox
685 3400 917 3480 danspnpssns
939 3401 1063 3463 zodiaco
1086 3400 1232 3462 vindicat.
1279 3397 1360 3459 Nam
1382 3404 1485 3459 astro-

119 3491 203 3555 nomi
229 3488 340 3552 Graeci
373 3489 410 3550 de
434 3489 550 3551 zodiaci
573 3490 711 3570 partibus
743 3499 890 3568 usurpant
919 3490 1127 3552 ascensionem
1161 3488 1285 3568 ejusque
1317 3503 1488 3548 mensuram

119 3582 150 3644 in
173 3586 341 3658 aequatore
365 3577 569 3653 constituunt,
595 3579 626 3640 id
650 3579 743 3640 multo
767 3580 879 3658 magis,
904 3578 945 3653 si,
970 3588 1004 3641 nt
1026 3579 1085 3650 hic,
1105 3579 1274 3657 jungantur
1296 3596 1387 3652 μοιρα
1411 3571 1486 3634 ἀνα-

121 3686 290 3749 φερομιτη;
316 3674 387 3728 tunc
409 3666 494 3728 nulla
516 3667 634 3729 ratione
659 3674 795 3746 tempora
818 3667 996 3746 aequatoris
1010 3673 1138 3744 possunt
1160 3662 1298 3742 intelligi.
1346 3661 1481 3724 Sexto:

121 3755 352 3820 distinctissime
386 3755 518 3834 loquitur
550 3756 587 3817 de
621 3753 1084 3835 sollemnissimam),
1120 3749 1314 3831 configuratis
1338 3748 1486 3830 quadrato

122 3849 214 3928 (puta
238 3844 341 3905 itidem
366 3839 409 3907 30
431 3848 579 3923 μοιραις),
612 3864 688 3926 qnae
713 3854 783 3906 sunt
807 3844 888 3906 illius
912 3845 1030 3917 domus,
1067 3861 1143 3923 quae
1167 3839 1301 3902 Medium
1327 3836 1413 3900 Coeli
1437 3835 1486 3898 di-

121 3935 212 3997 citur.
260 3932 330 3994 Jam
348 3950 419 3995 vero
442 3932 581 4012 partibus
605 3933 723 3995 zodiaci
747 3933 911 3996 orientibus
936 3940 1074 4010 tempora
1098 3929 1270 4011 aequatoris
1289 3924 1488 3989 culminantia

121 4043 181 4085 non
206 4023 373 4101 ligurantur
396 4020 564 4101 quadratis.
612 4021 692 4084 Sunt
715 4021 806 4102 igitur
836 4022 928 4084 etiam
958 4024 1038 4084 circa
1070 4042 1107 4082 ro
1134 4039 1347 4097 panonpunpta
1371 4013 1487 4076 intelli-

123 4112 244 4192 gendae
269 4119 372 4189 partes
396 4109 529 4184 zodiaci,
562 4118 594 4172 et
617 4110 662 4172 sic
686 4118 775 4172 extra
798 4111 1006 4173 meridianum.
1053 4108 1247 4189 Septimo:
1282 4124 1349 4166 cum
1373 4111 1488 4165 cenum

124 4201 174 4276 sit,
201 4200 271 4262 loca
293 4197 436 4279 aphetica
458 4217 525 4260 esse
550 4199 580 4260 in
604 4198 745 4271 zodiaco,
776 4199 845 4262 uide
871 4219 948 4261 nnnc
971 4199 1032 4260 ista
1054 4198 1164 4259 verba:
1202 4193 1232 4258 ἐν
1256 4215 1318 4264 τοις
1340 4191 1489 4255 ductante·

122 4311 188 4352 socr
210 4311 265 4350 wo
287 4308 552 4366 μεσουρανημιιτος
575 4309 687 4359 sonore.
735 4288 810 4349 Tale
834 4296 883 4350 est
905 4288 1036 4350 medium
1059 4287 1145 4361 coeli,
1171 4303 1266 4363 aquo
1281 4281 1398 4345 zodiaci
1412 4299 1486 4361 por·

123 4378 223 4441 tiones
246 4376 384 4456 utrinque
409 4375 571 4451 declinant,
598 4384 631 4438 at
647 4396 673 4436 a
696 4385 808 4455 puncto
832 4377 957 4451 zodiaci,
983 4376 1063 4456 qnod
1087 4376 1115 4436 io
1139 4372 1309 4436 meridiano
1334 4368 1486 4441 culminat,

123 4486 182 4529 non
206 4485 281 4545 pure
313 4465 447 4527 declinat
475 4465 621 4526 alteruter
650 4484 791 4541 arcuum,
827 4466 893 4528 sed'
915 4484 952 4525 err
975 4473 1063 4543 parte
1092 4481 1204 4542 magna
1228 4461 1320 4521 etiam
1344 4456 1486 4528 acclinat,

123 4563 269 4637 quantum
292 4571 336 4615 sc.
371 4561 419 4614 est
450 4573 469 4615 a
501 4563 611 4634 puncto
644 4554 754 4633 gradus
785 4553 975 4635 nonagesimi
1004 4554 1042 4615 ad
1066 4551 1272 4614 meridianum.
1320 4546 1486 4609 Octavo:

122 4642 246 4725 trigoni,
271 4641 421 4720 hexagoni
444 4650 476 4704 et
499 4643 651 4722 tetragoni
684 4643 731 4705 hic
755 4662 813 4705 non
837 4650 967 4722 possunt
989 4640 1118 4721 intelligi
1142 4640 1178 4702 de
1203 4643 1383 4717 aequatore,
1418 4633 1489 4714 qnia

123 4750 226 4797 eorum
240 4731 308 4802 ¹alii
336 4730 477 4793 dicuntur
505 4750 573 4793 esse
597 4732 772 4811 longarum,
807 4732 859 4794 alii
882 4731 1018 4793 brevium
1049 4728 1269 4791 ascensionum.
1316 4725 1362 4786 At
1384 4739 1489 4784 omnes

122 4819 300 4905 aequatoris
322 4817 433 4900 trigoni
456 4828 528 4882 sunt
550 4820 721 4904 aequalium
745 4821 965 4886 ascensionum.
1012 4819 1134 4887 Nono:
1161 4814 1234 4881 alibi
1253 4812 1408 4876 consentit
1430 4808 1488 4872 sibi
