3278 5542
692 298 855 352 monim
932 244 935 249 ⁵
1409 301 1452 370 is

90 470 177 506 rerum
194 458 427 524 typographicam
444 461 531 523 perito.
562 459 627 510 Eine
644 461 726 511 nullus
743 461 927 527 typothetarum
945 464 1010 528 operi
1028 477 1117 515 manns
1135 464 1266 516 admomre
1283 472 1381 529 potest;
1399 467 1453 530 ipse

94 541 174 592 cogor
191 529 347 593 typothetam
365 544 448 597 agere.

164 607 260 659 Notam
275 591 334 678 Θ,
352 625 417 676 quae
435 612 479 661 tibi
497 611 598 662 Terram
616 613 753 678 signifieat,
772 629 821 664 non
840 614 971 672 habemus,
990 615 1046 665 ideo
1064 631 1107 680 pro
1126 632 1155 666 eo
1174 617 1318 667 charactere
1336 617 1391 682 ipsa
1408 633 1454 667 ros

91 679 190 730 Terrae
209 682 340 733 scribenda
356 683 412 732 luit
449 683 584 747 (Keplerus
600 683 648 733 hoo
666 684 811 735 charactere
829 687 865 736 nti
889 688 1027 738 consuerit.
1054 688 1074 736 si
1100 702 1150 737 nou
1172 689 1252 752 ipsam
1269 688 1351 754 posuit
1368 704 1453 740 rocem

90 750 197 800 Terrae.
229 752 281 803 Nos
298 769 341 819 pro
359 753 400 802 illo
419 761 504 804 nomm
522 755 594 804 hodie
612 757 731 806 usitatam
751 751 809 822 [δ]
828 755 974 821 posuimus.)
1004 757 1124 808 Numeros
1143 759 1233 809 tractos
1251 759 1360 810 noudum
1377 760 1454 810 habet

90 823 273 888 typographus,
292 839 367 890 quam
384 825 415 874 ob
432 840 484 876 rem
499 826 558 876 huic
576 827 685 877 defectui
703 827 757 878 aliis
777 829 997 879 combinaticnibus
1015 831 1107 880 mederi
1126 845 1208 889 conor,
1227 830 1306 880 donee
1323 831 1455 895 typothets

91 893 191 957 manius
210 909 228 945 a
244 911 284 948 me
301 897 348 947 hoo
366 898 392 946 iu
410 899 509 963 negotio
528 897 602 949 luerit
619 899 760 948 instructus.
798 899 849 950 Res
866 916 916 949 nun
935 907 987 951 tam
1006 901 1084 950 facilis
1103 907 1142 951 est
1159 917 1233 967 quam
1255 909 1372 967 putatur,
1397 903 1453 953 ideo

92 978 138 1014 aon
158 980 218 1016 raro
237 967 370 1018 fractiones
388 983 433 1032 per
449 984 522 1019 voces
541 970 646 1020 describi
664 971 755 1019 curari.

162 1036 221 1088 Nisi
234 1040 341 1103 quotidie
354 1054 437 1090 coram
450 1041 574 1091 adstarem
586 1041 731 1106 typothetae
749 1048 775 1092 et
792 1043 954 1107 typographo,
972 1044 1095 1093 interdum
1113 1059 1208 1108 quoque
1227 1045 1279 1109 ipse
1298 1043 1454 1095 admoverem

91 1123 198 1167 samus,
223 1111 294 1161 multi
312 1113 447 1175 irreperent
464 1127 572 1162 errores:
598 1114 707 1176 quamvis
732 1113 795 1164 iorte
813 1114 934 1165 interdum
953 1115 1076 1178 quaedam
1095 1116 1248 1181 diligentiam
1267 1129 1348 1166 meam
1367 1116 1454 1182 fugere

90 1182 227 1245 moriat,
248 1183 371 1248 quaedam
383 1189 468 1234 autem
480 1183 628 1248 sphalmata,
647 1199 703 1234 cum
716 1201 766 1235 non
777 1187 898 1250 potuerim
911 1187 1027 1236 continuo
1040 1201 1158 1249 praeseus
1171 1201 1233 1247 esse,
1253 1187 1348 1237 nullam
1366 1193 1455 1251 postea

90 1254 272 1304 mortonem
291 1254 441 1305 admiserint
479 1255 511 1305 Et
533 1255 598 1306 haec
620 1257 676 1320 ipsa
700 1263 738 1306 est
761 1271 853 1313 causa,
878 1257 943 1322 quod
964 1264 1043 1307 totum
1062 1274 1122 1322 opus
1141 1261 1166 1309 iu
1184 1272 1223 1308 me
1241 1259 1350 1322 recipere
1368 1259 1453 1316 malui,

89 1338 166 1388 quam
186 1324 262 1374 alicui
280 1329 408 1392 magistro,
425 1328 465 1376 cni
478 1331 505 1376 tu
518 1329 673 1377 commissum
685 1335 766 1392 putas,
785 1329 930 1393 relinquere,
950 1331 989 1378 cui
1008 1335 1034 1378 et
1051 1332 1157 1380 materia
1173 1346 1222 1379 non
1235 1329 1312 1380 solide
1323 1337 1454 1393 perspecta

89 1402 138 1451 est,
158 1398 187 1445 et
204 1387 345 1460 quinorum
363 1398 597 1464 typographicam
616 1397 859 1468 (mathematicamm
877 1397 998 1464 inprimis)
1017 1417 1066 1450 uon
1084 1404 1177 1465 peritus
1195 1408 1241 1451 est.

163 1465 240 1527 Quae
257 1469 284 1518 in
302 1470 392 1533 scripto
410 1475 453 1519 tuo
471 1470 580 1534 paucula
596 1472 706 1527 mutavi,
731 1471 826 1521 leniora
843 1471 966 1521 interdum
983 1473 1104 1522 vocabula
1121 1473 1248 1537 ponendo,
1275 1473 1367 1522 ridebis
1386 1474 1453 1538 ipse:

86 1540 143 1601 jam
162 1541 320 1590 asenberc
338 1556 388 1590 nou
405 1556 513 1605 possum.
541 1540 689 1592 Praesertim
707 1543 772 1607 quod
789 1544 896 1607 pertinet
914 1543 946 1592 ad
965 1543 1068 1609 figurem
1087 1551 1235 1607 postremam
1253 1556 1311 1608 pag.
1332 1540 1366 1594 te
1386 1541 1453 1608 (oap.

89 1608 173 1665 xxn.
193 1609 236 1676 ig.
249 1609 292 1660 25.
321 1611 405 1676 Gomp.
427 1618 494 1662 anot
515 1609 561 1673 62)
579 1619 659 1663 totum
680 1616 788 1672 mutari,
811 1616 869 1679 quia
885 1615 982 1678 lapsum
1000 1621 1026 1664 te
1044 1616 1107 1674 ridi:
1126 1630 1184 1665 uam
1202 1630 1252 1664 non
1271 1615 1290 1664 C
1309 1616 1353 1665 sed
1372 1615 1396 1665 D
1416 1622 1455 1664 est

90 1687 206 1731 centrum
226 1685 364 1748 umentis.
402 1685 538 1749 Agnosces,
558 1698 636 1748 spero,
655 1686 681 1735 id
699 1699 777 1751 aequo
797 1689 887 1736 animo.
926 1685 997 1746 Quae
1016 1688 1082 1736 enim
1097 1702 1117 1737 a
1133 1701 1173 1737 me
1193 1687 1263 1737 iacta
1280 1692 1354 1744 sunt,
1372 1689 1398 1736 iu
1416 1687 1453 1736 tui

89 1755 204 1819 gratiam
222 1762 250 1805 et
268 1770 298 1806 ex
315 1756 460 1820 integritate
480 1757 568 1805 amoris
587 1771 648 1822 erga
662 1763 688 1806 te
706 1757 762 1807 ieci.
1200 1769 1203 1777 '

163 1826 274 1883 Addidi,
293 1833 319 1877 te
337 1827 434 1892 quidem
452 1828 553 1877 inscio
578 1833 608 1877 et
629 1829 825 1885 inconsulto,
849 1828 1070 1882 Narrationem
1089 1828 1231 1884 Rheitoi.
1255 1843 1328 1879 ame
1347 1831 1452 1879 revisam

89 1902 118 1946 et
128 1896 300 1948 schematibus
313 1904 422 1956 sustani,
441 1913 493 1949 uua
510 1914 566 1948 cum
584 1913 642 1949 mea
658 1900 827 1963 praefatione;
847 1915 879 1951 ea
896 1915 962 1951 nuno
981 1903 1025 1950 sub
1038 1901 1131 1964 prelum
1149 1903 1184 1950 ire
1198 1902 1290 1965 incipit,
1313 1916 1369 1951 cum
1386 1906 1454 1965 pest·

88 1971 167 2018 remis
187 1970 237 2019 tuis
254 1969 366 2036 pagellis.
404 1969 481 2034 Speto
500 1976 598 2026 autem,
619 1985 674 2021 eam
693 1973 737 2020 tihi
755 1988 804 2021 uon
824 1971 937 2022 dedecori
956 1973 1071 2022 futuram.

164 2039 258 2092 Cetera
275 2042 300 2091 in
320 2041 387 2091 alind
404 2048 500 2105 tempus
518 2056 642 2092 reservare
662 2057 743 2108 cogor.
781 2043 958 2109 Typographus
977 2046 1135 2107 conqueritur
1152 2045 1183 2093 de
1202 2045 1322 2092 sumtibus
1340 2042 1453 2092 schema·

92 2119 152 2166 mur,
172 2113 307 2176 praecipue
327 2112 357 2162 de
377 2128 419 2170 eo,
438 2113 503 2177 quod
522 2115 573 2163 aeri
591 2114 695 2177 insculpi
714 2116 816 2164 curavit.
854 2115 904 2165 Sed
923 2115 953 2164 de
970 2115 1009 2164 his
1028 2117 1079 2178 ipse
1099 2115 1230 2180 aliqnando
1249 2115 1347 2164 scribet.

161 2182 231 2234 Vale
249 2184 396 2234 felicissime.
435 2185 526 2234 Actum
544 2185 696 2249 rapidissimo
716 2186 820 2236 calamo.
860 2184 900 2235 15.
921 2183 980 2248 (25)
999 2185 1060 2236 Nor.
1081 2184 1123 2236 tt.

161 2253 221 2305 RS.
259 2255 313 2305 Etsi
330 2261 428 2320 praeter
447 2258 656 2319 exspectationem
674 2259 778 2307 nuncius
804 2258 894 2307 diutius
919 2266 1035 2317 maneat,
1063 2259 1117 2308 aliis
1143 2264 1226 2313 tamen
1253 2254 1455 2320 occupationibus
1477 2298 1480 2303 .

90 2326 195 2376 obrutus
214 2342 262 2377 nee
280 2328 325 2378 tibi
342 2342 390 2378 nee
407 2327 466 2376 mihi
489 2329 635 2378 satisfacere
659 2343 765 2393 possum.
803 2328 841 2379 Ne
866 2335 950 2380 tamen
975 2329 1034 2378 nihil
1060 2329 1166 2386 faciam,
1193 2329 1282 2390 adjicio
1305 2333 1455 2391 postremam

87 2397 235 2464 plagulam,
253 2399 338 2449 rudem
356 2400 455 2463 quidem
473 2404 500 2448 et
517 2400 625 2449 noudum
644 2407 780 2451 correctam
798 2402 830 2450 sd
848 2402 955 2465 prelum,
974 2402 1038 2451 sieut
1056 2402 1131 2451 vides.
1167 2400 1197 2449 ln
1217 2414 1248 2449 ea
1265 2399 1368 2465 plagula
1384 2399 1452 2449 vides

88 2477 191 2533 partem
209 2470 370 2533 praefationis
388 2485 468 2521 meae.
1505 2506 1507 2511 ·

165 2540 306 2607 ,Plagula“
319 2542 383 2593 haeo
395 2541 526 2592 reserenda
542 2548 580 2593 est
594 2542 627 2593 ad
641 2543 717 2592 verba
730 2544 785 2600 ,Ab
797 2544 844 2593 hoc
855 2544 930 2609 igitur
941 2543 1066 2607 tempore“
1082 2550 1130 2594 eto.
1144 2542 1214 2609 (pag.
1223 2558 1273 2607 seq.
1285 2539 1341 2603 tt),
1360 2542 1456 2605 reliqua
1470 2592 1476 2607 ,

88 2611 244 2662 Maestlinus
271 2616 361 2677 partim
385 2615 498 2679 integra,
523 2615 612 2678 partim
638 2615 779 2664 summatim
803 2617 917 2679 proponit
944 2615 1051 2679 Keplero
1077 2616 1102 2665 in
1127 2616 1280 2679 postseriptis
1305 2611 1386 2676 (dd.
1414 2609 1454 2671 ld,

89 2680 153 2743 (26)
173 2681 251 2746 Nor.)
270 2699 334 2749 quae
352 2685 390 2734 his
410 2685 550 2736 concludit:
578 2684 619 2734 De
638 2685 739 2735 adverso
759 2694 784 2735 et
807 2688 977 2750 inexspectato
1002 2693 1071 2737 statu
1093 2688 1242 2736 matrimonii
1264 2688 1300 2734 tui
1324 2700 1354 2735 ex
1373 2685 1455 2734 auimo

89 2755 182 2813 doleo;
207 2757 252 2806 sed
275 2772 362 2820 mero.
389 2755 470 2806 Deum
489 2757 603 2806 daturum
621 2757 731 2806 meliora.
768 2757 815 2806 Pro
834 2761 895 2807 meis
912 2758 1035 2808 laboribus
1055 2763 1081 2808 et
1098 2773 1154 2807 meo
1178 2771 1239 2821 erga
1261 2764 1286 2806 te
1306 2771 1389 2807 amore
1408 2770 1455 2823 ego

88 2826 188 2876 nullam
206 2827 281 2877 aliam
301 2831 527 2892 compensationem
547 2835 613 2892 peto,
633 2843 706 2892 quum
725 2834 761 2884 nt,
779 2831 844 2878 sicut
862 2831 932 2885 lacis,
951 2844 991 2879 me
1009 2829 1129 2879 redamet.
1162 2828 1243 2879 Unum
1263 2835 1347 2878 tamen
1366 2833 1392 2877 et
1409 2828 1456 2877 boe

88 2904 160 2962 peto,
181 2900 202 2948 si
221 2900 278 2964 quid
297 2902 396 2950 omnino
414 2900 473 2949 mihi
492 2901 695 2950 remunerationis
712 2900 766 2949 loco
786 2902 947 2954 constituisti.
966 2901 993 2950 id
1011 2900 1066 2949 aliis
1084 2915 1134 2950 non
1152 2902 1188 2950 sie
1206 2900 1313 2956 scribas,
1333 2898 1372 2947 vel
1390 2898 1457 2962 apud

89 2969 155 3020 alios
173 2971 324 3034 proclames,
347 2973 492 3035 praesertim
515 2987 560 3035 per
581 2986 642 3036 quos
660 2972 694 3021 ad
713 2971 796 3021 aulam
813 2972 1044 3038 wirtemberqioam
1063 2985 1094 3022 ea
1111 2986 1151 3021 res
1170 2971 1257 3022 deferri
1275 2975 1367 3034 posset.
1403 2968 1455 3020 De·

89 3042 187 3092 latores
206 3048 233 3092 et
251 3044 438 3100 obtrectatores,
457 3050 486 3092 ut
503 3045 577 3100 nosti,
596 3044 665 3104 rarii,
683 3042 769 3093 faciles
788 3044 901 3093 etmulti
919 3050 985 3094 sunt.
1021 3042 1093 3108 Rogo
1112 3057 1179 3108 ergo,
1198 3047 1270 3092 utet
1288 3041 1347 3091 mihi
1366 3046 1392 3092 et
1408 3041 1454 3091 tibi

88 3116 117 3163 in
135 3128 167 3163 eo
186 3127 284 3176 pareas.
321 3115 373 3181 Ego
392 3121 450 3164 tuus
470 3129 530 3164 sum.
568 3114 633 3164 Vale
652 3117 751 3178 optime.

163 3182 239 3244 Quae
259 3187 423 3244 ,matrimonii
441 3185 551 3236 statum“
571 3185 674 3250 Kepleri
693 3187 815 3245 attinent,
835 3186 929 3241 nullam
948 3186 979 3236 de
997 3187 1035 3236 his
1055 3185 1162 3235 antehac
1181 3184 1214 3234 sd
1233 3183 1393 3234 Msestlinum
1412 3183 1454 3233 ds·

90 3256 166 3306 derat
185 3256 322 3320 epistolam.
359 3256 494 3307 Nuncisvit
512 3259 574 3307 inite
596 3257 660 3307 talia
678 3256 850 3310 idaienreffero
873 3257 912 3307 vel
930 3257 1050 3314 Besoldo,
1077 3271 1134 3306 cum
1156 3257 1242 3321 quibus
1265 3261 1319 3305 tum
1340 3256 1456 3320 temperis

87 3327 171 3378 multa
189 3343 235 3391 per
245 3327 331 3378 literas
343 3330 403 3395 egit.
430 3329 460 3378 lu
472 3329 549 3379 literis
562 3329 720 3393 sequentibus
740 3325 990 3393 (pampinosae
1009 3329 1166 3380 dereroiert
1178 3328 1300 3392 Keplerus
1312 3325 1455 3377 Massilino.

163 3397 356 3457 „Narrationem
375 3400 508 3451 Rhaetici“
528 3415 603 3464 quum
620 3400 744 3450 addiderit
755 3399 903 3450 Maestlinus
915 3401 1047 3450 Prodromo
1068 3401 1161 3459 „iussio
1180 3405 1206 3450 et
1223 3398 1388 3456 inconsulto“‚
1407 3397 1455 3455 rel,

87 3476 118 3521 ut
135 3486 151 3521 e
169 3472 332 3536 sequentibus
350 3473 453 3536 patebit,
472 3474 548 3521 invito
566 3471 684 3535 Keplero,
703 3487 807 3539 cumque
824 3471 870 3522 ills
886 3487 973 3537 parum
991 3473 1053 3522 lucis
1072 3471 1163 3522 afferat
1180 3472 1246 3536 operi
1265 3471 1320 3535 ipsi,
1341 3485 1391 3520 non
1410 3468 1454 3519 ad·

90 3542 201 3593 dandam
220 3557 278 3593 eam
296 3546 436 3594 censuimus
453 3542 511 3594 huic
529 3543 638 3592 editioni.
1210 3577 1212 3580 ι

160 3613 346 3665 Praelatio
365 3621 449 3665 sutem
468 3615 647 3665 Maestlini
665 3614 729 3665 haec
748 3620 800 3665 est:

479 3760 519 3814 Μ.
544 3760 664 3814 hscebad
685 3760 817 3814 Massilia
840 3758 1067 3831 uomitum,

634 3835 753 3886 Candido
772 3834 876 3886 Lectori
895 3835 923 3886 S.

160 3931 245 3984 Recte
264 3933 397 3985 uPlatone
415 3937 553 4000 geometria
570 3940 597 3985 et
614 3933 771 3985 arithmetica
789 3933 845 3983 alae
859 3935 1024 3985 astronomiae
1038 3932 1201 3997 appellantur.
1228 3931 1372 3982 Geometris
1390 3931 1456 3982 euim

89 4006 117 4055 ia
134 4004 239 4055 coelesti
258 4021 372 4073 corpore,
395 4007 460 4070 quod
478 4013 598 4072 quantum
617 4012 655 4055 est
672 4005 799 4071 globosum
817 4011 844 4054 et
862 4005 974 4056 circulari
991 4011 1060 4054 motu
1078 4004 1223 4071 regulariter
1240 4000 1343 4062 mobile,
1363 4017 1393 4053 ex
1412 4002 1455 4054 ob·

89 4076 273 4128 servationibus
292 4078 392 4128 disemis
410 4079 559 4142 temporibus
577 4079 668 4127 habitis
691 4092 740 4126 nou
759 4083 856 4126 tantum
874 4079 939 4127 uam
957 4074 1084 4126 stellarum
1101 4076 1209 4131 invenit,
1238 4075 1282 4124 sed
1301 4076 1377 4125 etiam
1395 4076 1454 4137 irre·

88 4148 234 4213 paludatis
253 4151 453 4213 apparentiarum
472 4166 502 4200 ex
519 4150 671 4217 regularibus
689 4149 794 4198 motibus
813 4150 920 4199 rationes
938 4149 1033 4203 reddit.
1063 4162 1195 4211 earumque
1219 4154 1301 4197 certas
1326 4160 1455 4196 mensuras

89 4218 222 4283 patefacit,
243 4226 317 4286 atque
330 4236 457 4285 corporum
470 4221 565 4273 illorum
581 4221 720 4271 sublimium
735 4220 918 4285 magnitudines
937 4227 1008 4270 utet
1026 4219 1168 4269 altitudines
1182 4219 1342 4267 demonstrat.
1371 4217 1454 4267 Arith-

88 4292 188 4340 metica
209 4298 311 4348 autem,
336 4293 394 4343 dum
416 4292 489 4355 hujus
508 4295 594 4357 quanti
613 4293 719 4356 corporis
737 4299 820 4355 partes
838 4293 863 4340 in
882 4286 995 4341 numeros
1014 4292 1129 4354 conjicit,
1150 4288 1206 4339 illas
1228 4289 1412 4355 magnitudines
1430 4295 1457 4339 et

89 4360 238 4412 altitudines
256 4365 366 4421 metitur,
385 4365 532 4428 tabulasque
551 4365 642 4418 condit,
661 4379 691 4412 ex
709 4364 795 4427 quibus
815 4364 847 4411 ad
865 4363 965 4427 quodvis
983 4362 1069 4412 datum
1087 4370 1183 4425 tempus
1201 4361 1328 4411 stellarum
1346 4361 1454 4409 omnium

88 4433 159 4489 locs,
180 4433 290 4498 adeoque
308 4442 363 4485 tota
381 4436 442 4486 coeli
462 4436 538 4485 iacies
557 4435 691 4485 exhibetur.
729 4434 783 4483 Etsi
802 4441 886 4483 autem
903 4435 952 4483 ista
971 4434 1117 4483 admiranda
1136 4441 1161 4481 st
1180 4433 1258 4482 ardua
1276 4434 1341 4487 sint,
1367 4431 1455 4481 harum

90 4512 182 4554 tamen
199 4505 295 4555 alarum
314 4508 422 4572 remigiis
441 4507 564 4572 adiunge
583 4507 672 4556 altiora
689 4505 817 4555 subvolare
835 4521 880 4554 uos
899 4507 1000 4555 eximius
1022 4505 1062 4554 hic
1085 4511 1168 4554 noster
1186 4503 1394 4560 Mathematicus,
1417 4500 1454 4553 M.

91 4575 235 4626 Ioannes
252 4577 424 4642 Keplerus‚
446 4579 525 4629 docet.
556 4577 651 4644 Magna
669 4592 730 4627 sane
748 4583 814 4635 sunt,
834 4592 897 4640 quae
917 4577 1023 4627 artifices
1042 4576 1175 4625 astronomi
1193 4575 1242 4625 huc
1260 4589 1336 4638 usque
1354 4575 1454 4625 iurene·

90 4652 168 4697 runt:
187 4651 363 4700 mmonumiam
380 4656 466 4700 tamen
484 4650 605 4700 hacteuus
623 4664 707 4699 omnes
725 4663 776 4698 non
794 4648 841 4697 nisi
859 4647 875 4697 t
892 4656 962 4714 tergo
981 4648 1060 4698 adorti
1078 4654 1145 4705 suut,
1164 4654 1190 4696 et
1209 4653 1260 4695 tam
1272 4652 1362 4702 motus,
1381 4658 1456 4710 quam

90 4719 282 4784 magnitudines
301 4728 327 4771 et
344 4721 476 4775 distantias
495 4737 525 4772 ex
542 4722 599 4770 solis
618 4720 826 4772 observationibus
851 4720 972 4786 indagare
997 4720 1141 4769 docuerunt
1177 4719 1218 4768 An
1237 4724 1320 4768 autem
1339 4716 1355 4766 d
1372 4717 1454 4782 priori,

91 4789 147 4841 sivo
165 4789 184 4838 δ
200 4790 281 4843 mute
298 4791 362 4843 ullus
379 4794 430 4844 ista
447 4793 589 4843 dimetiendi
608 4798 696 4857 pateat
714 4792 811 4852 aditus,
833 4791 872 4840 rel
890 4806 955 4841 aune
979 4791 1030 4842 ulla
1055 4790 1120 4847 alia,
1146 4797 1244 4855 praeter
1262 4789 1452 4847 observationes,

91 4863 249 4933 geometrica
266 4876 355 4916 norma
370 4858 483 4926 inventos
500 4871 611 4921 motuum
630 4870 656 4916 et
673 4864 841 4939 quantitatum
858 4877 973 4920 uumerus
991 4861 1149 4920 examinandi
1166 4859 1252 4916 haberi
1274 4860 1366 4932 possit,
1393 4857 1454 4911 nulli
