3278 5542
599 325 756 391 nsum
773 326 924 378 amasam
959 292 962 299 ’
1377 331 1440 401 431

88 487 231 557 permeet,
254 479 333 543 alius
355 456 504 543 tardius
496 501 527 544 ιιι
550 481 744 561 proportione
767 483 952 548 harmonica.
997 483 1076 550 Sunt
1100 488 1211 550 etenim
1235 489 1292 552 hae
1316 493 1451 556 rationes

88 567 269 645 variabiles,
301 588 357 632 nec
381 588 474 650 saepe
496 570 648 645 incidunt;
677 571 759 633 idem
781 573 861 635 enirn
883 573 1008 653 planeta
1030 595 1107 639 nunc
1131 577 1258 641 celerior
1281 589 1349 656 est,
1374 602 1450 644 nnnc

88 657 214 722 urdior
260 655 323 722 Sed
349 660 424 722 haec
447 667 549 722 tamen
573 660 612 722 ab
637 661 824 739 experientia
847 662 976 725 nondum
1000 666 1177 728 confirmata
1199 677 1280 742 sunt,
1304 688 1360 732 neo
1379 672 1448 733 dum

88 747 248 811 methodus
271 747 448 825 constituta,
472 767 533 829 qua
555 749 726 830 hujusmodi
747 750 920 814 barmoniae
944 753 1181 868 investigentur.

627 837 761 900 Thonis
784 839 968 903 XLIX

175 924 384 990 Vanissimam
406 925 554 1028 astrologi
577 946 700 990 causam
723 927 812 1008 hujus
835 929 985 1008 generalis
1009 929 1217 1011 dispositionis
1241 954 1384 999 annorum
1412 958 1448 1000 ex

88 1015 276 1121 mgremibus
299 1013 413 1078 Solis
405 1034 436 1077 ιιι
448 1015 596 1090 Arietem
622 1022 749 1095 quatuor
773 1025 940 1096 temporum
963 1038 1000 1080 ex
1014 1020 1117 1099 figuris
1132 1021 1344 1100 cardinalibus,
1360 1044 1446 1088 men-

88 1105 165 1171 sium
187 1124 227 1169 ex
249 1104 352 1185 liguris
377 1104 561 1166 lunationum
584 1112 706 1206 petunt:
731 1106 819 1185 quasi
842 1113 960 1208 tempus
984 1109 1154 1189 subjectum
1177 1111 1296 1213 aliquod
1324 1133 1446 1193 pernre-

88 1213 161 1259 ueus
185 1194 229 1257 sit
251 1201 287 1256 ut
308 1194 417 1268 homo,
451 1193 535 1273 cujus
567 1192 692 1273 genesin
724 1213 791 1257 curn
823 1195 941 1258 ratione
971 1197 1120 1300 inspicere
1142 1200 1312 1278 possimus,
1335 1212 1367 1264 et
1389 1222 1446 1267 uon

87 1285 187 1367 potius
209 1302 284 1364 pars
306 1290 439 1344 motuum
463 1283 660 1346 coelestium:
685 1285 849 1364 autquasi
873 1287 968 1349 Terra
992 1287 1077 1349 unico
1101 1297 1252 1352 momento
1276 1290 1315 1353 ad
1338 1310 1447 1354 novam

87 1381 236 1437 soetawm
267 1378 433 1451 reparetur.
480 1372 618 1434 Mutatur
645 1373 765 1451 quidem
788 1373 882 1436 Terra
905 1373 944 1437 ab
972 1375 1146 1456 aspectibus
1169 1378 1282 1457 figurae
1305 1381 1447 1453 vernalis,

87 1463 213 1546 siquos
236 1462 291 1525 illa
312 1460 423 1535 habet,
458 1459 512 1522 sed
535 1460 587 1523 illo
611 1467 729 1523 tanturn
753 1461 817 1536 die;
848 1464 999 1526 anteactis
1032 1472 1064 1526 et
1094 1466 1288 1545 sequentibus
1316 1470 1355 1532 ab
1379 1471 1447 1532 aliis

87 1559 178 1634 etque
202 1551 290 1626 aliis,
315 1547 365 1630 qui
389 1549 494 1629 quovis
519 1549 567 1612 die
590 1549 735 1613 incidunt.
782 1549 846 1613 Sed
875 1552 950 1618 nihil
978 1552 1129 1633 indignius
1157 1564 1207 1618 est
1235 1556 1266 1620 iu
1289 1557 1347 1620 hac
1369 1578 1445 1639 pene

87 1641 176 1707 unica
199 1639 385 1721 quorundam
408 1641 627 1718 astrologorum
650 1657 740 1714 cura,
766 1658 856 1719 quam
878 1641 957 1721 quod
981 1641 1139 1707 duodecim
1166 1644 1316 1708 domicilia
1338 1648 1445 1726 puerili

87 1731 216 1814 quedam
239 1727 419 1791 credulitate
442 1737 565 1807 praeter
585 1747 706 1796 ¹omnem
729 1729 878 1792 rationem
901 1729 1030 1792 solidam
1054 1738 1087 1793 et
1107 1732 1347 1814 philosophicam
1368 1737 1446 1800 inter

87 1828 204 1901 septem
227 1819 369 1898 planetas
392 1816 588 1892 distribuunt,
614 1816 850 1893 dominationes,
875 1818 1124 1900 imperiorumque
1147 1832 1373 1887 momentaneas
1397 1826 1444 1887 vi·
1500 1843 1504 1851 ·

87 1907 277 1973 cismtudiues
310 1906 396 1986 quasi
418 1906 449 1967 in
473 1906 572 1986 aliquo
596 1913 684 1968 coetu
707 1906 857 1969 hominurn
880 1908 1072 1987 confingunt:
1103 1910 1180 1973 unde
1205 1912 1300 1975 omnis
1324 1915 1443 1994 magica

87 2007 117 2063 rt
137 1994 325 2074 astrologica
348 1995 524 2076 superstitio
548 2001 616 2056 orta
639 2003 697 2057 est.
744 1996 857 2058 Demus
882 1997 992 2059 alicubi
1015 1997 1306 2064 verisimilitudinem
1330 2004 1369 2066 ab
1386 2003 1442 2066 hae

87 2085 297 2152 distributione
322 2090 413 2160 stare,
438 2092 473 2145 ut
494 2084 523 2144 in
544 2081 687 2158 Saturno,
712 2085 759 2147 oui
783 2085 934 2187 hyemalia
956 2087 1045 2166 sigua
1068 2087 1195 2150 dantur·
1220 2090 1251 2151 id
1275 2099 1377 2154 tamen
1395 2103 1443 2154 est

86 2177 123 2241 sb
144 2193 258 2240 causas
282 2173 369 2248 alias,
395 2182 428 2234 et
450 2173 555 2234 statim
578 2173 608 2234 iu
634 2173 712 2243 aliis,
736 2182 770 2235 ut
793 2174 823 2236 iu
846 2174 923 2237 Jove
947 2176 1068 2237 vanitas
1091 2177 1236 2255 proditur.
1285 2178 1347 2242 Sed
1366 2181 1443 2243 hanc

87 2283 232 2348 nugacem
254 2262 438 2342 astrologiae
461 2270 580 2342 partem
604 2262 674 2324 olim
696 2262 852 2325 Stbilerus
885 2264 1055 2344 astrologus
1084 2266 1135 2338 (ut
1156 2267 1268 2329 nullum
1292 2269 1331 2330 ab
1355 2269 1442 2333 hoste

86 2353 300 2418 Mirandulano
313 2346 355 2426 ¹³)
379 2351 585 2413 testimonium
616 2353 754 2431 petatur)
776 2351 910 2454 physicis
937 2351 1104 2417 rationibus
1132 2355 1250 2457 oblique
1283 2359 1441 2421 refutavit.

86 2442 272 2526 experientia
303 2459 375 2502 vero
403 2440 536 2521 quotidie
567 2441 694 2510 refutat,
730 2460 796 2503 cum
827 2440 907 2505 iutra
939 2449 987 2504 tot
1018 2442 1122 2505 s'ecula
1144 2444 1195 2505 vix
1218 2445 1309 2507 ullum
1334 2448 1439 2527 aequi·

86 2532 178 2596 soctii
202 2539 317 2594 certum
340 2536 459 2609 tempus
482 2528 558 2608 ipsis
582 2529 733 2608 cognitum
764 2529 867 2605 inerit;
898 2538 932 2592 ut
959 2531 1061 2613 Tycbo
1086 2527 1185 2595 Brahs
1214 2533 1441 2599 demonstravit.

86 2622 231 2701 Allegent
265 2619 382 2698 aliquot
413 2619 597 2698 superiorum
630 2636 773 2679 annorum
806 2620 917 2698 ligures
949 2620 1134 2695 cardinales,
1169 2631 1344 2702 comparent
1375 2645 1442 2688 curn

86 2710 256 2775 effectibus:
291 2725 346 2788 ego
379 2706 454 2789 ipsis
487 2706 700 2771 demonstrabo
734 2707 829 2769 salsos
858 2707 950 2770 fuisse
984 2709 1191 2790 intempore,
1224 2731 1312 2775 veras
1341 2722 1441 2777 autem

86 2801 194 2882 igurae
218 2797 399 2862 contrarium
423 2796 493 2858 anni
512 2795 666 2875 sequentis
681 2797 879 2876 qualitatibus
895 2798 1076 2873 ostendisse,
1093 2799 1150 2862 hac
1166 2799 1284 2880 quidem
1299 2803 1440 2865 methodo

86 2908 162 2954 rena
184 2887 383 2951 examinatae.
429 2886 519 2948 Auno
544 2885 642 2947 futuro
667 2883 721 2947 Sol
744 2885 883 2948 Arietem
910 2886 1078 2966 ingreditur
1101 2885 1154 2950 20.
1179 2889 1284 2953 Martii
1307 2891 1362 2953 sub
1386 2910 1439 2955 oc-

86 2997 188 3044 casum
211 2976 307 3050 Solis,
332 2976 446 3039 oriente
473 2975 551 3038 Jove
576 2974 606 3037 in
629 2973 762 3039 Libra:.
777 2973 924 3054 astrologi
951 2975 1101 3056 putabunt
1129 2976 1258 3040 orituros
1284 2977 1439 3055 Geminos,

86 3086 120 3132 tx
140 3065 324 3131 Proteuiois.
369 3065 438 3127 Non
471 3073 573 3127 tamen
605 3063 674 3125 binc
707 3064 769 3125 ulla
801 3063 950 3143 generalis
983 3065 1163 3145 significatio
1192 3067 1299 3131 deduci
1325 3078 1439 3148 potest.

85 3157 161 3222 ‚tam
182 3155 303 3238 Jupiter
325 3161 433 3216 octavo
456 3153 575 3234 quidem
598 3152 715 3233 Aprilis
738 3152 818 3215 vires
842 3173 914 3216 snas
943 3163 1081 3228 exseret,
1111 3157 1268 3237 oppositus
1291 3155 1374 3234 Soli,
1408 3168 1442 3221 at

85 3243 134 3313 l0.
163 3243 214 3309 li.
238 3242 314 3308 Maii
337 3241 487 3307 Saturnus
511 3241 554 3304 illi
577 3242 727 3316 succedet,
752 3241 823 3322 quia
844 3243 872 3305 is
895 3261 931 3306 co
955 3244 1003 3306 die
1026 3243 1090 3307 Soli
1110 3246 1279 3326 opponitur.

660 3331 791 3394 Thesis
814 3331 850 3393 L.

168 3423 228 3486 Hic
261 3428 363 3484 autern
395 3419 464 3483 illas
496 3418 768 3484 vetustissimorum
801 3428 957 3484 anctorum
985 3421 1129 3492 Hesiodi,
1157 3413 1265 3498 Arati,
1299 3425 1438 3504 Vergilii,

85 3512 172 3579 Plinii
195 3519 227 3574 et
251 3512 411 3574 modernas
435 3509 635 3589 agricolarum
658 3509 936 3572 animadversiones
960 3529 1018 3572 nou
1042 3511 1154 3590 rejicio,
1180 3512 1229 3592 qui
1253 3532 1291 3574 ex
1309 3514 1439 3578 siderum

85 3602 234 3667 exortibus
257 3600 364 3662 annuis
387 3607 419 3661 et
441 3599 546 3660 Lunae
571 3599 706 3661 faciebus
736 3608 806 3660 tunc
831 3599 949 3679 quando
982 3600 1058 3661 haec
1082 3609 1242 3664 cernuntur
1270 3602 1344 3674 (non
1368 3621 1439 3665 vero

85 3692 177 3758 ulto
200 3698 336 3770 ternpore
369 3691 457 3761 aute)
480 3689 518 3750 de
550 3688 652 3750 futura
684 3689 764 3750 airis
792 3689 937 3769 temperie
964 3687 1192 3750 ratiocinantur.
1240 3687 1441 3753 Consideraut

85 3782 160 3847 nim
180 3780 234 3843 illa
256 3798 315 3841 non
339 3785 463 3859 propter
486 3777 634 3856 magicam
657 3776 733 3839 coeli
757 3778 900 3857 figuram,
934 3796 990 3840 nec
1017 3784 1052 3838 ut
1074 3796 1199 3839 causum
1222 3779 1341 3842 futurae
1363 3798 1438 3843 con-

85 3869 246 3937 stitutionis
270 3870 356 3942 (uam
378 3867 447 3930 aliis
472 3866 558 3928 aunis
582 3866 664 3929 aliud
687 3885 774 3928 omen
798 3866 954 3947 capiunt),
988 3867 1043 3929 sed
1066 3874 1099 3929 ut
1122 3868 1238 3948 signum
1257 3868 1323 3947 jem
1347 3887 1438 3948 prae·

85 3960 175 4026 ants
209 3967 244 4021 et
276 3956 495 4038 aliquantisper
524 3957 686 4018 duraturae
719 3955 926 4035 dispositionis
950 3956 1115 4020 Terrestris
1148 3956 1313 4038 generalis,
1354 3958 1439 4038 cujus

84 4050 236 4132 periodum
259 4055 292 4111 et
315 4048 399 4127 leges
424 4046 500 4109 alias
524 4044 656 4124 ignorari
680 4046 837 4108 contendo.

651 4133 783 4196 Thesis
806 4135 858 4196 Ll.

166 4225 422 4289 Animadversum
452 4231 553 4286 minen
584 4231 644 4298 est,
678 4224 777 4287 inesse
811 4223 933 4284 brevem
965 4221 1119 4286 circuitum
1156 4222 1223 4286 huic
1256 4225 1436 4304 qualitatum

84 4315 293 4380 universalium
315 4312 509 4377 successioni.
555 4314 636 4376 Nam
659 4320 690 4374 et
712 4312 818 4375 rustici
842 4311 907 4392 (qui
929 4310 1006 4373 hanc
1030 4313 1160 4374 omnium
1183 4313 1351 4377 rectissime
1370 4314 1436 4377 oal-

84 4408 158 4481 ent)
181 4405 232 4467 ubi
256 4410 408 4466 aestatem
431 4401 564 4464 viderint
586 4402 742 4476 fervidam,
767 4400 927 4464 admodum
951 4401 1080 4479 rigidam
1103 4409 1268 4482 expectant
1288 4403 1435 4485 hyemem.

84 4494 118 4559 tt
140 4495 168 4558 si
191 4512 263 4574 pars
288 4493 389 4574 aliqua
412 4490 527 4575 hyemis
551 4500 656 4571 tepore
681 4510 739 4552 non
763 4490 894 4552 naturali
918 4489 1077 4565 detinetur,
1103 4498 1189 4553 tanto
1213 4491 1310 4570 magis
1329 4491 1436 4554 ultima

84 4592 166 4664 parte
189 4583 284 4663 frigus
308 4589 481 4662 expectant.
528 4582 578 4643 lta
600 4581 657 4643 boc
680 4587 828 4661 tempore,
854 4598 921 4642 cnm
945 4579 1050 4661 hyems
1078 4580 1156 4643 acris
1185 4579 1345 4642 admodum
1367 4599 1435 4642 ma-

84 4693 143 4738 ure
167 4670 325 4753 ingruerit,
347 4680 497 4734 maturum
519 4670 653 4734 vicissim
676 4688 730 4732 vor
753 4668 821 4745 erit,
846 4668 1103 4733 consentientibus
1128 4668 1301 4750 aspectibus
1323 4669 1435 4751 pleris-

84 4782 144 4848 με,
169 4761 219 4845 qui
242 4781 277 4826 eo
301 4761 371 4824 anni
395 4771 530 4842 tempore
553 4759 697 4825 incidunt.
