3278 5542
10 40 22 149 l
299 111 302 117 ·
588 78 593 86 ’
656 106 817 163 remu·
1376 100 1416 176 ιι

65 267 97 328 de
116 266 311 331 latitudinum
334 269 485 332 varietate
507 270 681 351 cogitandi:
711 272 790 333 sient
811 270 947 335 videmus
970 272 1133 336 octatdron
1156 273 1305 336 Mercurio
1329 274 1416 336 unius
1497 296 1501 303 ’

60 357 293 419 eccentricitatis
316 359 435 421 modum
457 360 701 441 praescripsisse.

142 446 240 508 Porro
264 448 301 509 de
324 447 426 510 Luna
448 448 563 529 pridem
586 459 704 530 tempus
728 458 785 524 est,
810 457 844 511 ut
867 446 980 529 aliquid
1004 449 1112 511 dicam.
1155 450 1234 511 Nam
1257 452 1417 514 concordia

55 535 187 596 Veneris
210 533 277 598 cuin
301 538 347 599 sni
371 538 503 617 corporis
527 539 711 601 dimensione
736 538 848 618 arguit,
881 538 958 600 hanc
987 539 1200 601 dimensionem
1225 541 1263 601 ad
1287 541 1415 617 Lunam,

54 643 128 704 qnae
152 624 280 687 Terram
304 627 407 702 ambit,
433 627 473 688 nil
496 627 663 706 pertinere:
688 629 746 691 nisi
768 627 895 690 velimus
915 646 973 688 non
988 627 1119 690 Martem
1132 628 1254 704 Terrae,
1279 630 1333 691 sed
1350 650 1415 692 rne-

56 715 134 775 diam
156 714 272 776 Terrae
287 716 472 777 ‘distantiam
494 716 588 779 Marti
620 719 742 798 propius
776 717 954 790 admovere,
990 726 1023 778 ιιι
1055 718 1160 779 Lunae
1189 718 1269 779 circa
1292 718 1417 782 Terram

49 803 195 884 utrinqne
218 804 355 884 aequalis
379 814 500 884 pateret
522 807 603 869 inter
624 807 832 889 proportiones
855 806 1011 868 transitus.
1048 807 1163 868 Verum
1182 825 1219 867 ex
1234 807 1289 868 hoc
1305 827 1415 889 seque-

53 899 136 953 retur
158 892 272 954 Martis
297 901 328 955 et
348 895 435 956 Jovis
459 895 547 976 longe
571 897 666 976 major
688 896 871 978 parallaxis,
903 915 979 976 quae
1002 895 1067 975 jam
1091 904 1182 957 anteo
1205 897 1416 976 grandiuscula
1447 934 1456 947 ·

51 990 109 1042 est.
157 981 310 1045 Mercurio
334 1002 415 1060 vero,
440 985 490 1065 qui
512 986 609 1047 minus
633 987 712 1066 justo
737 993 770 1048 et
783 985 896 1048 Veneri
921 1003 997 1066 quae
1021 985 1097 1046 satis
1121 984 1263 1055 habebat.
1287 986 1414 1067 amplius

52 1071 124 1151 qnid
148 1070 208 1132 hoc
231 1073 320 1134 modo
343 1072 522 1136 demeretur.

144 1160 210 1222 Sed
233 1162 305 1240 quid
328 1162 440 1225 attinet
461 1164 566 1225 Lunae
589 1164 737 1225 rationem
761 1164 880 1236 hahere,
906 1181 973 1224 cnm
995 1162 1050 1223 illa
1073 1180 1130 1231 non
1155 1162 1194 1224 ad
1218 1162 1319 1225 orbem
1337 1162 1414 1226 Ter-

55 1269 122 1323 rae,
147 1257 184 1310 nt
207 1259 375 1313 ceterorum
396 1252 585 1331 planetarum
609 1252 763 1333 epioyolia,
788 1252 906 1333 proprie
929 1252 1089 1331 pertineat
1152 1312 1168 1321 ,

143 1339 271 1401 Terram
295 1341 372 1402 enim
397 1343 608 1421 pdasbponoe
630 1351 750 1404 creator
773 1342 843 1404 orbe
858 1340 971 1404 Luunri
989 1341 1094 1402 ultimo
1109 1339 1270 1402 vestivisse
1286 1340 1413 1418 videtur,

63 1429 125 1508 qnia
155 1448 224 1490 earn
252 1429 376 1491 volebat
399 1431 495 1492 instar
518 1429 599 1494 Solis
622 1450 703 1505 esse,
736 1439 769 1493 ut
792 1430 914 1510 etipsa
936 1429 1109 1493 ambiretur.
1156 1430 1344 1509 Argumeuto
1368 1439 1418 1493 est

65 1518 211 1597 proportio
235 1518 352 1580 mediae
376 1518 543 1582 distantiae
557 1521 662 1583 Lunae
686 1540 705 1581 a
727 1527 830 1582 centro
845 1518 957 1581 Terrae
976 1520 1015 1580 ad
1035 1519 1290 1582 semidiametrum
1304 1520 1416 1583 Terrae

10 1584 18 1695 l
69 1607 161 1668 eadem
187 1608 270 1682 fere,
296 1627 371 1688 qnae
394 1609 511 1671 mediae
536 1608 699 1671 distantiae
722 1608 863 1671 Mercurii
887 1629 905 1670 a
928 1616 1030 1670 centro
1054 1607 1136 1670 Solis
1160 1610 1197 1669 sd
1223 1609 1416 1671 semidiame-

71 1705 134 1757 trnm
157 1694 253 1758 Solis.
299 1697 379 1759 Nam
403 1699 428 1759 si
451 1698 618 1761 Mercurius
642 1698 681 1759 ad
705 1697 808 1761 Solem
841 1707 924 1759 esset
956 1704 990 1758 ut
1017 1698 1105 1759 Luna
1134 1707 1184 1759 est
1211 1697 1250 1759 ad
1280 1698 1415 1773 Terram,

76 1784 186 1847 distaret
219 1782 286 1849 435
319 1787 550 1849 semidiametris
578 1788 699 1850 Terrae.
748 1786 932 1868 Oopemicus
965 1787 1054 1866 paulo
1087 1787 1155 1866 plus
1183 1797 1338 1862 numerat,
1372 1807 1415 1850 so.

11 1864 15 1877 '
84 1869 180 1958 titt„
208 1876 365 1955 quiescit,
392 1894 480 1957 quarn
503 1877 597 1940 vere?
620 1876 748 1938 Interius
772 1883 907 1939 correcto
929 1876 1018 1937 modo
1042 1883 1129 1937 erunt
1151 1873 1224 1939 441.

144 1965 255 2045 Neque
279 1984 350 2026 vero
374 1967 564 2028 metuendum
587 1975 643 2041 est,
669 1986 705 2027 ne
730 1967 867 2028 Lunares
891 1964 979 2027 orbes
1002 1986 1022 2025 a
1040 1964 1145 2026 vicinis
1170 1983 1325 2044 corporum
1345 1982 1418 2044 pro-

82 2053 249 2130 portionibus
272 2055 435 2134 compressi
459 2055 619 2118 elidantnr.
666 2056 747 2118 Nam
771 2055 932 2117 absurdum
948 2062 979 2114 et
993 2061 1193 2116 monstrosum
1209 2061 1266 2127 est,
1291 2072 1419 2134 corpora

81 2141 135 2202 haee
156 2143 289 2205 materia
312 2144 441 2224 quadam
464 2145 597 2215 vestita,
631 2163 707 2225 quae
731 2144 828 2206 alieno
852 2143 968 2222 corpori
992 2145 1154 2205 transitum
1178 2163 1235 2205 uon
1259 2143 1414 2223 praebeat,

80 2230 100 2289 in
118 2233 228 2294 coelum
253 2234 412 2296 collocare.
452 2233 515 2296 Sed
538 2253 634 2314 neque
648 2235 695 2295 de
714 2234 854 2296 crassitie
869 2232 951 2294 orbis
966 2233 1089 2296 Terreni
1103 2233 1305 2313 cogitandum,
1331 2233 1417 2314 quasi

80 2330 148 2381 unta
169 2330 239 2383 ess‘e
263 2322 382 2398 debeat,
407 2332 439 2384 ιιι
463 2323 612 2402 integram
631 2324 735 2385 Lunae
759 2323 920 2404 sphaeram
943 2321 1086 2396 includat,
1113 2342 1148 2384 ac
1171 2323 1295 2402 proinde
1310 2321 1416 2383 Lunae

78 2426 175 2489 qnoque
200 2432 220 2471 a
244 2410 340 2474 Terra
368 2412 514 2473 distantia
535 2413 566 2473 in
589 2412 812 2493 proportionem
843 2412 921 2474 hano
951 2412 1058 2472 cadere
1087 2410 1207 2473 debeat.
1253 2409 1334 2472 Nam
1358 2411 1416 2472 etsi
1460 2435 1464 2443 ·

77 2497 211 2560 orbiculus
235 2499 341 2561 Lunae
365 2520 456 2580 snpra
479 2502 606 2563 Telluris
630 2502 732 2564 orbem
755 2503 901 2575 emineat,
928 2500 999 2581 qnid
1020 2500 1103 2562 illum
1125 2499 1310 2579 prohibebit,
1340 2518 1416 2580 quo-

73 2587 155 2648 minus
179 2589 363 2651 moveatur?
396 2589 471 2661 Quis
495 2609 566 2653 vero
591 2590 705 2665 didicit,
730 2611 769 2651 an
793 2590 912 2653 omnino
935 2589 977 2650 ibi
1001 2584 1063 2650 sint
1085 2589 1197 2652 orbes?
1221 2589 1263 2650 Et
1286 2589 1315 2650 in
1331 2589 1415 2649 Mer·

70 2677 141 2738 curio
159 2679 225 2757 jam
250 2685 340 2740 antea
363 2679 507 2753 vidimus,
536 2698 593 2759 quo
621 2687 711 2757 pacto
734 2680 800 2759 ejus
824 2680 904 2743 orbis
929 2679 1046 2758 quidem
1070 2686 1171 2740 servet
1193 2678 1416 2759 proportionem

67 2766 206 2837 octaedri,
230 2767 296 2847 ipse
319 2786 391 2829 vero
414 2786 507 2849 usque
531 2770 569 2830 ad
594 2769 733 2850 quadrati
748 2769 938 2831 altitudinem
958 2787 1049 2848 snpra
1072 2787 1157 2829 suum
1181 2768 1284 2830 orbem
1306 2784 1416 2828 assem

64 2856 120 2918 dat.
166 2854 262 2936 (Cap.
286 2855 391 2931 XVI.)
1072 2897 1075 2903 -
1131 2893 1134 2898 -

147 2944 214 3008 Sed
237 2953 271 3008 ut
295 2946 421 3028 denique
446 2965 591 3008 summam
615 2946 683 3008 huic
707 2945 827 3025 negotio
851 2965 969 3007 manum
993 2945 1160 3025 imponam,
1195 2952 1285 3025 utque
1314 2961 1418 3006 omnes

60 3035 193 3111 videant,
219 3035 293 3098 nibil
316 3043 369 3098 ant
391 3054 496 3116 parum
519 3036 548 3097 in
573 3035 778 3117 parallaxibus
803 3035 922 3109 mutari,
946 3046 1061 3096 struam
1084 3054 1192 3096 novnrn
1212 3033 1364 3105 mundum,
1388 3039 1420 3094 et

56 3124 206 3206 incipiens
231 3145 251 3187 a
273 3143 389 3187 summa
412 3125 559 3187 distantia
577 3145 704 3200 sursum,
730 3124 769 3185 ab
788 3124 848 3185 ivna
867 3126 1006 3186 deorsum
1023 3124 1209 3205 progrediar.
1255 3125 1419 3185 Assumam

57 3223 159 3276 autem
183 3214 265 3277 hano
289 3213 481 3296 hypothesin,
506 3213 590 3295 quasi
614 3214 768 3294 proportio
792 3206 1051 3277 eccentricitatum
1076 3214 1113 3275 ad
1137 3214 1226 3275 orbes
1250 3220 1335 3274 certa
1358 3212 1418 3273 sit:

61 3311 94 3363 et
112 3303 234 3386 siquid
257 3302 287 3364 in
307 3322 423 3365 summa
440 3303 488 3364 vel
511 3304 570 3365 ima
595 3303 742 3365 distantia
765 3303 892 3384 alicujus
915 3303 996 3365 orbis
1020 3304 1078 3365 erit
1100 3303 1297 3376 immutatum,
1323 3301 1420 3364 corri-

39 3406 136 3473 pm
152 3393 249 3455 etiam
272 3392 531 3455 eccentricitatem
554 3392 833 3472 proportionaliter:
859 3393 939 3473 quod
962 3413 1000 3453 an
1024 3401 1105 3454 recte
1130 3392 1252 3465 faciam,
1278 3389 1420 3452 conside-

67 3481 299 3544 menfica.
345 3481 411 3543 Hoc
434 3483 522 3543 modo
547 3482 730 3544 constitutas
754 3481 917 3543 distantias
941 3482 981 3542 ad
1003 3481 1131 3542 mediam
1146 3480 1275 3542 Telluris
1300 3479 1420 3540 distan-

59 3565 145 3635 iffi
159 3588 179 3632 a
199 3579 305 3634 centro
329 3571 467 3643 referam,
491 3571 580 3651 idque
609 3571 692 3645 ideo,
727 3569 797 3651 qnia
828 3568 1012 3650 Oopernicus
1045 3588 1148 3631 omues
1180 3570 1353 3650 parallaxes
1382 3566 1422 3629 ad

51 3657 156 3725 lom
178 3658 264 3723 Solis
288 3659 417 3722 medinm
440 3658 688 3721 accommodavit.
737 3657 829 3740 (Cap.
851 3660 940 3734 XV.)

140 3747 202 3813 Sic
224 3750 319 3831 igitur
341 3767 375 3810 se
399 3749 514 3811 hahent
536 3748 699 3811 distantiae
725 3755 756 3810 et
777 3749 1023 3812 eccentricitates
1040 3745 1213 3828 Corpernioi
1238 3747 1276 3808 ad
1299 3764 1421 3809 correc-

51 3844 125 3903 ιι·-
131 3838 219 3902 dieto
242 3839 341 3901 modo.

10 4002 18 4015 ν
48 3942 289 4069 Ι,(8οιῐιιιιιιιιι
305 3945 410 4003 numeri,
429 3959 489 4009 quos
508 3942 606 3995 exhibet
624 3943 725 3993 tabulae
744 3943 789 3993 sub
807 3944 881 3994 linem
894 3941 955 4007 Gap
969 3941 1017 3992 XV
1034 3942 1204 4007 ordoprimus.
1225 3942 1315 3992 additis
1333 3954 1422 3991 eccen-

48 4013 318 4080 flfflffbusffl
339 4013 408 4074 24¹⁴,
428 4013 472 4065 22’
490 4011 558 4070 40”,
579 4012 619 4063 17’
639 4011 706 4075 30”,·
725 4011 764 4073 5‘,
786 4015 827 4064 11⁴
847 4011 927 4076 22”,)
951 4016 1045 4079 paritor
1067 4016 1163 4064 numeri
1185 4015 1275 4066 ordinis
1293 4013 1422 4063 tertiiali·

10 4176 15 4185 Ι
47 4093 181 4157 prun
201 4052 408 4154 sumpsisses)

130 4227 203 4281 Dein
218 4231 300 4297 pergit
317 4229 457 4294 Keplerus:

149 4336 218 4398 Eas
241 4336 404 4401 distantiae
428 4337 620 4399 convenienti
644 4336 731 4399 ruodo
756 4335 785 4397 in
809 4336 891 4397 sinus
923 4354 1087 4397 conversae
1116 4333 1250 4396 efficiunt
1276 4332 1424 4395 maximas

52 4425 278 4506 parallaxes
269 4447 301 4488 ιιι
334 4427 535 4507 superioribus
570 4444 740 4505 apogaeas,
776 4424 806 4485 in
840 4424 1030 4488 interioribus
1063 4423 1270 4500 elongationes
1294 4423 1424 4485 omnium

54 4515 212 4577 maximas
247 4535 354 4597 parum
384 4516 543 4578 admodum
576 4515 812 4594 discrepantes,
856 4534 909 4576 nec
938 4512 996 4576 nisi
1029 4514 1058 4575 in
1091 4513 1191 4614 hiante
1230 4511 1425 4585 notabiliter;

55 4606 200 4668 scilicet.

111 4706 207 4757 ΒΜ
221 4709 321 4759 ⁰9⁸1st
1196 4706 1213 4758 2
