3278 5542
242 331 309 400 430
644 340 646 347 ’
798 336 842 392 n·
859 298 1047 389 resana

243 493 403 556 similium:
428 513 463 555 eo
488 494 550 557 lere
576 495 682 568 modo,
717 513 775 575 quo
807 494 943 556 videmus
965 493 996 555 in
1019 492 1187 557 visceribus
1212 493 1343 557 hominis
1366 493 1471 556 omnia
1491 492 1595 573 quidem

243 582 406 663 purgantis
428 585 643 647 commotiones
666 584 821 646 humorum
844 583 972 658 efficere,
999 583 1053 645 sed
1077 583 1251 663 specialiter
1273 582 1496 646 rhabarbarum
1521 581 1593 643 bilis:

245 675 330 745 (uam
360 690 436 751 quae
465 673 594 736 facultas
618 673 804 752 geometriae
826 688 924 752 capax
947 679 1009 747 est,
1047 691 1107 735 uon
1135 671 1177 734 sit
1203 672 1258 735 illa
1286 671 1401 735 coloris
1424 669 1592 750 aliarumque

244 761 273 822 in
297 760 391 822 radiis
415 761 641 841 qualitatum?)
663 761 823 842 potissIma
845 769 947 822 ιιιιιιιι
971 759 1106 824 vurletas
1130 767 1180 823 ιιι
1201 761 1240 823 ab
1261 761 1330 840 ipsa
1355 777 1527 840 corporum,
1554 760 1590 820 iu·

243 849 348 928 primis
372 850 504 927 Terrae,
530 850 745 932 dispositione:
779 869 868 931 qnam
897 850 966 911 aliis
988 850 1126 930 partibus
1150 850 1276 930 aliisque
1303 849 1496 930 temporibus
1515 848 1590 910 babet

244 938 347 1001 aliam.
381 937 512 1009 Quando
535 941 623 1016 enim,
649 939 778 1019 exempli
802 959 904 1013 causa,
928 957 1019 1000 verno
1043 946 1176 1019 tempore
1199 939 1341 1002 humores
1364 940 1397 1001 iu
1420 938 1588 1019 septentrio-

244 1027 305 1089 nali
328 1029 441 1091 Terrae
464 1029 646 1104 medietate‚
676 1036 799 1108 propter
822 1027 903 1090 Solis
928 1046 1102 1104 accessum,
1136 1029 1174 1090 de
1202 1047 1260 1109 quo
1287 1046 1402 1109 supra,
1436 1025 1587 1100 abundant,

244 1127 315 1178 tunc
347 1118 395 1178 vel
428 1117 599 1181 levissimus
628 1125 770 1198 aspectus
812 1136 1050 1197 quorumcunque
1083 1117 1274 1198 planetarum
1313 1114 1498 1180 facultatum
1523 1114 1587 1178 ileu

244 1206 357 1267 Terrae
381 1207 523 1277 concitat,
547 1217 582 1268 ut
605 1227 672 1270 sese
696 1212 894 1281 commoveat,
919 1213 952 1267 ot
974 1204 1092 1286 copiam
1116 1206 1247 1287 aliquam
1266 1220 1417 1286 vaporum
1436 1203 1586 1266 adimbuta

245 1295 489 1374 progenerandos
513 1297 651 1358 exsudet.
698 1296 771 1357 Alio
793 1303 928 1375 tempore
959 1295 1008 1356 vel
1036 1294 1102 1357 loco
1134 1303 1278 1376 aspectus
1307 1295 1399 1375 louge
1425 1292 1586 1356 ιιιιὶιιίιιιι

247 1385 372 1447 Terram
395 1384 515 1465 quidam
539 1386 686 1461 stimulat,
711 1385 765 1445 sed
787 1390 912 1463 propter
934 1382 1079 1445 materiae
1103 1383 1254 1447 delectum
1276 1402 1386 1467 parurn
1409 1381 1505 1446 elicit.
1627 1430 1629 1437 .

794 1472 925 1534 Thesis
948 1471 1049 1534 XLV.
1626 1476 1629 1543 Ι

336 1561 406 1632 Quo
428 1563 496 1624 loco
519 1561 716 1642 concipienda
738 1569 787 1623 est
819 1562 881 1623 alia
913 1561 1035 1641 iusuper
1071 1561 1197 1624 necdum
1231 1560 1356 1640 cognita
1382 1577 1495 1624 cauum
1520 1558 1587 1639 eujus
1627 1576 1629 1643 ξ

249 1649 400 1730 ignoratio
422 1651 647 1730 praedictiones
671 1651 893 1729 astrologorum
914 1650 1108 1713 vehementer
1129 1649 1241 1712 turbat
1273 1649 1355 1712 Nam
1377 1656 1414 1712 ut
1437 1649 1469 1711 in
1490 1648 1587 1710 bomine

245 1748 315 1801 sunt
347 1740 495 1819 quaedam
526 1739 680 1801 humorum
713 1738 845 1819 periodi,
879 1757 955 1818 quae
980 1739 1128 1815 efficiunt,
1161 1747 1195 1801 ut
1225 1738 1313 1801 homo
1336 1745 1465 1819 praeter
1485 1754 1629 1800 caum

246 1829 415 1890 evidentem
438 1829 596 1890 crebrum
620 1828 752 1909 aliquem
775 1829 914 1889 affectum
943 1835 1098 1889 vertatur:
1131 1826 1281 1889 interdum
1312 1827 1363 1889 vel
1395 1826 1464 1889 sine
1494 1825 1629 1899 musica,¹

246 1918 288 1978 sit
308 1917 428 1991 hilarIs,
461 1936 577 1979 rursum
610 1918 692 1978 nulla
722 1917 874 1979 suavitate
904 1916 1083 1979 atristibus
1108 1915 1343 1995 cogitationibus
1367 1914 1470 1978 averti
1489 1914 1629 1996 possit

247 2006 285 2067 ad
309 2005 435 2068 cundem
459 2006 549 2085 plaue
569 2005 690 2067 modum
704 2004 904 2085 deprehendo,
925 2012 1047 2085 practer
1065 2013 1207 2086 aspectus
1227 2024 1294 2067 esse
1320 2005 1401 2068 alias
1422 2012 1456 2067 ιι
1470 2004 1629 2071 fortiores

247 2095 403 2175 magisque
427 2095 579 2156 durabiles
604 2114 729 2170 causas,
755 2113 830 2174 quae
855 2094 1004 2170 efficiunt,
1028 2102 1063 2156 ut
1085 2094 1203 2174 integer
1225 2093 1334 2196 aliquis
1358 2112 1473 2169 mnus,
1495 2082 1629 2174 quauto'
1626 2140 1629 2199 q

246 2192 381 2264 tempore
405 2185 504 2246 nullus
528 2192 670 2262 aspectus
695 2184 793 2260 durat,
818 2183 940 2244 humore
963 2183 1089 2263 ideoque
1114 2190 1145 2244 et
1169 2183 1278 2263 frigore
1302 2182 1396 2245 nlmio
1420 2181 1588 2245 detineatur:

246 2273 276 2334 in
300 2291 357 2353 quo
380 2273 494 2348 videas,
518 2273 567 2333 vel
591 2270 759 2335 levissimos
783 2279 935 2352 aspectus,
960 2266 1077 2351 quotie's
1101 2272 1245 2347 incidunt,
1260 2272 1422 2352 plurimum
1442 2271 1589 2352 pluviarum

246 2363 295 2423 vel
320 2370 475 2424 ventorum
498 2361 586 2434 ciere,
612 2361 709 2441 qualis
733 2361 790 2423 fuit
812 2380 908 2422 annus
931 2361 990 2422 iste
1017 2357 1111 2436 1601,
1136 2360 1196 2422 alio
1219 2378 1292 2423 vero
1316 2378 1398 2423 anno
1413 2357 1588 2423 tactuum·

247 2458 297 2511 tas
321 2458 377 2524 est,
401 2457 435 2513 ut
457 2450 512 2512 sub
536 2449 601 2511 dies
624 2458 800 2530 aspectuum
823 2449 897 2515 nihil
919 2449 976 2512 nisi
992 2451 1166 2525 nubeculae,
1187 2457 1242 2512 aut
1263 2450 1331 2513 loco
1345 2466 1495 2530 vaporum
1509 2449 1589 2511 tumus

247 2545 435 2644 eucernatur,
461 2538 559 2619 qualis
583 2539 641 2600 fuit
663 2559 757 2600 annus
784 2535 879 2602 1599.

784 2626 922 2689 Thasia
944 2625 1061 2689 XLVI.

336 2716 387 2777 An
411 2716 486 2778 haec
509 2723 573 2777 tam
596 2715 719 2777 evidens
742 2715 876 2778 varietas
894 2735 933 2776 ex
955 2715 1119 2794 eclipsibus
1133 2712 1215 2777 Solis
1238 2721 1271 2776 ιι
1293 2714 1402 2778 Lunae
1426 2716 1520 2796 (quae
1535 2718 1590 2776 sunt

250 2805 353 2868 itidem
377 2805 455 2867 inter
479 2813 629 2884 aspectus,
654 2805 770 2866 sedicet
792 2805 871 2866 inter
894 2803 1118 2884 conjunctiones
1141 2812 1174 2864 ιι
1192 2803 1401 2884 oppositiones
1415 2802 1589 2872 tolerandae)

248 2895 415 2976 proveniat,
440 2893 688 2956 considerandum
711 2894 856 2973 relinquo.
904 2892 1106 2955 Statueudum
1128 2891 1221 2971 igitur
1248 2899 1352 2966 esset,
1384 2910 1457 2956 eam
1483 2893 1529 2955 de
1545 2908 1590 2971 qut

248 2993 312 3046 tam
334 2984 430 3046 multa
453 2983 525 3058 dixi,
550 2983 727 3045 facultatem
751 2982 1047 3057 auimalemTerrae,
1072 2981 1173 3043 subita
1195 2980 1315 3044 luminis
1329 2974 1589 3049 amissiouorcbc·

249 3080 365 3135 menter
393 3072 602 3141 consternari,
645 3082 676 3134 et
708 3072 855 3151 quendam
884 3071 971 3151 quasi
1005 3072 1145 3133 affectum
1175 3071 1334 3150 concipere
1366 3070 1459 3153 inque
1485 3070 1591 3133 nucu

249 3172 366 3242 tempus
388 3180 565 3242 prorogare,
597 3162 675 3240 quod
699 3170 731 3222 et
753 3160 980 3239 Theophrastus
1007 3178 1067 3223 non
1090 3160 1199 3240 ubique
1223 3159 1381 3222 fabulosus
1404 3160 1536 3224 sensisse
1553 3156 1590 3218 ri·

249 3252 347 3314 datur.
394 3249 462 3313 Nisi
485 3250 563 3311 enim
586 3257 640 3311 aut
662 3251 739 3312 hanc
764 3269 887 3312 causam
919 3249 1053 3329 alleges,
1088 3255 1142 3310 aut
1173 3249 1311 3311 omnibus
1340 3250 1446 3312 causis
1477 3245 1590 3331 physicis

249 3341 372 3420 rejectis
410 3340 466 3401 hoc
499 3346 625 3400 naturae
669 3358 744 3419 opus
784 3338 965 3400 ordinarium
1002 3338 1261 3401 extraordinariae
1297 3337 1358 3400 Dei
1401 3336 1591 3419 providentio
1627 3352 1629 3395 l

249 3428 449 3501 transcribas,
475 3428 626 3510 explicare
650 3448 709 3490 non
731 3436 786 3508 pot
773 3427 861 3501 t,eris
893 3446 952 3507 qua
975 3427 1092 3489 ratione
1116 3428 1245 3508 eclipses
1268 3435 1333 3490 tam
1356 3427 1423 3491 siut
1445 3426 1590 3491 ominosas

783 3517 917 3578 Thesis
939 3516 1073 3579 XLVII

337 3609 384 3669 At
406 3606 504 3687 magis
528 3613 763 3670 cousentaneum
785 3613 849 3679 est,
873 3606 952 3666 idem
976 3606 1024 3667 hic
1047 3606 1160 3668 Terrae
1183 3605 1262 3684 quod
1294 3604 1503 3669 animantibus
1527 3619 1591 3665 mor·
1625 3588 1629 3663 1

250 3695 371 3759 ιιΙίιιιι
396 3695 500 3759 demta
523 3696 662 3770 evenire,
696 3703 731 3756 ut
761 3714 799 3756 ex
830 3695 950 3757 iuterna
978 3695 1108 3777 quadam
1135 3693 1332 3773 dispositione
1360 3714 1436 3759 suos
1457 3695 1592 3756 hunum
1627 3708 1629 3729 ¹

249 3786 391 3848 circuitus
424 3794 456 3847 et
489 3785 575 3866 quasi
598 3783 718 3846 morbos
742 3784 874 3846 habeat:
909 3804 986 3865 quae
1009 3784 1035 3845 si
1058 3790 1142 3858 sunt,
1171 3783 1255 3863 leges
1279 3790 1312 3845 ιι
1335 3791 1480 3864 tempora
1499 3780 1591 3845 clrcci·

250 3883 333 3935 tuum
357 3893 394 3934 ex
415 3873 609 3953 plurimorum
632 3892 778 3935 annorum
801 3873 922 3935 collatis
945 3871 1224 3943 observationibus,
1253 3872 1333 3953 quod
1359 3873 1512 3936 hacteuus
1531 3887 1591 3933 uon-

252 3964 322 4023 dum
345 3970 394 4024 est
417 3963 546 4038 lactum,
570 3963 800 4042 investigandae
831 3971 910 4025 sunt.
959 3962 1115 4026 Caesius
1146 3961 1195 4023 hic
1226 3961 1311 4042 cyclo
1344 3954 1592 4026 decemnovennali

251 4051 355 4112 Lunae
380 4051 491 4131 aliquid
515 4052 635 4126 tribuit;
668 4052 715 4114 cui
747 4051 865 4132 quidem
898 4052 972 4114 fides
1000 4053 1096 4113 omnis
1122 4050 1262 4130 derogari
1285 4068 1345 4113 non
1368 4059 1487 4134 potest.
1530 4049 1591 4113 Nau

251 4146 282 4200 et
304 4139 396 4200 maris
421 4149 524 4203 aestus
549 4142 670 4203 maximi
694 4150 765 4220 post
791 4137 831 4203 19
855 4160 950 4202 annos
974 4141 1013 4202 ad
1038 4140 1161 4202 eosdem
1184 4139 1254 4202 anui
1277 4139 1344 4202 dles
1367 4140 1484 4205 reverti
1506 4156 1591 4202 ama

251 4226 360 4289 ritimis
384 4228 533 4293 feruutur:
558 4238 590 4291 et
613 4231 701 4292 Luna
723 4229 895 4292 humoribus
920 4230 1092 4305 destinata,
1125 4229 1193 4292 huic
1221 4228 1360 4310 negotio,
1392 4230 1475 4314 quod
1499 4227 1591 4294 iubu-

250 4335 364 4379 morum
388 4335 516 4380 excessu
538 4319 586 4380 vel
611 4320 731 4382 defectu
754 4318 904 4395 consistit,
928 4319 1037 4382 idonea
1059 4317 1155 4382 videri
1177 4326 1290 4398 potest.

779 4408 912 4470 Thesis
934 4409 1083 4471 XLVIII.

340 4492 404 4556 Sed
427 4501 459 4556 et
481 4495 573 4556 tertia
595 4514 688 4559 causa
710 4516 821 4578 magna
843 4498 1102 4561 verisimilitudine
1130 4514 1164 4558 ιι
1191 4495 1342 4559 ἱιιιίιιιιιιι
1367 4496 1483 4560 multas
1504 4493 1591 4558 sublu-

252 4583 335 4646 naris
367 4593 494 4646 naturae
531 4585 765 4659 commotiones,
798 4606 874 4667 quas
907 4587 984 4648 citra
1016 4594 1157 4667 aspectus
1185 4584 1337 4648 interdum
1370 4587 1508 4650 accidere
1534 4577 1590 4652 (iffi.

252 4672 324 4734 cieri
347 4674 385 4735 ab
410 4671 591 4734 harmonicis
613 4674 801 4752 planetarum
825 4676 965 4738 motibus
1005 4676 1127 4738 Etenim
1150 4675 1176 4737 si
1197 4675 1449 4754 proportionatae
1461 4672 1591 4739 radiorum

182 4800 185 4811 ·
253 4761 379 4840 angulus
403 4763 459 4824 hoc
483 4761 591 4823 efficit:
625 4762 727 4842 quidni
750 4772 781 4826 et
803 4765 1023 4845 proportionati
1045 4765 1183 4828 binarum
1206 4764 1365 4827 stellarum
1389 4774 1507 4838 motus,
1530 4776 1592 4843 qut·

252 4847 311 4912 ties
344 4851 383 4913 ad
415 4869 505 4913 unum
536 4859 711 4929 concentum
740 4855 932 4949 ιιιιιιιιιιιιιιιι
958 4855 1003 4919 ι1ι
1030 4862 1066 4919 ut
1094 4855 1221 4938 aequale
1250 4854 1387 4935 spatium
1414 4853 1503 4919 citius
1530 4849 1591 4914 sliu
