3278 5542
334 111 436 165 Literss
454 110 557 179 Keplssi
581 113 737 180 aiiosrunpns
754 123 859 169 mutuae
881 117 914 169 de
931 118 1004 170 rebus
1022 117 1184 187 undenus
1371 119 1436 188 295

77 270 172 349 elegit
197 269 335 336 moun:
368 270 396 335 si
417 269 474 336 Sol
501 271 551 335 (lie
579 273 752 337 nativitatis
784 276 939 355 cujusdam
971 276 1100 341 bominis
1127 287 1244 344 certum
1276 281 1373 343 locum
1405 283 1436 347 iu

76 358 204 422 sodiaco
228 359 359 423 obtinuit
384 369 418 423 et
439 361 564 441 planeta
587 361 698 442 aliquis
726 365 919 443 postmodum
946 366 1009 430 alio
1033 368 1162 448 quodam
1184 367 1337 432 invenitur
1358 369 1436 446 loco,

77 448 242 511 muudum
265 450 487 529 astrologorum
511 451 694 512 senteutiam
717 453 818 531 gravi,
843 463 998 534 computat
1022 466 1095 536 quot
1117 457 1222 519 diebus
1246 477 1265 517 a
1288 458 1435 521 nativita-

77 537 118 597 tis
140 536 192 598 die
216 534 272 598 Sol
294 537 333 598 ad
357 539 483 601 eundem
506 539 677 618 pervenerit
700 541 813 615 locum;
842 563 980 605 numerus
1010 545 1113 608 borum
1144 546 1258 608 dierum
1287 546 1438 625 significat

76 624 207 687 totidem
231 644 341 701 annos,
366 628 473 706 quihus
497 628 610 707 elapsis
635 628 703 689 inde
727 650 746 689 a
769 631 941 693 nativitatis
965 632 1013 693 die
1039 634 1086 695 vis
1112 634 1199 713 hujus
1224 636 1435 698 constellatio-

76 713 125 776 uis
147 713 291 794 prodibit.

166 803 365 882 Praecipuum
388 804 447 865 vim
476 802 589 865 liabent
618 805 781 866 secundum
809 807 980 887 astrologos
1005 809 1164 871 duodecim
1192 810 1308 874 zodiaci
1336 810 1434 891 signs,

76 890 306 971 dbposimcum
320 893 400 967 bina,
426 901 488 953 tum
503 892 582 953 trina
601 894 655 956 irc.
703 894 775 955 Alia
798 903 869 956 suut
892 896 1020 970 aestiva,
1045 898 1108 959 alio
1126 898 1271 972 -hiberua3
1296 899 1357 961 alia
1378 919 1435 963 cs-

76 981 149 1055 lida
176 981 327 1061 aquatica,
353 978 454 1044 terre'a
468 982 541 1053 luc,
566 982 734 1043 masculina
749 991 780 1044 et
795 983 945 1059 feminina,
970 986 1098 1048 humanu
1114 995 1145 1050 et
1159 987 1247 1049 bruta
1262 988 1315 1050 isc.
1362 986 1435 1051 Siu-

75 1069 167 1149 gulae
199 1069 310 1130 Terrae
343 1070 480 1149 regiones
510 1069 570 1131 illis
598 1070 737 1150 subjecta
768 1078 854 1146 sunt,
892 1083 924 1134 et
956 1075 1001 1136 sio
1029 1093 1127 1154 porro.
1149 1108 1190 1120 -
1210 1074 1244 1137 Si
1278 1075 1344 1155 quis
1371 1094 1436 1141 rem

75 1155 196 1238 plenius
215 1175 397 1237 cognoscere
420 1157 503 1231 velit,
528 1178 595 1220 eum
617 1159 795 1238 ablegamus
819 1160 858 1220 ad
872 1161 1080 1225 Ptolemaei
1107 1165 1175 1238 „De
1194 1163 1316 1243 judiciis
1331 1171 1435 1226 astro-

75 1248 166 1309 rum“
189 1244 300 1308 Libros
322 1246 379 1322 1v,
404 1247 452 1308 vel
476 1247 515 1309 ad
539 1245 708 1310 Uardani
732 1247 988 1313 Commentariun
1011 1252 1050 1313 od
1074 1253 1130 1314 hoc
1154 1270 1238 1331 opus,
1262 1253 1310 1314 vel
1333 1252 1435 1331 potis·

75 1335 187 1397 simum
211 1334 251 1395 ad
275 1332 432 1415 Origoui
454 1334 672 1415 premerides
696 1337 852 1408 (Francos.
880 1335 996 1413 1609),
1026 1341 1075 1420 qui
1098 1340 1256 1420 praemisit
1278 1341 1325 1402 his
1348 1341 1433 1402 ints-

75 1442 165 1505 μω
193 1423 346 1498 volumen,
379 1425 409 1484 in
440 1441 497 1502 quo
531 1424 568 1486 de
591 1424 757 1503 astrologia
785 1426 933 1506 exquisite
962 1436 994 1490 et
1023 1438 1164 1491 accurate
1193 1428 1327 1509 (paginis
1351 1424 1434 1502 790)

75 1512 225 1590 disputat.

148 1668 196 1720 ms
213 1668 354 1733 praemissis
373 1669 504 1719 trsnsimus
524 1669 557 1719 ad
575 1685 620 1728 ea,
646 1685 710 1734 quae
729 1671 852 1736 Keplerus
871 1674 924 1738 egit
949 1688 1005 1724 cum
1024 1675 1111 1724 amicis
1130 1674 1252 1725 derebus
1271 1675 1434 1742 astrologicis,

73 1741 221 1806 libellosque
238 1740 320 1804 ipsos.
348 1754 408 1805 quos
427 1740 458 1791 de
477 1740 611 1808 astrologia
628 1742 718 1805 publici
734 1744 796 1805 iuris
824 1743 896 1801 lecit,
922 1747 977 1808 qui,
1001 1752 1030 1795 ut
1054 1745 1172 1803 diximus,
1203 1746 1277 1809 pauci
1296 1754 1367 1804 suut,
1395 1760 1434 1797 re·
1547 1733 1557 1745 ’

74 1822 205 1863 scamus
223 1810 352 1860 sddeudos
369 1811 448 1861 literis
465 1813 576 1876 privatis.
1078 1852 1082 1861 ,

149 1881 377 1934 Galeadsrium
395 1885 455 1933 suni
475 1879 543 1933 ¹59⁶
563 1883 702 1948 Tubiugam
720 1884 787 1933 misit
806 1885 938 1948 Kepleros.
959 1886 1145 1936 liaestliuo
1163 1886 1203 1936 die
1222 1883 1265 1937 ti.
1279 1886 1334 1938 Oet
1356 1883 1435 1946 issi.

74 1956 108 2007 de
128 1961 216 2013 „natu
232 1967 314 2002 rerum
332 1954 448 2003 suarum“
467 1955 629 2019 perscribens.
649 1955 682 2003 ab
696 1969 773 2019 eoque
784 1963 881 2020 petens,
899 1963 929 2006 ut
948 1957 1116 2021 „exemplaria
1135 1956 1277 2007 calendarii
1297 1972 1313 2006 s
1330 1973 1357 2009 se
1376 1959 1437 2011 editi

75 2028 117 2082 iis,
146 2025 236 2091 quibus
254 2024 373 2088 inscripts
391 2030 488 2083 eraut‚“
510 2024 675 2076 distribueret
713 2025 815 2076 Literae
833 2027 892 2086 hae,
912 2028 999 2092 quibus
1015 2028 1138 2092 Kspierus
1157 2029 1255 2077 initium
1274 2028 1334 2078 iecit
1351 2028 1436 2081 litera-

73 2112 130 2146 rum
156 2094 295 2145 dandarum
320 2096 565 2160 recipiendarumque
583 2111 639 2146 cum
661 2094 804 2155 hisestiino‚
838 2099 864 2147 iu
893 2098 1038 2149 collectione
1066 2100 1287 2162 manuscriptorum
1309 2096 1435 2166 Stuttgar·

72 2167 150 2218 tiasad
170 2164 260 2229 (comp.
279 2180 304 2229 p.
323 2163 362 2225 7.)
381 2166 479 2216 desunt
516 2166 711 2230 Responsionem
734 2183 791 2218 sero
816 2169 985 2219 hisestlini
1011 2170 1111 2220 exhibet
1132 2169 1274 2220 ilauschius
1298 2184 1321 2233 p.
1342 2168 1367 2219 i.
1392 2170 1435 2221 de·

73 2244 187 2288 murtam
206 2251 220 2286 e
238 2235 294 2285 Vol.
309 2235 371 2286 iiss.
391 2236 506 2289 Viennae
529 2244 673 2287 consecrato
698 2235 765 2299 (ride
784 2254 858 2303 supra
881 2256 905 2303 p.
926 2238 941 2288 7
961 2248 987 2290 et
1005 2238 1070 2301 os).
1107 2240 1265 2305 Exemplaris
1286 2240 1436 2299 Calendasii.

73 2309 164 2361 scribit
190 2307 347 2365 ldaestiinua
375 2315 435 2359 ate
454 2309 515 2358 editi
542 2309 653 2358 distribui
680 2310 723 2365 iis,
752 2312 838 2374 quibus
865 2312 984 2376 iuscripta
1010 2318 1089 2362 eraut
1128 2311 1167 2361 Ea
1196 2312 1269 2378 louge
1295 2314 1438 2377 gratimims

71 2381 192 2435 aaran,
214 2379 262 2428 uisi
281 2379 345 2443 quod
362 2395 453 2430 uorum
477 2379 567 2439 stilum,
594 2380 661 2443 apud
679 2395 723 2428 uos
746 2382 906 2439 inusitatum,
930 2398 986 2433 eum
1009 2383 1085 2433 veteri
1104 2389 1186 2431 nostro
1209 2385 1369 2444 conjunctum
1386 2397 1436 2433 nou

71 2452 179 2501 habeut
217 2449 316 2505 Gratias
335 2463 386 2500 una
403 2464 501 2500 meeum
520 2456 600 2516 agunt
616 2451 738 2500 maximas
757 2458 830 2516 teque
848 2453 873 2501 in
893 2454 1000 2503 ιιιιίοιιο
1019 2453 1063 2503 illa
1081 2461 1126 2503 tua
1143 2467 1246 2518 pergere
1262 2453 1363 2515 jubam.
1390 2466 1437 2503 nee

72 2523 178 2572 dubium
197 2526 251 2578 est,
270 2521 329 2584 quin
347 2536 393 2585 ope
412 2521 495 2571 didus
513 2519 630 2586 Spartam
648 2526 718 2572 tuam
737 2524 836 2588 egregie
855 2525 888 2572 sis
906 2532 1075 2573 exomaturus.
1096 2556 1147 2572 ...
1172 2523 1268 2573 Thema
1286 2524 1369 2574 aiflois
1386 2525 1436 2575 mei

72 2593 97 2645 J.
111 2592 141 2643 C.
156 2590 312 2642 liurokhsrdi
328 2592 437 2643 nondum
456 2593 554 2643 omuino
566 2592 667 2657 perlegi,
687 2608 735 2643 uec
745 2594 826 2643 adbuc
839 2608 924 2644 socero
937 2609 992 2645 meo
1006 2595 1111 2645 exhibui.
1148 2594 1173 2643 is
1185 2595 1226 2645 ubi
1239 2608 1305 2644 uuuo
1327 2601 1438 2645 versetur

72 2665 162 2715 neseio
181 2661 226 2712 hc.

147 2733 222 2794 Quae
247 2734 281 2785 ad
305 2733 351 2783 has
369 2731 495 2783 lisestliui
522 2733 607 2783 literas
631 2734 757 2796 respondit
774 2734 911 2797 Kepierus.
940 2735 1057 2801 leguntur
1081 2748 1157 2799 supra
1179 2751 1203 2798 p.
1223 2732 1253 2793 7,
1277 2736 1303 2785 iu
1325 2747 1376 2800 qua
1393 2749 1437 2786 re·

71 2806 209 2871 sponsibus
234 2803 372 2869 Kepleruns
393 2803 597 2867 deprehendimus
623 2804 812 2854 divinationibus
839 2807 890 2854 suis
916 2806 947 2856 de
977 2811 1127 2868 tempestate
1153 2806 1214 2855 anui
1240 2803 1307 2855 itti
1332 2811 1437 2856 couten-

74 2884 145 2935 tnur.
170 2874 332 2927 scribentem
357 2877 438 2938 ipsum
456 2875 554 2939 quidem
573 2874 750 2926 Calendariuns
768 2876 849 2926 adbuc
867 2873 923 2936 (18.
941 2873 1014 2938 lan.)
1034 2884 1130 2927 certum
1149 2883 1196 2926 est.
1233 2877 1320 2942 Frigus
1337 2875 1436 2929 tunu-

75 2956 130 2998 tuss
147 2948 176 2997 in
194 2945 234 2996 bis
251 2946 392 3012 regionibus
410 2943 456 2995 ho

148 3017 242 3069 iisdem
258 3017 305 3067 'sd
327 3016 490 3067 lisestliuum
516 3015 581 3066 datis
609 3015 686 3065 literis
714 3017 828 3079 adjunxit
853 3015 975 3082 Keplerus
1004 3017 1089 3068 literas
1116 3017 1148 3068 ad
1173 3017 1234 3066 ulios
1261 3017 1319 3068 oiim
1348 3031 1435 3082 „prse-
1528 2998 1538 3018 ’

77 3087 208 3155 capture?
245 3102 319 3146 suos,
354 3085 556 3137 liattbaeum
593 3086 858 3137 Hsienreilerum
907 3086 969 3149 („1).
1001 3087 1033 3137 D.
1069 3087 1224 3138 Haiereii'ero
1258 3088 1337 3139 scribo
1374 3088 1435 3141 hsc-

79 3168 168 3217 ιω,
196 3164 223 3207 et
244 3162 298 3222 jam
323 3160 454 3222 septimam
480 3159 599 3222 paginam
624 3158 733 3208 sbsolri‘·
761 3160 866 3209 nunciat
882 3157 1030 3218 Maestiino)
1055 3166 1081 3209 et
1100 3158 1298 3222 Stephanum
1326 3159 1435 3211 Gerla-

77 3230 181 3281 ohium
200 3226 352 3295 (theologiae
364 3229 526 3292 proiessorem
540 3227 645 3293 Tubiug.
664 3227 682 3290 †
692 3225 783 3288 1612).
819 3229 920 3280 Literae
939 3230 973 3280 ad
984 3229 1183 3279 Hsleurofferum
1194 3230 1269 3279 datae
1282 3230 1387 3287 desunt:
1406 3244 1437 3281 ex

75 3304 114 3359 i'u,
133 3315 201 3366 quse
218 3301 346 3365 respondit
362 3300 417 3354 iile.
436 3299 500 3350 haro
519 3301 676 3362 apponimus:
695 3301 787 3363 Accepi
806 3315 894 3350 munus
920 3308 988 3350 tuum
1002 3299 1199 3366 chronologicum
1218 3307 1245 3350 et
1259 3300 1322 3365 legi,
1341 3300 1435 3350 duobus

76 3372 136 3423 milui
156 3372 294 3421 nominibus
313 3372 493 3437 gratissimum,
519 3376 545 3418 et
562 3369 627 3434 quod
646 3370 723 3426 dono,
752 3377 777 3419 et
795 3371 916 3423 maxime.
947 3370 1012 3437 quod
1030 3385 1047 3420 a
1064 3379 1094 3420 ts
1113 3371 1188 3421 seuit.
1227 3369 1300 3431 Quod
1314 3370 1436 3433 iudicium

76 3459 161 3495 meum
179 3442 287 3508 expetis,
314 3442 374 3492 illud
391 3456 454 3493 sane
476 3440 646 3491 lubentissime
674 3442 717 3491 tibi
737 3456 895 3504 exponerem:
923 3441 967 3490 sed
984 3440 1124 3491 huiusmodi
1143 3441 1230 3490 studiis
1249 3440 1368 3491 delectari
1387 3454 1434 3509 ego

77 3516 159 3580 magis
176 3527 252 3578 quam
270 3516 377 3564 exerceri
396 3513 471 3570 soleo.
490 3511 674 3562 mathematicis
694 3528 750 3562 cum
769 3513 864 3574 primia3
884 3511 1034 3577 astrologica
1051 3527 1107 3560 vero
1127 3526 1144 3561 a
1156 3511 1239 3560 multis
1253 3513 1326 3560 aunis
1345 3516 1371 3561 et
1390 3510 1433 3560 de-

74 3586 174 3652 gustari
192 3591 219 3635 et
236 3584 342 3635 desemi
379 3584 476 3650 Legem
493 3589 579 3632 tamen
597 3589 624 3632 et
651 3585 672 3631 st
690 3585 727 3632 ita
745 3583 858 3638 volueris,
883 3583 1005 3645 tudinium
1023 3596 1106 3631 meum
1124 3583 1170 3631 tibi
1188 3583 1312 3645 aperiam,
1331 3582 1433 3646 sicogi-

76 3658 187 3707 tationes
211 3662 270 3706 tuas
288 3657 370 3706 sidero
395 3655 426 3705 de
445 3653 532 3703 studiis
556 3653 709 3718 astrologicis
728 3655 804 3703 literis
822 3654 1027 3717 comprehensas.
1056 3655 1092 3701 uti
1113 3655 1166 3716 jam
1191 3652 1314 3716 pollicitus
1333 3666 1367 3702 es.
1404 3651 1435 3702 iu

75 3728 176 3792 idionis
194 3725 342 3778 iisestiiuus
360 3732 444 3777 uostm
461 3724 545 3788 procul
564 3724 637 3774 dubio
656 3737 782 3789 uunquam
799 3725 844 3775 tibi
863 3725 948 3775 deerit
986 3722 1012 3773 Si
1031 3738 1107 3773 uuum
1125 3724 1202 3773 liceat
1219 3725 1359 3788 attingere,
1389 3736 1433 3787 op·

75 3806 171 3850 tussam
190 3812 246 3865 ego,
270 3800 321 3849 tuis
346 3795 541 3862 ephemeridibus
567 3801 593 3846 et
611 3796 734 3847 onimium
753 3802 779 3846 et
805 3810 898 3846 anuum
916 3795 1043 3845 lulianum
1062 3796 1215 3860 Gregoriauo
1240 3794 1351 3844 additum
1370 3806 1444 3845 esse..

75 3868 117 3922 ste
136 3872 204 3921 euin
225 3873 344 3933 malorem
366 3883 438 3918 usum
456 3874 483 3916 et
499 3867 593 3916 lucrum
612 3866 678 3930 apud
700 3882 745 3916 uos
763 3867 923 3925 habuissentr
947 3866 991 3917 sed
1014 3872 1042 3915 tu
1059 3867 1161 3916 inservis
1180 3866 1232 3915 loro
1250 3850 1295 3915 &h-
1332 3864 1433 3915 caim

76 3939 117 3990 it.
138 3936 209 4003 (24.)
227 3940 290 3992 Nos.
311 3937 387 3990 test,
425 3936 511 4000 (Quod
538 3952 597 4002 opus
617 3938 848 4004 „chronologicum“
878 3940 925 3989 nisi
947 3941 1028 4002 ipsum
1054 3937 1115 3987 iilud
1134 3936 1308 3987 calendarium
1334 3941 1433 4000 meets·

74 4014 139 4064 verit
151 4011 349 4095 Haleprefferus.
367 4011 499 4061 nescimus·
537 4007 611 4061 Certe
624 4009 748 4073 Keplerus
765 4011 806 4059 illo
824 4016 936 4074 ternpore
947 4024 1034 4074 patum
1047 4008 1161 4059 addictus
1173 4009 1220 4057 luit
1230 4008 1318 4057 studiis
1331 4007 1434 4058 emoue-

74 4085 171 4150 iogieis,
190 4096 255 4149 quas
273 4083 305 4133 sb
324 4096 390 4134 anno
408 4081 507 4131 demum
528 4077 594 4128 ibil'l
613 4085 711 4146 propius
730 4078 813 4142 adiit.)

149 4242 250 4295 literas
267 4255 330 4309 quas
348 4239 417 4292 dedit
433 4239 556 4306 Kepierus
574 4240 608 4290 sd
627 4239 848 4293 Gerlaehium.
878 4255 893 4290 e
912 4237 1062 4290 bibliotheca
1079 4236 1197 4311 hotham
1216 4235 1360 4293 desunrtae,
1383 4233 1434 4285 has

73 4320 147 4369 me:
913 4351 923 4357 .

165 4438 236 4513 Etsi
259 4437 337 4511 scio,
369 4435 533 4498 reverende
558 4442 590 4496 et
613 4433 779 4496 clarissime
803 4433 842 4494 D.
867 4431 1001 4503 Dootor‚
1035 4430 1222 4508 Praeceptor
1249 4423 1432 4501 honorande,

74 4526 296 4594 Reverentiam
318 4524 414 4588 Tuam
444 4525 531 4604 louge
559 4522 749 4604 gravioribus
773 4520 883 4582 studiis
907 4516 1061 4598 occupari,
1096 4535 1185 4597 quarn
1218 4522 1251 4577 ut
1274 4514 1317 4577 illi
1351 4512 1433 4576 adsit

76 4620 174 4683 otium
206 4613 411 4696 inspiciendae
434 4610 645 4694 Ephemeridis
675 4619 707 4674 et
739 4608 940 4691 cognoscendi
965 4606 1090 4670 frivolas
1113 4604 1335 4685 astrologorum
1356 4620 1431 4664 con-
