3278 5542
679 328 767 373 ones
786 321 883 372 nau.
1396 264 1460 388 239

110 478 238 540 »mnibus
262 479 428 560 generatim
450 479 577 558 vigeret,
601 487 633 542 et
655 481 721 542 sine
744 500 803 563 qno
826 480 900 543 nihil
916 488 1008 556 esset,
1033 481 1118 560 cujus
1133 480 1335 562 cognitionem
1351 501 1459 562 capere

110 587 184 630 neus
208 579 314 631 nostra
335 576 450 649 posset.
496 571 603 650 Itaque
626 571 704 632 hanc
729 571 953 632 demonstrandi
979 570 1127 632 rationem
1155 589 1193 633 ex
1217 572 1384 651 geometria
1406 591 1461 634 ceu

110 658 236 738 :xemplo
268 660 437 721 desumtam
469 660 664 721 excoluerunt
697 668 728 721 et
758 660 786 720 in
821 661 946 721 formam
980 661 1054 721 artis
1084 660 1218 739 adeoque
1252 669 1284 722 et
1315 661 1460 724 scientiae

111 747 293 827 edegemnt,
319 767 394 829 quae
419 748 544 828 logica
570 749 688 811 dicitur.
737 748 898 810 Vocabula
923 756 954 810 et
976 757 1011 810 ut
1031 749 1179 828 loquimur
1200 749 1360 823 terminos,
1385 768 1460 831 quos

110 838 321 915 ngeometria
352 844 541 916 reperemnt,
576 838 766 900 retinuerunt
791 839 865 899 adeo
890 839 1012 912 crebro,
1046 846 1080 899 ut-
1103 857 1213 917 negare
1242 858 1329 900 nemo
1353 840 1460 918 possit.
1559 899 1563 908 ,

112 933 148 987 ta
170 927 430 1006 hypotheseos
453 946 513 989 vox
536 945 651 1008 quoque
677 927 877 989 usitatissima
900 937 949 989 est
977 928 1007 988 in
1022 927 1158 989 doctrina
1173 925 1461 992 demonstrationum

110 1016 178 1096 pud
200 1015 411 1078 Aristotelem.
460 1014 536 1079 Cum
560 1017 663 1098 itaque
687 1017 802 1096 logicae
826 1017 997 1097 jurisdictio
1026 1035 1081 1095 per
1103 1036 1205 1078 omnes
1228 1025 1335 1096 pateat
1358 1018 1458 1080 scien·
1564 1010 1569 1023 ⁴

111 1104 174 1178 ias,
208 1124 247 1167 ex
274 1105 375 1186 logica
397 1124 513 1186 quoqne
541 1105 571 1166 iu
596 1106 861 1168 astronomiam
887 1125 946 1167 vox
974 1106 1176 1187 hypotheseos
1205 1106 1377 1169 introducta
1401 1117 1457 1183 est,

110 1213 175 1273 qnae
199 1195 249 1256 vel
271 1196 336 1257 sine
361 1195 460 1274 logica
481 1203 605 1274 propter
628 1195 711 1256 solas
735 1196 1008 1257 demonstrationes
1031 1195 1062 1256 iu
1082 1196 1268 1258 astronomia
1292 1197 1458 1276 geometri·

110 1303 149 1344 :aa
185 1283 284 1345 etsie
308 1285 436 1363 genuino
459 1284 577 1346 nomine
602 1284 814 1365 usurpabatur.
863 1285 1054 1366 Hypotlresin
1075 1293 1177 1347 antem
1200 1284 1229 1346 in
1249 1303 1358 1365 genere
1383 1286 1459 1348 dici-

110 1391 177 1446 nns,
215 1373 356 1452 quidquid
380 1374 418 1434 ad
448 1393 654 1455 quamcunque
687 1375 973 1436 demonstrationem
1007 1393 1060 1454 pro
1084 1383 1167 1435 certo
1195 1383 1227 1436 et
1255 1375 1460 1437 demonstrato

110 1462 236 1523 tuemur.
283 1463 334 1523 Ita
362 1463 390 1523 in
415 1463 495 1523 omni
519 1463 693 1544 syllogismo
717 1464 899 1545 hypotheses
928 1464 998 1525 illac
1019 1471 1105 1537 eunt,
1136 1482 1210 1543 quas
1240 1464 1460 1544 propositiones

110 1551 161 1612 ive
188 1552 372 1630 praemissas
395 1551 486 1614 aliter
509 1553 647 1614 dicimus.
696 1554 729 1614 In
754 1553 887 1632 longiore
902 1572 973 1614 vero
993 1553 1260 1628 demonstratione,
1285 1572 1361 1632 quae
1381 1554 1459 1616 mnl-

110 1659 146 1702 os
180 1640 275 1701 habet
304 1641 496 1721 syllogismos
529 1641 756 1716 subordinatos,
794 1643 956 1721 primorum
994 1642 1234 1723 syllogismorum
1271 1644 1458 1722 praemissae

110 1729 240 1791 licuntur
270 1729 463 1810 hypotheses.
511 1733 561 1793 Ita
592 1731 621 1792 in
650 1732 877 1806 astronomicis,
912 1732 1030 1811 quoties
1062 1751 1099 1792 ex
1127 1732 1178 1804 iis,
1209 1750 1285 1812 quae
1315 1732 1344 1793 in
1374 1733 1458 1794 coelo

110 1818 261 1899 liligenter
283 1826 316 1879 et
337 1828 409 1898 apte
433 1820 544 1881 attenti
567 1820 710 1893 vidimus,
741 1821 852 1900 aliquid
885 1839 1074 1882 numeromm
1097 1828 1129 1882 et
1156 1820 1316 1898 figurarum
1340 1841 1396 1901 ope
1421 1823 1457 1883 de

112 1908 198 1982 tella,
225 1927 314 1987 quam
337 1909 616 1982 observaveramus,
643 1911 899 1972 demonstramus:
925 1919 995 1972 tunc
1015 1931 1059 1983 ea,
1086 1929 1174 1990 quam
1194 1910 1256 1971 dixi
1275 1911 1457 1986 observatio,

110 2018 124 2059 n
148 1997 293 2058 instituta
316 1997 571 2062 demonstratione
591 1999 626 2060 tt
648 1999 834 2080 hypothesis,
858 2018 1056 2080 superquam
1079 1999 1240 2080 praecipue
1265 1999 1457 2061 demonstra-

110 2087 139 2149 io
163 2086 342 2147 exstruitur.

187 2174 328 2237 Genuina
349 2175 425 2236 haec
449 2183 497 2236 est
519 2176 603 2238 vocis
628 2176 804 2257 hypothesis
828 2176 922 2238 notio.
970 2177 1004 2237 ln
1028 2176 1129 2255 specie
1157 2185 1275 2251 tamen,
1306 2195 1373 2238 cum
1395 2197 1453 2239 nu-

110 2283 180 2327 nero
205 2263 406 2326 multitudiuis
431 2266 711 2327 astronomicas
736 2266 862 2327 dicimus
895 2266 1139 2348 hypotheses,
1173 2266 1299 2327 facimus
1322 2266 1353 2326 id
1376 2286 1457 2328 more

110 2354 270 2417 cholerum
293 2354 381 2433 hujus
405 2354 510 2428 seculi,
534 2355 731 2434 designantes
755 2374 900 2416 summam
919 2356 1067 2436 quandam
1086 2355 1314 2434 conceptionum
1329 2355 1457 2418 celebris

110 2444 230 2524 :licujus
254 2443 395 2516 artificis,
425 2463 462 2505 ex
482 2444 589 2523 quibus
607 2453 702 2506 totam
727 2446 778 2507 ille
802 2446 947 2506 rationem
972 2454 1105 2506 motuum
1133 2445 1309 2506 coelestium
1333 2446 1457 2506 demon-

110 2543 194 2596 trat:
231 2552 290 2612 qua
318 2532 347 2593 iu
381 2552 497 2594 summa
518 2533 621 2595 insunt
653 2552 719 2595 cum
742 2534 885 2614 physicae
913 2543 975 2595 tum
1003 2535 1205 2614 geometricae
1236 2533 1458 2614 propositiones

110 2642 213 2696 mnes,
242 2629 388 2703 quotquot
411 2624 450 2684 ad
475 2629 570 2683 totum
594 2641 668 2700 opus
692 2632 864 2684 astronomo
888 2624 932 2685 illi
954 2623 1139 2703 propositum
1163 2623 1365 2686 asciscuntur:
1394 2625 1458 2685 sive

109 2714 168 2776 llas
194 2711 316 2773 aliunde
341 2712 381 2772 ad
404 2731 489 2773 suom
514 2713 700 2773 commodum
724 2713 915 2774 transtulerit
937 2714 1064 2781 artilex,
1089 2714 1152 2774 sive
1177 2722 1268 2775 antea
1291 2733 1329 2774 ex
1353 2714 1458 2776 obser·

110 2800 276 2864 rationibus
309 2800 581 2874 demonstraverit,
626 2810 658 2863 et
686 2802 751 2880 jam
788 2803 839 2863 via
869 2802 1022 2880 reciproca
1060 2821 1161 2864 secum
1200 2803 1409 2864 demonstrata
1441 2823 1460 2864 a

110 2892 234 2953 lisceute
258 2888 316 2950 sibi
338 2909 393 2950 ceu
417 2890 603 2971 hypotheses
627 2891 750 2951 concedi
773 2891 921 2970 postulet,
946 2911 984 2952 cx
1008 2891 1113 2970 quihus
1136 2891 1181 2952 illi
1206 2900 1238 2952 et
1260 2910 1313 2953 eos
1337 2893 1459 2971 (quibus

110 2981 180 3043 nitio
206 2998 307 3040 secum
331 2979 543 3059 hypothesium
567 2980 633 3041 loco
657 3000 728 3041 usus
753 2982 833 3054 erat)
858 2981 1035 3042 observatos
1051 2981 1208 3041 stellarum
1233 2980 1311 3041 situs
1335 2989 1367 3041 ct
1385 3000 1459 3061 qnos

110 3088 182 3134 orro
198 3068 340 3130 similiter
354 3068 545 3148 appariturus
561 3077 674 3149 sperat,
692 3069 877 3131 necessitate
893 3070 1081 3152 syllogistica
1100 3069 1375 3133 demonstratumm
1388 3072 1458 3151 pol-

110 3161 232 3223 lceatur.
278 3157 350 3218 Dixi
374 3157 443 3237 quid
467 3158 509 3219 sit
532 3159 718 3240 hypothesis.
769 3159 877 3221 Dicam
906 3168 938 3221 et
961 3161 1079 3240 qualem
1104 3178 1172 3221 esse
1196 3160 1337 3239 justam
1352 3160 1458 3242 vhypo·
1530 3203 1537 3209 -

110 3249 195 3312 hesin
221 3247 262 3308 sit
284 3265 419 3308 necesse.

184 3336 263 3398 Cum
287 3336 317 3396 in
341 3336 421 3397 omni
451 3335 612 3415 disciplina
641 3346 705 3398 tum
729 3337 758 3398 in
783 3337 967 3399 astronomia
991 3356 1120 3417 quoque,
1154 3358 1230 3419 quae
1254 3339 1458 3403 concludendo

110 3434 241 3490 :ctorem
266 3425 421 3500 docemus,
457 3444 494 3486 ea
517 3426 597 3487 serio
621 3426 766 3499 facimus,
795 3427 913 3488 omuino
942 3426 1028 3489 ludos
1057 3447 1116 3491 non
1141 3427 1304 3508 agitantes.
1349 3429 1458 3509 Itaque

110 3515 238 3595 nicquid
272 3522 319 3576 est
350 3515 380 3574 in
411 3515 522 3576 nostms
555 3515 808 3584 conclusionibus,
847 3535 950 3578 vemm
982 3535 1051 3577 esse
1086 3535 1262 3597 persuasum
1301 3517 1456 3582 habemus.

110 3611 189 3669 ὀπο
214 3612 249 3664 ut
272 3623 374 3664 verum
398 3604 593 3665 concludatur
616 3604 763 3683 legitime,
796 3605 1019 3685 propositiones
1051 3605 1081 3666 iu
1106 3606 1296 3687 syllogismo,
1330 3606 1387 3667 hoc
1410 3616 1458 3669 est

110 3695 281 3778 ypotheses
305 3712 393 3753 veras
418 3713 485 3754 esse
511 3712 634 3754 necesse
658 3702 715 3755 est.
763 3693 839 3755 Tum
862 3695 981 3755 demum
1005 3695 1082 3755 euim
1105 3695 1162 3755 fine
1186 3702 1289 3755 nostro
1314 3695 1455 3773 potimur,

110 3796 123 3848 t
147 3803 256 3845 verum
280 3782 386 3843 lectori
409 3783 618 3855 ostendamus,
643 3803 710 3843 cum
734 3783 910 3863 hypothesis
934 3791 1059 3861 utraque
1085 3783 1271 3862 undiquaque
1295 3802 1367 3845 vera
1391 3784 1457 3863 lege

110 3871 287 3956 yllogistica
319 3871 348 3932 in
378 3872 600 3933 conclusionem
628 3872 743 3933 directa
772 3872 871 3932 fucrit.
917 3873 964 3933 At
995 3872 1020 3932 si
1053 3891 1134 3934 error
1166 3873 1215 3933 vel
1241 3872 1271 3932 iu
1300 3880 1456 3953 utramque

109 3964 141 4025 el
169 3962 199 4022 iu
226 3962 403 4021 alterutram
426 3961 662 4041 praemissarum
686 3962 897 4042 hypothesium
920 3961 1083 4041 irrepserit,
1108 3961 1168 4023 etsi
1190 3981 1293 4023 verum
1306 3961 1457 4024 interdum

110 4074 119 4114 r
146 4050 342 4113 conclusione
366 4052 511 4129 sequitur,
537 4050 567 4111 id
592 4058 703 4126 tamen,
728 4059 761 4112 ut
781 4051 847 4129 jam
869 4051 984 4128 pridem
1004 4049 1079 4130 Cap.
1110 4051 1136 4112 l.
1161 4052 1221 4113 mei
1243 4052 1339 4131 Myst.
1356 4051 1457 4118 Oosm.

110 4138 247 4220 llegavi,
274 4139 399 4201 fortuito
421 4139 463 4212 tit,
489 4159 542 4200 nec
567 4157 698 4219 semper,
729 4141 781 4201 sed
809 4148 872 4201 tum
901 4141 1019 4203 demum
1047 4161 1114 4203 cum
1138 4159 1220 4203 error
1242 4142 1456 4223 propositionis

110 4232 184 4293 nius
219 4228 348 4289 occurrit
380 4236 487 4307 aptae,
521 4229 570 4289 vel
600 4247 689 4289 verae
719 4230 766 4290 vel
799 4230 910 4304 falsae,
945 4230 1033 4291 alteri
1063 4231 1102 4291 ad
1130 4249 1233 4292 verum
1267 4231 1455 4294 eliciendum.

110 4318 236 4397 {xempli
262 4318 327 4379 loco
352 4318 541 4379 latitudinem
565 4318 669 4379 Lunae
694 4317 878 4399 Copernicus
893 4319 1049 4398 supposuit
1068 4339 1126 4381 uon
1142 4328 1192 4381 sat
1210 4338 1366 4398 magnam;
1390 4317 1457 4382 visa

110 4418 145 4471 st
168 4409 223 4470 illa
245 4407 317 4468 olim
340 4426 392 4468 cor
416 4407 524 4486 scorpii
540 4414 654 4486 tegere.
703 4406 887 4487 Copernicus
912 4408 991 4468 falsa
1021 4409 1077 4469 hac
1097 4408 1268 4470 latitudiuis
1297 4409 1457 4490 hypothesi

113 4497 232 4578 onjecit
249 4505 360 4570 tamen,
387 4515 422 4557 eo
437 4505 572 4575 tempore
597 4496 765 4575 oportuisse
790 4497 853 4576 tegi
877 4498 998 4559 stellam
1022 4498 1152 4561 aLuna.
1199 4497 1261 4560 Sed
1281 4498 1360 4558 alter
1374 4517 1457 4560 error

110 4586 248 4650 acessit:
286 4586 431 4648 assumsit
461 4586 539 4646 enim
568 4585 759 4648 latitudinem
787 4586 895 4647 stellae
926 4595 1012 4647 tanto
1040 4587 1186 4648 minorem
1214 4588 1309 4666 justo,
1344 4595 1455 4668 quanto

110 4679 193 4740 uinor
212 4676 297 4754 justo
321 4673 448 4735 latitudo
472 4675 576 4735 Lunae
600 4676 767 4737 constituta
790 4675 899 4737 inerat.
946 4677 1063 4756 Atque,
1094 4676 1180 4738 utin
1203 4676 1362 4756 proverbio
1386 4698 1454 4740 mo-

110 4775 208 4829 rentur
230 4764 391 4825 mendaces
414 4771 449 4824 ut
471 4765 535 4824 sint
556 4782 723 4837 memores,
755 4765 801 4840 ita
822 4764 870 4825 hic
895 4764 990 4825 falsae
1015 4766 1216 4847 hypotheses,
1240 4783 1343 4827 vemm
1367 4766 1456 4829 simul

110 4855 225 4920 hrtnito
249 4853 462 4928 conducentes,
486 4852 516 4914 in
539 4871 702 4934 progressu
726 4852 1006 4931 demonstrationis,
1030 4855 1080 4918 ubi
1099 4854 1168 4917 aliis
1191 4862 1282 4936 atque
1296 4854 1366 4918 aliis
1386 4856 1455 4919 fue·
