3278 5542
138 326 201 394 118
647 332 759 397 nysam
779 332 979 400 samoe-pue
1085 330 1089 337 ’

137 491 194 553 hoc
218 489 339 553 circello
363 491 431 552 dein
457 491 496 551 ad
520 490 644 556 Saturni
675 492 920 572 amplitudinem,
956 502 988 556 et
1015 494 1055 556 ab
1081 493 1139 556 hac
1163 494 1201 556 ad
1225 493 1352 557 lixarum
1375 489 1500 555 momu-

136 579 279 642 mabilem
303 579 494 642 altitudinem
519 581 621 642 oculos
645 582 783 657 intende,
809 591 841 644 et
864 582 990 663 denique
1015 584 1175 658 conclude,
1206 591 1306 646 utrum
1329 581 1415 644 iactu
1436 596 1500 643 cra·

136 669 260 749 dituque
285 669 415 745 facilius,
440 671 614 750 punctulum
639 671 712 732 illud
737 671 818 733 intra
836 672 866 733 A
884 672 1047 747 circellum,
1071 680 1104 736 et
1127 671 1171 735 sic
1186 671 1337 735 Tellurem
1361 669 1392 732 in
1417 686 1500 732 unam

136 754 260 839 plagam
283 759 388 833 rotari,
414 779 451 819 an
477 778 547 820 vero
571 766 668 822 totum
692 761 833 822 mnndum
857 761 960 822 decem
977 761 1129 824 distinctis
1142 761 1275 824 motibus
1297 758 1389 841 (qnia
1401 758 1500 821 deosnr

138 848 177 909 ab
200 847 327 936 invicem
352 847 444 909 soluti
468 849 572 923 orbes)
596 849 721 911 infanda
743 848 907 929 rapiditate
930 851 973 911 ire
997 851 1026 913 in
1051 851 1173 931 plagam
1193 851 1330 924 alteram,
1356 865 1499 929 neuqua·

138 955 226 1017 qnam
249 936 307 999 nisi
331 938 371 998 ad
395 937 468 999 illud
491 939 680 1018 punctulum,
706 938 835 1000 Telluris
859 939 1097 1019 imagunculam,
1127 958 1253 1020 eamque
1276 939 1375 1001 solam
1398 937 1499 998 immo·

138 1025 242 1101 bilem,
268 1024 436 1106 respicere,
462 1027 532 1107 quia
555 1036 642 1089 extra
665 1028 738 1090 nihil
764 1035 819 1090 est.

614 1204 658 1266 ΙΝ
683 1203 823 1269 CAPUT
846 1202 1024 1268 PRIMUM.

666 1326 780 1378 uorsa
799 1325 978 1378 sucronrs.

103 1494 106 1499 ,
217 1432 245 1497 a)
270 1433 396 1488 Occurrit
418 1434 482 1488 huic
496 1436 626 1505 scrupulo
641 1436 810 1507 Copernicus
825 1437 885 1507 ipse
907 1436 935 1489 in
959 1434 1133 1506 praelatione
1157 1435 1192 1487 ad
1206 1433 1325 1488 Paulum
1339 1432 1387 1487 III.
1402 1431 1497 1487 Pontii.

136 1513 265 1577 Maxim,
291 1515 338 1567 sed
361 1514 446 1584 paulo
469 1515 661 1586 rigidinscule:
676 1516 755 1586 enjus
781 1516 914 1570 orationis
936 1532 1041 1586 poenas
1063 1515 1116 1569 luit
1135 1514 1265 1586 denique,
1290 1512 1355 1584 plus
1370 1528 1454 1585 quam
1468 1512 1498 1566 'tt

137 1595 216 1648 annis
231 1596 267 1648 ab
283 1593 402 1648 editione
418 1595 479 1648 libri
495 1612 566 1665 aque
580 1604 667 1650 morte
683 1614 735 1651 sua
754 1598 873 1667 elapsis:
902 1613 1069 1666 „suspensus
1084 1594 1155 1649 enim
1170 1592 1242 1659 eat,“
1270 1591 1362 1665 inquit
1375 1606 1498 1655 censura,

140 1677 242 1737 „donec
257 1675 438 1745 corrigatur,“
463 1675 558 1745 opinor
572 1682 665 1731 antem
679 1678 764 1731 etiam
777 1679 830 1732 hoo
844 1676 1034 1748 subintelligi,
1047 1678 1154 1730 donec
1176 1673 1396 1744 explicetur.
1433 1673 1498 1735 Quc-

137 1756 216 1810 modo
230 1756 302 1809 enirn
315 1773 370 1810 non
384 1755 421 1809 sit
435 1756 589 1826 scripturae
607 1758 770 1821 contrarius,
793 1758 894 1828 quippe
906 1756 932 1810 in
946 1756 1089 1826 proposito
1104 1752 1266 1827 longissime
1280 1752 1401 1819 diverso,
1424 1766 1498 1807 eona

138 1842 182 1890 tus
197 1852 257 1889 sum
273 1838 419 1890 ostendere
434 1836 588 1891 rationibus
611 1843 640 1890 et
659 1838 795 1908 exemplis
818 1839 847 1892 in
861 1835 1062 1891 introductione
1077 1836 1105 1889 in
1120 1833 1324 1890 Commentario
1336 1835 1371 1887 de
1385 1833 1499 1888 monta

100 1968 108 1983 κ
138 1914 246 1970 Martis.
289 1916 378 1986 Ipsius
402 1916 485 1971 etiarn
502 1918 644 1988 Copernioi
668 1921 755 1973 verba
786 1917 925 1988 explicavi
947 1915 1090 1970 dilucidius
1114 1915 1142 1969 in
1163 1916 1218 1969 line
1241 1913 1305 1968 libri
1318 1914 1340 1969 l.
1362 1913 1500 1984 Epitorasr

136 1997 344 2051 Astronomiae:
369 1997 466 2068 quibus
489 1998 555 2052 locis
570 2015 651 2068 spero
665 1999 804 2072 religiosis
830 1998 1006 2053 satisfactum
1026 1996 1073 2050 iri:
1102 1996 1245 2050 dummodo
1268 2001 1299 2049 et
1319 1993 1499 2066 ingeniumet

137 2077 323 2148 cognitionem
337 2078 522 2133 astronomiae
545 2080 631 2134 talem
644 2082 680 2133 ad
694 2081 746 2134 hoa
764 2079 897 2148 judicium
912 2080 1040 2140 afferant,
1066 2082 1099 2131 ιιι
1111 2076 1204 2148 gloria
1227 2074 1381 2129 divinorum
1395 2088 1502 2145 operum

138 2158 287 2211 visibilium
301 2158 421 2227 ipsorum
445 2159 598 2228 patrocinio
619 2167 681 2214 tuto
696 2160 769 2214 credi
791 2159 888 2230 possit.
934 2160 987 2212 Est
1001 2174 1068 2211 sane
1083 2157 1178 2228 aliqua
1200 2155 1300 2227 lingua
1312 2154 1376 2220 Dei,
1403 2156 1454 2209 sed
1466 2162 1503 2207 est

138 2238 223 2292 otiam
239 2238 339 2309 aliquis
355 2238 458 2309 digitus
473 2238 535 2292 Dei.
577 2241 616 2293 Et
630 2240 690 2310 quis
706 2248 792 2311 neget
805 2240 930 2311 linguam
944 2238 997 2292 Dei
1013 2255 1074 2291 esse
1089 2242 1306 2307 attemperatum
1319 2240 1350 2289 et
1364 2234 1502 2305 proposito

117 2348 120 2353 ,
139 2336 188 2371 suo
204 2326 233 2371 et
248 2319 284 2371 ob
298 2318 325 2371 id
340 2319 454 2389 linguae
469 2319 598 2388 populari
623 2319 781 2374 hominum?
823 2321 853 2373 In
873 2320 955 2373 rebus
971 2317 1057 2390 igitur
1077 2314 1287 2371 evidentissimis
1308 2321 1443 2386 torquere
1455 2312 1502 2368 Dei

140 2398 273 2468 linguam,
300 2398 397 2451 utilla
411 2398 527 2469 digitum
542 2398 595 2453 Dei
610 2399 638 2453 in
652 2407 755 2454 natura
768 2400 882 2463 refutet,
908 2398 933 2452 id
948 2397 1173 2470 religiosissimus
1188 2395 1302 2467 quisque
1325 2393 1449 2449 maxime
1463 2409 1503 2448 oa·

64 2480 89 2519 ⁴-
140 2477 226 2531 sebit.
262 2478 365 2550 Legat,
383 2478 426 2531 oui
442 2495 525 2532 curae
541 2485 606 2533 suut
619 2479 716 2534 laudes
734 2479 873 2535 Creatoris
888 2487 918 2532 et
931 2477 1041 2533 Domini
1055 2478 1151 2540 nostri,
1167 2476 1256 2548 legat,
1271 2474 1393 2546 inquam,
1410 2474 1503 2528 librum

138 2574 229 2612 meum
244 2557 366 2627 quintum
381 2558 622 2613 Harmonicorum:
647 2568 677 2614 et
696 2567 831 2631 percepta
850 2566 971 2614 motuum
990 2557 1090 2628 politia
1111 2555 1325 2628 exquisitissime
1347 2554 1504 2610 barmoniae

141 2638 278 2692 deliberet
292 2655 392 2701 secum,
414 2638 495 2692 satin'
505 2638 612 2707 justae,
638 2641 721 2695 satin·
736 2646 926 2712 praegnantes
941 2654 1042 2693 causae
1057 2638 1160 2692 hrerint
1174 2636 1319 2708 quaesitae
1334 2635 1503 2690 conciliatio·

139 2718 181 2772 nis
206 2717 277 2771 inter
300 2718 423 2789 linguam
447 2725 476 2772 et
491 2719 606 2790 digitum
621 2721 687 2781 Dei;
712 2738 784 2775 anne
805 2720 945 2790 expediat,
970 2736 1006 2773 ea
1027 2717 1220 2772 conciliatione
1241 2715 1393 2786 repudiata
1407 2716 1503 2770 mmm

139 2799 211 2852 hanc
235 2815 349 2867 operum
368 2798 518 2853 divinorum
542 2801 754 2869 pulchritudinis
779 2801 927 2854 immensae
952 2799 1073 2853 censuris
1092 2797 1265 2868 opprimere;
1287 2810 1361 2867 quae
1384 2796 1504 2851 famam

142 2880 177 2932 ad
191 2878 266 2932 rudis
280 2879 384 2948 populi,
401 2880 465 2949 quin
483 2879 536 2934 imo
552 2886 583 2934 ut
597 2883 632 2934 ad
646 2882 723 2953 vulgi
739 2881 912 2936 literatorum
931 2879 1058 2934 notitiam
1071 2878 1117 2932 vel
1131 2879 1220 2932 levem
1242 2875 1400 2947 perveniat,
1422 2874 1502 2931 nullis

142 2975 262 3028 unquam
278 2958 398 3028 imperiis
414 2959 485 3013 effici
499 2959 597 3030 possit.
639 2961 742 3016 Renuit
763 2961 873 3016 inscitia
895 2960 1033 3029 respicere
1048 2959 1076 3012 in
1096 2957 1300 3020 auctoritatem,
1323 2958 1360 3011 ad
1384 2972 1505 3028 pugnarn

141 3040 218 3092 ultra
231 3041 368 3108 provolat,
391 3040 465 3094 freta
478 3040 652 3095 multitudine
676 3050 705 3096 et
727 3049 805 3096 scuto
826 3039 1029 3094 consuetudinis
1051 3038 1116 3093 telis
1137 3037 1265 3092 veritatis
1289 3034 1504 3107 impenetrabili.

221 3119 303 3171 Acies
318 3136 383 3173 rero
398 3121 531 3174 dolabrae
547 3121 574 3173 in
589 3121 690 3175 ferrum
704 3122 779 3175 illisa
800 3129 901 3191 postea
915 3138 965 3174 nec
980 3120 1008 3173 in
1022 3119 1128 3190 lignum
1142 3118 1221 3172 valet
1235 3116 1364 3187 amplius,
1408 3116 1506 3187 Capiat

143 3199 196 3252 hoc
219 3199 297 3266 cujus
321 3200 447 3253 interest.
467 3192 502 3264 ¹⁸)

222 3273 254 3346 b)
277 3280 401 3333 Eandem
422 3279 582 3334 instantiam
603 3281 631 3333 in
656 3280 818 3350 particulari
841 3280 926 3334 etiarn
944 3279 1095 3350 hypothesi
1119 3275 1336 3332 eccentriaitatis
1350 3274 1506 3330 disousaiin

143 3359 350 3414 Commentariis
365 3358 464 3413 Mart-is
478 3376 539 3429 cap.
555 3360 602 3414 21.
626 3361 795 3432 ostendique,
821 3363 923 3431 quade
938 3375 1024 3413 causa
1041 3365 1071 3413 et
1084 3365 1222 3430 quatenns
1245 3357 1319 3412 falsa
1340 3355 1506 3428 hypothesis

142 3438 279 3494 interdum
300 3455 394 3493 rerum
414 3441 524 3510 prodat.

223 3512 251 3587 c)
272 3519 397 3574 Nondum
422 3520 551 3583 sciebam,
576 3522 647 3591 quod
668 3526 768 3589 postea
792 3519 819 3573 in
834 3518 983 3574 Commeat.
998 3519 1098 3573 Martis
1113 3514 1314 3573 demonstrari:
1340 3516 1506 3571 momeliam

141 3600 215 3655 orbis
238 3601 333 3671 magni
357 3618 406 3654 seu
431 3600 665 3661 commutationis.
692 3616 764 3671 quae
785 3600 1040 3670 retrogradationes
1062 3606 1210 3661 causatur,
1233 3595 1345 3652 restitui
1368 3597 1405 3650 ad
1420 3595 1506 3667 ipsam

141 3697 235 3735 rerum
250 3679 322 3734 Solis
337 3687 440 3736 motum
454 3688 484 3734 et
499 3680 594 3734 locum.
631 3679 661 3734 Id
676 3697 741 3735 rero
756 3681 784 3735 in
798 3679 886 3733 veteri
901 3679 1086 3735 astronomiae
1105 3679 1195 3734 forma
1208 3677 1296 3732 multo
1310 3675 1404 3730 adbuo
1417 3674 1523 3748 magia.

143 3762 237 3817 mirari
261 3769 406 3833 eoguntur,
432 3761 477 3833 qui
501 3778 562 3815 eam
584 3760 714 3815 retinent.
756 3763 889 3830 Adeoque
913 3778 949 3813 ex
969 3760 1021 3814 hoo
1042 3760 1102 3830 ipso
1118 3757 1337 3813 demonstrativa
1353 3762 1506 3811 nucuntm

143 3849 317 3913 argumenta,
339 3842 597 3913 retrogradationes
613 3859 667 3895 non
682 3841 745 3896 oriri
762 3843 799 3896 ab
814 3840 906 3911 aliquo
922 3848 995 3894 motu
1010 3840 1080 3895 reali
1094 3840 1139 3892 vel
1153 3840 1338 3909 planetarum,
1359 3837 1407 3891 rel
1421 3836 1505 3891 totins

144 3921 305 3993 systematis
329 3922 474 3984 coelestis,
506 3924 553 3975 sed
577 3939 614 3975 ex
635 3928 710 3975 motu
734 3921 853 3976 Telluris
875 3920 974 3974 unicae
999 3937 1049 3991 per
1072 3917 1298 3991 imaginationem
1321 3914 1350 3970 in
1373 3917 1505 3987 planetas

143 4019 235 4055 omnes
251 4002 405 4055 transferri.
447 4002 533 4055 Porro
548 4001 690 4055 sententia
704 4019 836 4073 sequens:
864 4000 987 4064 „Quibus
1003 3999 1120 4054 omnib.“
1137 4007 1191 4053 etc.
1216 3997 1370 4051 oscitanter
1383 4004 1431 4051 est
1444 4012 1504 4051 oon-

143 4087 239 4151 cepta;
275 4081 328 4134 hoc
349 4080 420 4135 en'im
444 4081 533 4135 dicere
557 4082 698 4136 volebam:
731 4100 790 4136 cum
813 4081 841 4135 in
865 4081 1015 4150 Copernico
1046 4087 1185 4151 appareat
1207 4079 1272 4132 ordo
1293 4075 1504 4147 pulcherrimus,

144 4160 234 4232 qualis
258 4167 303 4215 est
324 4161 397 4215 inter
421 4178 532 4216 oausam
556 4168 586 4215 et
609 4178 673 4215 suos
698 4164 821 4226 effeetus,
846 4177 959 4217 necesso
979 4178 1049 4224 esse,
1073 4168 1105 4214 ut
1124 4159 1196 4214 haec
1209 4156 1407 4230 ipsasitvera
1419 4170 1506 4212 causa

141 4241 424 4312 retrogradationum‚
440 4258 521 4313 quam
533 4241 698 4311 Copernicus
714 4241 788 4306 dicit,
803 4248 837 4296 ut
850 4259 887 4296 sc.
902 4239 1068 4312 hypothesis
1082 4240 1139 4295 ista
1151 4255 1207 4294 nou
1220 4237 1259 4292 ait
1271 4236 1372 4292 flodus
1385 4242 1504 4293 ιιιιιιιι.

180 4346 185 4352 ·
223 4319 254 4385 d)
280 4320 359 4385 Quia,
383 4328 416 4375 ut
433 4321 495 4392 jam
509 4321 641 4393 sequitur,
666 4339 721 4376 non
739 4328 771 4376 ut
793 4341 830 4376 ex
854 4321 968 4392 speciali
992 4337 1087 4376 earum
1108 4318 1333 4381 conformatione,
1358 4319 1410 4372 sed
1422 4324 1506 4373 atax

142 4401 279 4475 generali,
306 4417 378 4472 quae
401 4408 446 4455 est
460 4401 611 4472 Copernico
635 4419 695 4456 curn
709 4403 819 4457 Braheo
841 4401 998 4467 communis,
1023 4402 1192 4473 quorundam
1208 4414 1296 4455 causa
1307 4397 1451 4461 redditurr
1476 4403 1506 4453 at

142 4483 336 4536 nonnullorum
358 4488 453 4536 tamen
476 4498 561 4537 causa
583 4499 621 4536 ex
644 4482 686 4546 iis,
710 4489 743 4537 ut
764 4501 802 4537 ex
823 4481 939 4552 speciali
963 4481 1106 4554 Copernioi
1127 4480 1266 4541 redditum
1291 4478 1366 4543 item.
1392 4475 1505 4550 guiaai

141 4561 404 4632 particularissimas
419 4563 615 4633 hypothesium
625 4562 768 4633 Copernioi
783 4562 951 4617 conditiones
962 4562 1197 4633 dimensionesque
1213 4557 1405 4630 respiciamus,
1420 4572 1506 4613 muas

144 4642 322 4697 minutiarum
334 4643 529 4703 nonnullorum
543 4643 571 4697 in
585 4643 825 4698 observationibus
846 4643 922 4698 reddi
942 4661 995 4697 non
1018 4642 1123 4714 potuit,
1147 4658 1237 4713 eaque
1251 4642 1285 4695 de
1299 4653 1388 4693 causa
1401 4638 1504 4710 Coper-

143 4722 260 4777 nicanse
283 4723 455 4794 hypotheses
480 4723 553 4777 eirca
576 4722 759 4793 particularia
783 4731 839 4779 tam
863 4726 952 4795 quoad
971 4723 1094 4787 formam,
1121 4738 1203 4795 quam
1217 4720 1307 4793 quoad
1320 4717 1505 4774 dimensiones

104 4876 109 4881 .
143 4818 161 4855 a
183 4820 226 4856 me
250 4801 350 4874 corrigi
375 4805 410 4857 ad
430 4803 631 4875 praescriptum
655 4804 877 4859 observationum
886 4805 1063 4859 ‘debuerunt
1105 4803 1168 4859 Etsi
1189 4817 1261 4873 quae
1284 4798 1312 4853 in
1334 4798 1428 4855 forma
1448 4797 1505 4853 dixi

142 4884 315 4939 emendanda
335 4882 430 4951 husae,
455 4884 507 4941 illa
528 4882 601 4941 talia
614 4890 687 4954 suut,
710 4889 744 4940 ut
756 4887 791 4941 sd
805 4883 1002 4959 perlectionem
1025 4882 1119 4959 potius
1139 4876 1504 4961 hypothesiumCopsniai.
