3278 5542
135 326 202 394 422
699 326 741 380 De
759 328 940 380 resume·

135 487 361 572 perpendiculo,
386 505 444 548 nuo
467 484 590 548 milliari
614 485 785 583 germanico
810 486 917 561 (altior
933 494 1035 550 antem
1057 504 1125 549 esse
1143 485 1325 568 vixpotest,
1344 481 1491 545 nonenim

138 579 246 641 eadem
271 585 320 639 est
343 575 472 637 altitudo
496 575 653 650 materiae,
679 578 754 655 quae
779 577 955 678 crepuscula
978 577 1061 652 facit,
1082 583 1208 655 atquae
1227 574 1386 637 stellarum
1399 571 1491 633 radios

138 667 305 747 refringit).
339 663 439 726 Solari
463 664 556 745 igitur
578 664 664 727 radio
687 672 807 726 aestate
831 665 989 743 objicietur
1017 664 1174 728 crassitiea
1195 664 1284 726 unius
1309 660 1445 724 milliaria
1465 670 1492 720 et

138 775 235 818 nonae
258 755 371 835 partis,
395 753 500 834 hyeme
530 754 620 814 trium
643 762 675 814 et
697 753 817 815 tertiae.
863 685 913 815 Ita
934 754 1025 835 triplo
1049 753 1176 816 debilior
1197 763 1247 815 est
1269 753 1378 835 hyeme
1399 749 1491 812 radius

139 844 222 907 Solis
244 850 370 925 propter
393 843 470 904 hauc
494 863 637 904 causam:
663 849 695 902 et
718 842 886 922 conjunctis
910 843 956 905 his
980 843 1077 905 tribus
1099 842 1214 918 causis,
1244 843 1297 904 vix
1320 858 1394 920 pars
1416 840 1490 901 vice-

139 933 216 996 sima
239 941 349 1013 quarta
372 932 479 1013 hyeme
502 931 612 994 caloris
636 931 747 993 aestivi
770 939 919 1009 superest.

697 1019 835 1081 'I'hesis
858 1020 930 1081 XII.

228 1109 298 1172 Etsi
321 1127 394 1170 vero
418 1108 475 1169 hae
500 1116 562 1170 tres
586 1128 698 1170 causae
721 1108 795 1187 ipsis
818 1108 941 1170 brumae
965 1116 998 1172 et
1020 1107 1144 1171 solstitii
1162 1107 1269 1170 diebus
1290 1103 1490 1169 suntevider·

139 1198 285 1274 tissimae‚
310 1217 369 1259 uon
392 1204 492 1259 tamen
518 1198 554 1258 de
579 1196 761 1260 necessitate
785 1195 847 1258 illio
871 1198 976 1277 frigus,
1001 1198 1049 1260 hie
1073 1196 1156 1260 calor
1178 1198 1237 1259 erit
1255 1195 1389 1258 omnium
1403 1193 1489 1256 mari·

139 1307 223 1349 mus:
257 1288 311 1349 sed
336 1285 455 1348 accedit
478 1285 538 1347 alia
562 1305 672 1360 causa,
706 1305 782 1367 qnae
816 1287 1011 1365 quantumin
1036 1306 1122 1360 sese,
1150 1286 1289 1369 hyemem
1314 1305 1336 1346 a
1355 1282 1490 1365 principio

139 1375 305 1447 Februarii,
330 1382 479 1437 aestatem
499 1395 517 1434 a
540 1375 685 1454 principio
709 1375 842 1453 Augusti
870 1375 919 1437 vel
942 1376 1075 1445 circiter,
1097 1376 1190 1437 faciet
1207 1374 1367 1455 majorem.
1409 1371 1491 1433 Terra

141 1464 221 1527 euim
245 1472 277 1526 et
301 1483 379 1567 aqua
402 1471 473 1524 sunt
495 1481 602 1524 crassa
625 1482 765 1542 corpora,
799 1483 854 1525 nee
885 1474 1014 1545 possunt
1042 1483 1100 1526 nno
1130 1471 1282 1526 momento
1309 1460 1438 1535 calliam,
1467 1467 1492 1520 et

141 1552 688 1626 111111111111111111111111111111,
714 1551 786 1614 Sole
810 1552 972 1626 altissimo,
1002 1553 1135 1615 retinent
1163 1551 1348 1632 aliquamdiu
1372 1549 1491 1612 calorem

141 1641 198 1704 sihi
222 1642 343 1727 penitus
366 1641 543 1719 impressum
568 1641 641 1714 (etsi
666 1641 912 1722 superficietenus
935 1643 1020 1704 illum
1051 1642 1177 1723 singulis
1205 1640 1347 1703 noctibus
1370 1636 1491 1700 nonnihil

141 1730 314 1804 remittant)
347 1737 471 1809 propter
503 1730 684 1791 densitatem
718 1730 863 1791 materiae
892 1737 924 1792 11
950 1730 1188 1811 magnitudinem
1210 1747 1399 1810 corpomme
1413 1734 1490 1808 etque

141 1818 186 1882 ita
207 1818 289 1880 Junii
312 1819 443 1879 calorem
468 1819 504 1879 de
528 1818 693 1897 praeterito
724 1837 790 1879 cum
815 1819 914 1880 calore
933 1818 1006 1881 Julii
1027 1828 1059 1881 et
1077 1820 1210 1900 Augusti
1229 1819 1397 1881 cumulant
1420 1817 1491 1879 Iden

141 1907 171 2015 in
196 1907 377 1970 contrarium
402 1907 558 1968 dicendum
578 1907 614 1968 de
639 1906 749 1985 frigore
773 1907 898 1988 hyemis.

702 1995 835 2058 'I'heeis
858 1996 945 2058 XIII

232 2086 314 2147 Idem
334 2083 479 2164 judicium
503 2093 570 2147 ceto
594 2091 626 2144 et
649 2084 686 2144 ds
709 2085 784 2145 hora
808 2085 940 2146 secunda
963 2085 1042 2158 diei,
1069 2103 1146 2164 quae
1174 2084 1302 2147 calidior
1324 2091 1389 2159 est,
1413 2103 1490 2164 quan

142 2174 328 2247 duodecima,
353 2173 411 2234 etsi
433 2172 488 2235 Sol
507 2175 571 2251 jam
596 2172 686 2234 cadit
732 2173 816 2234 Idem
831 2174 909 2235 cuim
924 2174 972 2236 hic
986 2180 1125 2255 praestat
1141 2181 1207 2249 adr,
1232 2173 1312 2256 qnod
1338 2173 1491 2236 illistam

142 2264 306 2344 praestitit.
353 2262 432 2323 Nam
456 2268 527 2332 aer,
551 2269 585 2323 ut
607 2262 706 2322 tenuis
730 2262 904 2336 admodum,
934 2264 1061 2325 celerius
1091 2263 1211 2343 quidem
1234 2281 1324 2343 quam
1347 2269 1431 2325 terra
1450 2262 1490 2322 al·

143 2360 269 2422 teratur,
294 2357 476 2412 nontamen
501 2350 619 2411 omnino
643 2350 754 2411 subito.
794 2351 925 2413 Accedit
947 2360 1049 2414 tamen
1074 2353 1141 2427 hnc,
1166 2352 1192 2415 si
1216 2370 1274 2414 uon
1300 2359 1369 2414 tuta
1392 2352 1491 2413 Terrae

145 2440 341 2521 corpulentia,
366 2447 400 2500 at
422 2440 531 2500 saltem
555 2439 736 2518 superficies.

703 2527 839 2589 Thesis
861 2528 949 2589 XIV

198 2615 279 2677 Ex
303 2614 407 2676 eodem
422 2615 616 2677 fundamento
631 2617 763 2695 praedici
781 2624 894 2695 potest,
916 2614 1124 2696 Septembrem
1140 2622 1172 2677 et
1184 2613 1362 2689 Octobrem,
1382 2622 1494 2695 propter

144 2708 221 2768 hauc
245 2704 364 2785 quidem
388 2723 520 2773 causam,
545 2705 704 2767 calidiores
728 2706 844 2767 futuros
868 2724 956 2785 quarn
980 2706 1124 2769 Martium
1147 2711 1180 2767 et
1202 2704 1422 2767 Februarium:
1443 2702 1495 2765 elai

143 2795 281 2874 utrinque
306 2793 407 2854 futura
430 2802 477 2855 est
500 2795 607 2855 eadem
631 2794 691 2856 diei
714 2793 879 2872 longitudo.

704 2882 835 2944 Thesis
859 2882 933 2944 XV.

233 2970 344 3033 Altera
367 2989 460 3031 causa
489 2970 617 3050 physica
639 2971 876 3050 praedictionum
900 2979 948 3032 est
971 2969 1096 3032 Luna.-
1124 2969 1204 3032 Nam
1225 2971 1414 3050 experientia
1431 2988 1494 3050 pro·

144 3060 247 3121 batum
271 3067 328 3133 est,
353 3058 452 3119 omnia
475 3059 596 3120 humore
622 3060 795 3121 constantia
817 3067 971 3122 crescente
987 3057 1074 3121 Luna
1096 3065 1287 3138 turgescera;
1312 3059 1495 3123 decrescente

145 3147 311 3210 subsidere.
359 3145 445 3216 Quae
469 3167 529 3208 uua
553 3166 600 3209 res
624 3149 817 3228 plurImamm
841 3149 1020 3211 electionum
1044 3157 1076 3209 et
1097 3148 1338 3226 praedictionum
1364 3148 1395 3210 in
1415 3166 1495 3210 oeco-

146 3236 255 3310 nomia,
279 3254 311 3297 re
336 3235 460 3309 rustica,
485 3236 643 3307 medicina,
667 3238 797 3305 nautica,
823 3244 996 3300 causaest.
1025 3236 1188 3299 Rationem
1210 3236 1495 3319 hujusaympathiae

146 3325 276 3385 nondum
294 3323 428 3403 perfecte
453 3325 605 3403 cognitam
628 3326 741 3388 habeut
762 3325 889 3407 physici.

706 3415 836 3476 Thesis
858 3413 947 3477 XVI.

135 3546 136 3550 ,
236 3500 295 3561 Est
318 3508 418 3561 antem
442 3500 552 3578 duplex
575 3502 679 3565 Lunae
703 3504 817 3578 virtus,
841 3504 939 3565 altera
962 3509 1130 3577 menstrua,
1156 3502 1193 3563 de
1218 3520 1275 3582 qua
1296 3501 1364 3582 jam
1387 3502 1494 3575 diri‚a

146 3590 284 3652 mutabili
308 3589 413 3650 Lunae
437 3588 513 3651 faeie
539 3593 728 3669 dependeus;
755 3593 853 3654 altera
876 3592 1113 3663 semimeustrna‚
1139 3597 1171 3652 et
1193 3592 1232 3654 ob
1255 3591 1286 3653 id
1303 3589 1492 3655 etiamsemi·

146 3679 261 3754 diurna,
285 3697 361 3758 quae
385 3678 414 3739 iu
439 3679 622 3741 medicorum
645 3681 773 3743 erisibus
797 3681 885 3761 inque
910 3681 1001 3743 maris
1031 3688 1119 3741 aestu
1137 3680 1291 3760 reciproco
1316 3680 1493 3760 potissimam

146 3767 206 3829 viru
230 3768 331 3838 habet,
356 3768 392 3827 de
417 3786 476 3847 qua
499 3767 587 3830 iufra.

692 3856 830 3918 Thesis
852 3855 956 3919 XVII.

236 3940 467 4022 Quibuscunque
490 3945 593 4025 itaque
607 3946 723 4007 'diebus
747 3946 776 4007 in
801 3945 974 4008 calendario
998 3942 1180 4006 novilunium
1204 3943 1373 4021 iuvenitur,
1397 3946 1489 4011 lunc-

145 4049 195 4093 res
224 4038 367 4110 quantum
400 4050 419 4090 a
446 4032 533 4093 Luna
562 4035 695 4113 pendent
732 4041 820 4095 eruut
852 4034 1013 4108 1111111111,
1058 4033 1165 4113 quibus
1194 4052 1266 4097 vero
1297 4035 1487 4115 plenilunium,

146 4119 238 4180 aucti.
285 4119 331 4179 At
353 4138 419 4181 cum
444 4119 472 4180 in
497 4121 542 4182 his
562 4123 627 4202 jam
647 4123 752 4196 dictis,
787 4123 967 4185 tumetium
991 4123 1020 4185 in
1045 4123 1238 4202 quadraturis
1268 4125 1410 4188 humores
1433 4141 1487 4184 me·

147 4208 294 4269 vehuntur
319 4208 428 4268 valide.
476 4209 561 4272 Haec
586 4220 634 4273 est
649 4212 778 4291 slmplex
803 4221 834 4273 et
857 4231 938 4273 mers
963 4211 1147 4292 astrologica
1168 4213 1353 4291 praedictio,
1380 4209 1486 4294 quaeri

146 4296 361 4375 persingulas
386 4304 469 4357 artes
494 4299 693 4374 diduceretur‚
720 4301 893 4379 astrologus
916 4300 1029 4363 limites
1054 4320 1126 4362 suae
1150 4302 1351 4382 professionis
1375 4301 1485 4366 excede·

146 4392 203 4461 ret,
228 4386 371 4464 fieretque
396 4385 539 4464 agricola,
565 4390 708 4461 medicus,
732 4390 885 4471 chymicus
909 4391 962 4453 dac.

686 4479 820 4541 Thesis
843 4478 961 4540 XVIII.

235 4562 388 4625 Interdum
422 4570 522 4627 tamen
551 4565 634 4646 ipsos
662 4568 776 4629 moneri
806 4567 939 4647 expedit.
985 4566 1039 4631 Uti
1061 4563 1207 4648 chymicis
1237 4567 1315 4631 haee
1343 4588 1400 4651 ego
1424 4583 1480 4649 pm·

145 4667 239 4752 pono,
272 4650 367 4714 videri
398 4653 613 4757 plenilunium
623 4655 733 4718 fusioni
766 4656 956 4722 metallorum
986 4657 1162 4731 adversum,
1193 4666 1319 4738 propter
1351 4655 1479 4722 11111111

146 4738 234 4801 nimis
258 4746 368 4804 aerem.
414 4742 450 4804 Id
480 4743 505 4804 si
534 4751 596 4819 est,
630 4764 759 4861 maguus
789 4745 903 4808 orietur
934 4751 1111 4826 aspectuum
1135 4747 1278 4849 delectus
1305 4748 1346 4811 ad
1367 4747 1478 4830 ipsum

145 4845 232 4908 opus
583 4860 585 4866 ·
