3278 5542
137 329 203 415 etl
683 342 946 413 emorrannum·

139 508 337 592 hypotheses,
363 504 427 566 sine
451 503 590 565 veritatis
614 505 808 566 necessitate.
857 504 899 564 At
927 503 1080 565 enimvero
1108 521 1163 565 nec
1193 505 1251 567 hoc
1276 503 1399 586 quidem
1421 503 1491 566 Urso

140 598 238 671 facile,
264 595 378 670 talium,
404 593 509 674 quales
534 592 598 673 ipse
622 593 780 668 describit,
807 594 918 654 formas
941 593 1087 674 plurimas
1110 593 1290 675 confingere.
1337 591 1419 655 Nam
1440 592 1491 654 etsi

138 706 195 748 non
229 692 328 752 curat,
361 701 490 744 veraene
524 684 598 757 sint,
633 683 698 743 vult
720 692 821 744 tamen
851 690 884 742 ut
915 689 1143 762 repraesentent
1171 683 1321 746 calculum
1349 688 1491 743 motuum:

137 775 216 856 quod
234 792 292 835 non
316 773 410 834 cuivis
434 771 540 832 obviae
565 781 597 832 et
619 772 743 833 fictitiae
768 771 927 852 hypothesi
952 771 1109 850 contingit.

101 935 105 943 ,
229 862 365 941 Septimo
390 861 527 922 sufficere
551 859 604 932 ait,
628 870 661 920 ut
685 860 869 943 hypotheses
885 861 1063 922 coelestium
1077 868 1210 922 motuum
1234 859 1354 921 calculo
1372 876 1490 939 respon-

138 954 241 1028 deant,
266 952 338 1013 lieet
360 969 418 1012 non
442 949 516 1029 ipsis
541 950 680 1012 motibus.
727 948 867 1011 Mirabile
890 951 1009 1030 dogma,
1034 948 1180 1030 siquidem
1203 967 1289 1011 mens
1303 947 1380 1010 Ursi
1400 967 1438 1009 ex
1454 945 1490 1008 his

137 1041 238 1103 verbis
262 1040 378 1102 censeri
404 1039 504 1101 debet.
552 1037 632 1109 Quid
657 1047 706 1099 est
729 1039 833 1118 igitur,
859 1038 951 1114 Urse,
981 1036 1134 1100 calculus?
1181 1035 1215 1098 Si
1238 1037 1339 1099 bonus
1362 1044 1414 1099 est
1435 1038 1489 1098 cal·

136 1131 221 1194 culus
259 1129 289 1191 lr.
314 1149 342 1189 e.
371 1128 530 1190 methodus
560 1127 754 1208 computandi
794 1127 862 1188 loca
893 1127 1039 1200 siderum,
1079 1136 1149 1188 tunc
1183 1145 1257 1188 sane
1290 1127 1427 1189 motibus
1453 1135 1490 1187 est

137 1238 287 1283 consonus
311 1227 342 1280 et
366 1236 403 1277 ex
426 1217 587 1299 hypothesi
610 1216 785 1288 exstruitur,
810 1235 884 1295 qnae
909 1217 1013 1279 itidem
1037 1225 1085 1278 est
1108 1215 1239 1278 motibus
1262 1233 1410 1278 consona.
1447 1208 1498 1276 sn'
1527 1271 1532 1281 .

139 1309 205 1390 quis
230 1308 363 1370 calculus
387 1315 486 1367 motus
510 1325 576 1370 non.
593 1312 815 1385 repraesentat,
850 1324 944 1385 aeque
973 1304 1068 1366 fallax
1091 1306 1220 1367 habetur
1247 1325 1284 1367 ac
1318 1303 1490 1390 hypotheses

138 1417 177 1459 ex
202 1397 308 1478 quibus
332 1395 535 1457 derivabatur.
582 1396 631 1456 lta
660 1394 686 1456 si
709 1393 796 1457 nobis
825 1394 866 1456 nil
895 1414 984 1456 curae
1008 1403 1070 1471 est,
1104 1402 1203 1457 utrum
1233 1394 1346 1475 aliquis
1370 1392 1489 1456 alcum

138 1487 269 1549 motibus
293 1485 483 1565 respondeat,
509 1484 582 1545 nihil
602 1503 674 1545 sane
699 1482 834 1562 impedit,
860 1504 917 1564 quo
941 1484 1037 1545 minus
1061 1483 1382 1564 plurimasliogamns
1405 1483 1487 1567 hypo·

136 1576 257 1650 theses,
292 1574 372 1655 quod
404 1573 461 1634 sibi
494 1573 582 1635 facile
617 1573 780 1635 dictitabat
807 1574 922 1649 Ursus,
957 1573 1142 1654 totidemque
1173 1572 1361 1636 calculorum
1391 1572 1489 1635 format

34 1695 40 1714 a
137 1663 370 1736 constituamus,
396 1662 523 1724 vitiosas
547 1681 653 1742 nempe
679 1670 709 1723 et
733 1683 751 1722 a
774 1661 858 1723 coelo
882 1663 1030 1724 dissonas.
1079 1663 1182 1723 Macte
1207 1663 1284 1725 Urse
1310 1663 1371 1725 hac
1394 1662 1487 1724 inuen-

137 1754 252 1815 tionum
271 1752 420 1813 ubertate.
468 1753 582 1813 Forsan
608 1759 640 1812 et
663 1751 718 1812 hoc
743 1752 819 1830 agis,
844 1760 878 1813 ut
901 1751 1085 1833 hypotheses
1109 1752 1138 1812 in
1155 1751 1238 1813 solas
1253 1751 1382 1814 scholas
1401 1758 1487 1813 astro-

140 1841 274 1904 nomicas
308 1839 483 1914 concludas,
517 1848 552 1901 ut
579 1859 703 1920 quarum
731 1859 802 1902 usus
830 1841 859 1902 in
889 1841 945 1901 hoc
976 1842 1040 1902 solo
1065 1840 1227 1919 consistat,
1260 1850 1296 1902 nt
1323 1848 1489 1921 praeceptor

138 1938 286 1995 monstret
309 1928 455 2009 discipulo
479 1930 508 1989 in
533 1929 734 1991 delineatione
758 1930 962 2012 hypothetica,
988 1948 1062 2009 quas
1087 1929 1125 1991 ob
1139 1948 1249 1991 causas
1273 1929 1486 2011 singulaprae·

138 2027 229 2100 oepta
251 2020 281 2080 in
305 2018 491 2081 calculandis
516 2017 700 2080 coelestibus
733 2018 864 2080 motibus
888 2019 1049 2100 observare
1079 2018 1199 2081 debeat.
1247 2016 1310 2089 Qui
1338 2038 1414 2081 naus
1442 2017 1487 2078 etsi

138 2128 195 2171 non
221 2109 337 2171 alienus
361 2117 409 2169 est
432 2107 470 2168 ab
495 2107 723 2190 hypothesibus,
756 2108 907 2187 posterior
929 2117 1031 2169 tamen
1056 2116 1105 2169 est
1129 2117 1160 2169 et
1183 2108 1326 2170 inferiore
1342 2106 1485 2188 dignitatis
1521 2112 1524 2117 ’

138 2197 243 2278 gradu.
291 2198 424 2258 Primum
448 2196 526 2257 enim
550 2197 579 2257 in
605 2197 822 2278 hypothesibus
847 2216 944 2259 rerum
970 2206 1109 2259 naturam
1133 2197 1340 2279 depingimus,
1371 2204 1441 2278 post
1457 2213 1485 2255 ea

137 2287 174 2348 iis
208 2286 356 2348 calculum
385 2284 566 2347 exstruimus
597 2286 624 2346 h.
650 2305 677 2346 e.
703 2295 802 2347 motus
827 2287 1086 2361 demonstramus,
1118 2286 1246 2367 denique
1270 2286 1409 2350 indidem
1429 2303 1485 2346 ress
1531 2280 1533 2289 '

138 2375 246 2437 calculi
270 2382 434 2454 praecepta
457 2373 507 2434 via
530 2375 684 2453 reciproca
708 2374 893 2436 discentibus
918 2375 1113 2454 explicamus.
1531 2384 1533 2391 '

227 2463 346 2526 Octavo
370 2463 411 2524 nil
434 2470 523 2542 putat
551 2464 671 2525 officere
702 2483 806 2526 sacras
836 2465 940 2526 literas
968 2464 1186 2546 hypothesibus
1210 2459 1483 2526 contradicentibus.
1530 2514 1533 2541 ,

138 2553 193 2625 At,
217 2572 292 2633 quas
315 2553 380 2632 ipse
400 2551 499 2631 jactat
523 2551 716 2633 hypotheses,
741 2573 779 2613 ex
802 2552 950 2633 scriptura
973 2573 1006 2614 se
1026 2554 1252 2615 demonstrasse
1269 2562 1371 2634 putat.
1414 2548 1484 2623 Quot

139 2640 164 2703 si
178 2641 329 2722 proprium
354 2651 403 2702 est
426 2641 646 2722 hypothesium,
671 2650 704 2702 ut
728 2642 790 2703 sint
814 2643 930 2703 falsae:
955 2643 1140 2724 hypotheses
1165 2642 1229 2721 ipse
1250 2643 1353 2704 nullas
1368 2637 1483 2711 habebit
1530 2632 1533 2709 ζ

137 2731 217 2811 quia,
243 2750 317 2811 quas
329 2731 440 2810 jactat,
466 2729 616 2792 infallibili
632 2731 800 2809 scripturae
824 2732 1007 2793 auctoritate
1022 2731 1154 2793 munitas
1168 2731 1337 2795 contendit.
1384 2731 1432 2793 Ita
1449 2725 1484 2788 ssi
1530 2714 1533 2761 ³

138 2821 232 2899 ipsius
256 2820 411 2881 immemor
435 2829 504 2893 est,¹
532 2819 561 2879 id
586 2819 683 2899 magis
717 2821 809 2881 etiam
838 2821 868 2881 in
901 2840 936 2881 eo
970 2820 1062 2900 quod,
1096 2838 1164 2883 cum
1191 2820 1348 2900 proprium
1379 2817 1485 2881 iecisset
1531 2822 1533 2905 J

137 2910 356 2993 hypotheseon,
380 2918 412 2970 nt
437 2909 498 2970 sint
521 2908 629 2982 falsae,
662 2909 785 2970 tandem
809 2910 930 2989 aequior
954 2910 1135 2971 astronomis
1160 2909 1251 2972 licere
1275 2909 1387 2991 inquit,
1413 2906 1483 2970 effin-
1531 2918 1533 2937 ¹

135 3017 206 3079 gere
230 2998 415 3080 hypotheses
439 2997 503 3058 sive
527 3017 617 3058 veras
641 2999 705 3059 sive
730 2999 838 3059 falsas.
1529 3060 1533 3085 ἱ

226 3087 324 3149 Nono.
381 3084 467 3156 Quae
499 3086 536 3146 de
561 3086 697 3147 falsitate
726 3086 935 3169 hypothesium
965 3089 1233 3149 astronomicamm
1262 3086 1360 3161 dixit,
1397 3080 1484 3146 sitin
1531 3088 1533 3103 '

137 3176 287 3256 plerisque
312 3175 380 3236 aliis
405 3175 551 3237 doctrinis
575 3175 648 3238 fieri.
696 3177 730 3237 ld
754 3177 874 3256 quidem
897 3177 939 3251 fit,
966 3177 1020 3237 sed
1044 3177 1123 3238 male
1148 3185 1180 3237 et
1200 3176 1238 3237 ab
1263 3173 1484 3256 imperiosae

139 3283 241 3326 verum
266 3273 318 3326 aut
342 3264 468 3338 bonum,
495 3263 551 3325 nisi
576 3264 727 3325 rarissime
753 3274 785 3326 et
807 3264 946 3338 fortuito,
982 3266 1034 3326 sed
1059 3266 1168 3327 laisum
1193 3274 1224 3326 et
1247 3264 1401 3345 pernicies
1416 3262 1484 3342 jusu

140 3354 245 3414 ordine
275 3353 478 3432 consequitur.
525 3354 568 3415 Ut
597 3353 625 3413 in
650 3353 815 3426 medicina,
849 3354 875 3414 si
905 3364 1054 3434 quartana
1086 3355 1152 3434 quis
1182 3354 1302 3416 laboret
1333 3363 1368 3415 et
1395 3350 1485 3414 talsan

140 3442 218 3503 haue
244 3442 424 3524 hypothesin
450 3441 605 3521 imperitus
629 3443 762 3504 medicus
787 3444 966 3522 conceperit,
991 3463 1114 3505 causam
1139 3444 1232 3506 febris
1250 3463 1321 3506 esse
1346 3437 1485 3519 asangm·

139 3531 184 3593 nis
209 3531 421 3605 redundantia,
444 3531 471 3592 is
496 3551 573 3592 vena
597 3541 682 3594 secta
705 3551 763 3593 non
789 3552 861 3593 sane
878 3533 993 3594 felicius
1013 3534 1127 3612 juverit
1144 3552 1277 3613 aegrum,
1305 3528 1487 3614 quantinus

141 3641 178 3683 ex
203 3622 283 3681 lnlsa
307 3620 467 3701 hypothesi
491 3629 591 3682 motus
615 3623 764 3682 coelorum
789 3622 954 3700 colligeret.
1002 3621 1065 3684 Sed
1084 3622 1193 3684 Ursum
1216 3640 1272 3702 per
1295 3621 1489 3702 exemplatus

140 3730 309 3790 sequamur.
358 3709 498 3789 Exenrpli
522 3725 649 3789 namque
674 3711 739 3770 loco
763 3713 883 3788 regulas
908 3710 1098 3790 algebraicas
1127 3712 1282 3791 producit,
1312 3712 1366 3774 nbi
1386 3707 1488 3791 ponitur

139 3800 174 3873 is,
200 3800 249 3878 qui
274 3799 426 3878 quaeritur
450 3818 599 3872 numerus,
623 3800 724 3859 valere
748 3799 895 3860 unitatem
919 3801 1034 3861 cossice
1050 3801 1287 3876 denominatam,
1312 3819 1382 3863 eum
1404 3807 1487 3861 umen

139 3888 165 3947 is
188 3906 246 3947 non
280 3888 320 3947 sit
344 3888 452 3948 unitas.
497 3887 545 3948 Ex
574 3888 630 3948 hac
661 3896 759 3948 tamen
791 3888 868 3948 falsa
895 3889 1044 3966 positione
1078 3889 1107 3950 in
1138 3890 1344 3969 cognitionem
1368 3881 1489 3952 venum

142 3975 301 4054 perveniri.
349 3977 407 4047 At,
434 3995 451 4036 o
476 3976 569 4051 Urse,
595 3996 649 4036 nec
674 3977 803 4056 quadrat
827 3979 995 4056 exemplum
1020 3996 1075 4038 nec
1097 3988 1180 4040 recte
1205 3979 1388 4059 explicatur.
1428 3973 1490 4038 (lum

141 4063 292 4124 nesciatur
323 4082 461 4124 numerus
494 4065 536 4137 is,
556 4084 641 4143 quem
674 4065 858 4145 quaerimus,
896 4067 1030 4144 ignotum
1058 4067 1104 4128 illi
1132 4086 1240 4129 nomen
1274 4069 1386 4132 damus
1410 4079 1488 4145 eoque

141 4152 258 4211 nomine
287 4151 439 4230 pergimus
468 4153 505 4212 ad
536 4153 618 4230 loges
648 4154 868 4233 praescriptas,
903 4156 998 4216 donec
1027 4164 1093 4217 arte
1118 4175 1224 4218 nornen
1249 4156 1281 4219 id
1303 4158 1395 4219 uobis
1416 4156 1487 4219 inno

141 4247 248 4300 teseat.
295 4237 384 4309 Quod
408 4239 499 4318 igitur
522 4242 659 4319 ponimus
684 4242 828 4304 unitatem
854 4263 920 4304 esse
941 4244 1182 4318 denominatam,
1213 4246 1327 4308 falsum
1351 4239 1487 4309 nondiei·

139 4346 215 4389 mus.
264 4328 341 4388 Nam
373 4347 408 4387 eo
437 4329 518 4407 ipso,
555 4331 631 4409 quod
661 4350 766 4391 nomen
797 4333 917 4392 additur
947 4326 1077 4407 unitati,
1104 4334 1235 4396 innuitur
1258 4345 1364 4399 certus
1387 4332 1488 4416 quidm

139 4436 288 4490 numems,
314 4434 401 4494 quem
425 4417 450 4476 is
475 4418 524 4496 qui
549 4421 702 4497 quaeritur
725 4422 816 4482 semel
847 4423 961 4483 valeat.
1008 4423 1066 4485 liic
1086 4442 1159 4504 ergo
1178 4425 1262 4487 nulla
1286 4418 1487 4506 talsaposirio.

141 4506 186 4567 At
208 4506 237 4566 in
262 4505 472 4566 astronomicis
497 4506 711 4588 hypothesibus
736 4509 809 4570 nihil
833 4510 939 4572 simile.
986 4510 1085 4581 Quam
1106 4514 1183 4574 euim
1199 4514 1327 4596 quisque
1351 4514 1489 4596 proflatu

142 4592 337 4675 hypothesin,
370 4611 428 4655 non
457 4593 546 4656 aliter
574 4595 632 4657 nisi
655 4606 689 4658 ut
711 4605 815 4660 notam
844 4607 876 4660 et
899 4600 1088 4680 exploratam
1116 4603 1284 4682 profitetur.
1332 4605 1369 4667 ln
1392 4598 1488 4682 regui&

141 4699 229 4761 quam
254 4682 322 4742 falsi
348 4682 460 4754 dicunt,
485 4702 541 4763 quo
567 4685 663 4746 altero
688 4688 824 4765 exenrplo
848 4696 963 4766 pugnat
977 4690 1082 4764 Ursus,
1108 4710 1167 4752 non
1196 4692 1256 4753 alio
1282 4687 1489 4772 quamnomiut

140 4769 263 4850 gloriari
287 4779 397 4848 potest.
446 4772 513 4833 h'on
537 4774 617 4834 euim
640 4773 706 4835 ideo
732 4775 826 4836 lalsus
851 4776 959 4838 dicitur
982 4798 1121 4841 numerus
1144 4781 1279 4860 positus,
1310 4783 1384 4865 qnia
1403 4791 1491 4843 serem

26 4898 33 4914 .
141 4856 212 4920 inde
236 4860 380 4942 sequitur,
406 4860 485 4942 quod
508 4861 535 4924 si
557 4862 652 4939 fieret,
677 4881 736 4925 non
760 4863 816 4927 hoc
839 4865 884 4927 illi
906 4885 1014 4930 nomen
1037 4877 1141 4933 esset:
1165 4871 1222 4935 sed
1244 4870 1328 4953 ideo,
1351 4870 1423 4959 quis
1440 4864 1491 4933 hi·
