3278 5542
684 300 768 369 (ἕψω
783 301 911 357 xl-xn.
1418 303 1482 373 139

118 461 214 527 babet,
231 479 280 519 cur
293 479 379 533 prosa
391 464 437 529 sit,
451 480 536 537 quam
550 462 611 533 qius
626 464 774 529 cornaria,
790 465 843 520 hoo
856 465 925 535 ipso,
946 465 1012 537 quia
1024 465 1166 522 contraria
1179 464 1241 536 ejus
1256 466 1409 537 concipitur
1422 485 1484 524 esss

118 541 145 596 in
169 560 226 596 non
251 550 331 598 antem
356 561 427 616 quae
450 543 474 597 si
487 542 573 598 etiam
595 560 680 613 prosa
702 542 779 599 iac'ta
801 551 885 609 esset,
909 547 1023 600 mundus
1040 552 1131 599 tamen
1146 545 1241 600 similis
1265 547 1329 601 huic
1342 548 1484 616 praesenti

118 622 210 676 incuss
225 629 311 677 esset.
354 623 530 694 Comparatio
553 624 642 677 locum
656 625 813 679 nonhabet
827 627 993 688 mundorum,
1013 620 1064 680 'ubi
1084 643 1155 680 unus
1176 626 1252 680 solus
1267 633 1319 681 est.
1360 628 1485 683 Valeant

118 701 215 773 itaque
236 704 415 772 quaestiones
438 703 594 774 hujusmodi
613 705 784 769 materiales,
809 713 839 759 et
861 723 921 759 cum
936 705 1032 761 iisdem
1055 707 1139 760 etiam
1161 706 1277 760 metatio
1296 707 1409 771 zodiaci,
1434 724 1484 763 seu

119 781 212 851 potins
228 777 364 853 (quiahie
378 783 444 838 locis
459 784 515 838 suis
530 784 641 839 excedit
658 785 720 839 aevi
739 779 882 855 successu)
898 785 960 838 riae
973 784 1070 856 regiae
1094 802 1112 839 s
1126 785 1230 840 Solaria
1245 786 1367 857 eorporis
1382 787 1484 842 circulo

119 861 192 917 inter
204 861 268 931 ejus
290 865 368 932 polos
386 864 475 919 medio
488 870 671 919 monstratae.
714 866 787 921 Nam
810 866 834 921 si
847 865 904 935 poli
928 872 957 919 et
977 865 1040 920 axis
1064 866 1186 936 corporis
1200 866 1306 921 Solaria
1329 867 1484 939 inpingas

121 942 211 997 nundi
236 942 309 996 alias
333 944 406 998 versi
426 944 552 1008 fluissent,
576 943 662 999 etiam
685 944 732 999 via
745 944 827 1018 regin
850 945 909 999 alia
931 945 1030 999 diisset
1043 947 1181 1000 traducta.
1224 947 1301 1008 Quod
1323 946 1392 1002 idem
1407 949 1484 1002 etde

120 1021 216 1094 lquris
230 1023 402 1078 dodecaedro
416 1032 448 1078 et
459 1025 601 1079 icossedro
616 1024 766 1079 dicendum.
807 1026 910 1080 Demus
931 1024 1011 1090 enim,
1036 1042 1133 1079 munus
1154 1025 1277 1096 ipsarum
1290 1043 1360 1090 esse,
1384 1027 1484 1083 metari

122 1100 262 1156 zodiacum
285 1103 453 1159 sectionibus
475 1105 577 1160 mutuis
600 1106 729 1169 laterum,
753 1111 782 1160 et
796 1105 864 1160 certi
879 1106 986 1176 quidem
1010 1105 1120 1168 ordinis,
1144 1123 1180 1159 ex
1200 1124 1260 1170 sex,
1285 1123 1352 1176 quos
1367 1106 1484 1161 diximus

122 1181 360 1316 dicsqqopoqjibiles:
384 1192 460 1239 certe
474 1186 613 1241 translato
626 1187 778 1258 figurarum
800 1184 855 1239 situ
878 1185 907 1241 in
924 1187 1022 1241 mundo
1041 1185 1136 1240 sensili
1160 1187 1239 1241 sedes
1259 1186 1344 1241 etiam
1367 1187 1424 1241 alia
1438 1204 1484 1240 ao·

219 1280 235 1315 c
258 1269 390 1336 tingeret.

718 1451 891 1463 m-

688 1669 808 1770 Caput
833 1668 921 1744 XII.

549 1829 682 1893 Divisio
704 1829 832 1892 zodiaci
852 1838 882 1892 ct
903 1837 1055 1910 meana

208 1970 302 2035 Multi
334 1970 513 2035 divisionem
544 1971 687 2035 zodiaci
720 1971 750 2034 in
784 1972 940 2034 duodecim
972 1970 1112 2052 praecisa
1141 1968 1229 2050 sigua
1256 1987 1310 2049 pro
1341 1969 1483 2049 figmento

118 2079 252 2125 rumano
279 2059 431 2135 habuere,
461 2061 517 2123 tali
544 2081 669 2142 nempe,
701 2061 747 2124 cui
776 2062 849 2124 nihil
878 2061 921 2123 rei
950 2059 1097 2122 naturalis
1122 2057 1229 2120 subsit.
1277 2057 1382 2139 Neque
1406 2056 1484 2119 enim

118 2169 196 2213 saec
229 2170 323 2229 μορια
351 2148 551 2215 viribussaut
579 2150 787 2215 affectionibus
821 2149 938 2213 differre
971 2147 1159 2212 naturalibus
1192 2146 1395 2220 arbitrantur,
1429 2146 1483 2207 sad

118 2246 260 2303 munta
282 2246 405 2319 propter
429 2239 542 2301 numeri
567 2239 606 2300 ad
629 2239 762 2302 rationes
786 2239 995 2319 aptitudinem.
1043 2233 1160 2307 Quibus
1189 2235 1248 2299 etsi
1277 2255 1334 2297 non
1364 2234 1482 2295 omnino

118 2345 274 2408 repugno,
305 2333 406 2389 umen
434 2345 472 2388 ue
500 2326 570 2408 quid
601 2336 713 2391 temere
743 2327 912 2409 rejiciatur,
947 2346 985 2388 ex
1012 2325 1120 2404 iisdem
1147 2323 1301 2406 principiis
1326 2322 1483 2386 divisionis
1593 2356 1597 2361 -

118 2417 207 2497 nujus
240 2435 367 2479 cansam
399 2434 584 2496 proponam,
618 2417 657 2479 ad
690 2436 779 2497 quam
804 2415 979 2480 Creatorem
1009 2413 1211 2494 proprietates
1244 2414 1284 2485 (si
1315 2432 1390 2495 quas
1413 2413 1484 2475 illae

118 2505 287 2568 metretas
311 2505 439 2579 habent)
464 2506 711 2569 accommodasse
735 2525 805 2569 vero
829 2525 888 2568 nou
913 2506 970 2567 erit
994 2504 1142 2566 absimile.
1158 2507 1185 2578 ⁸)

207 2593 414 2657 Numerorum
436 2593 601 2675 subjectum
626 2596 773 2675 quoduam
803 2595 858 2667 sit,
888 2613 980 2674 supra
1010 2592 1147 2655 vidimus.
1194 2592 1237 2655 Et
1259 2599 1339 2653 certe
1363 2597 1485 2670 praeter

118 2691 269 2767 quantum
292 2692 346 2746 aut
364 2690 475 2765 quanto
495 2682 603 2760 simile,
627 2685 766 2763 potentia
780 2683 977 2765 qualicunque
991 2681 1171 2763 praeditum,
1195 2679 1268 2741 nihil
1293 2678 1392 2740 estin
1416 2685 1483 2739 toto

118 2774 264 2835 aniverso
287 2772 481 2847 numerabile,
505 2781 627 2853 praeter
650 2772 757 2846 Deum,
782 2773 831 2854 qui
854 2773 1008 2854 ipsissima
1030 2770 1201 2832 veneranda
1224 2767 1358 2830 Trinitas
1380 2773 1438 2828 est.
1453 2764 1482 2839 1’)

118 2860 191 2925 lam
216 2860 310 2941 igitur
333 2879 459 2939 corpora
483 2861 583 2923 omnia
607 2861 803 2925 dissecuimus
827 2882 881 2944 per
909 2862 1075 2924 zodiacum.
1091 2862 1118 2933 ο)
1164 2857 1349 2928 Videamus,
1379 2854 1483 2934 ecquid

118 2950 260 3032 sectione
283 2949 341 3012 hac
364 2949 506 3013 zodiacus
530 2951 595 3031 ipse
618 2951 746 3031 adeptus
770 2952 819 3014 rel
842 2970 951 3031 passus
975 2947 1070 3022 siti)
1108 2946 1265 3009 Sectorum
1289 2944 1382 3023 igitur
1404 2943 1485 3006 dicto

118 3039 210 3103 modo
242 3037 310 3100 cubi
341 3038 434 3101 iacies
458 3038 654 3103 exsectione
678 3040 830 3103 resultans
853 3039 911 3101 erit
935 3040 1092 3120 quadrata,
1118 3044 1152 3097 ut
1174 3044 1206 3097 et
1224 3032 1368 3107 octaedri,
1392 3051 1485 3114 pyra-

118 3127 211 3191 midis
237 3127 407 3207 triangula,
435 3128 617 3209 reliquorum
646 3129 768 3191 duorum
798 3129 975 3208 decaogula.
1023 3124 1141 3198 Quater
1163 3125 1224 3187 tria
1246 3123 1347 3185 decies
1372 3121 1487 3183 iaciunt

118 3234 273 3281 mmmam
297 3227 416 3279 centum
440 3225 473 3279 et
495 3218 612 3298 viginti.
659 3217 755 3297 Igitur
779 3218 924 3297 inscripta
947 3216 1057 3279 circulo
1082 3215 1267 3295 quadratum,
1293 3210 1485 3291 triangulum,

118 3304 324 3384 decaogulum
353 3305 393 3366 ad
421 3306 502 3373 idem
533 3314 676 3388 punctum
705 3327 793 3370 arcus
821 3307 922 3369 varios
955 3305 983 3366 in
1017 3302 1260 3368 circumferentia
1287 3300 1485 3380 distinguunt,

118 3413 201 3479 qnos
225 3413 329 3456 omnes
353 3396 477 3458 metitur
499 3396 597 3477 portio
626 3414 683 3457 nou
712 3397 809 3476 major
839 3396 1004 3458 centesima
1026 3395 1111 3456 rice-

118 3484 200 3546 sima
224 3482 319 3545 totius
343 3482 457 3547 circuli.
503 3484 661 3547 Naturalis
685 3483 777 3564 igitur
805 3484 912 3548 divisio
939 3484 1054 3547 zodiaci
1079 3483 1108 3545 in

122 3570 188 3637 120
212 3591 252 3634 ex
274 3572 406 3652 regulari
430 3572 489 3635 situ
513 3592 669 3653 corporum
694 3574 773 3637 inter
796 3576 894 3637 orbes.
934 3570 1027 3653 Cujus
1050 3573 1106 3635 tri-

122 3660 207 3741 plum
230 3680 298 3723 oum
321 3659 363 3722 sit
386 3654 468 3736 360,
496 3662 632 3726 ridemus
659 3662 737 3726 hanc
761 3663 938 3725 divisionem
961 3682 1018 3724 nou
1043 3681 1108 3724 om·

121 3750 192 3813 nino
208 3749 422 3812 nullaratioue
437 3752 504 3814 niti.
536 3751 606 3817 Jam
626 3752 651 3813 si
671 3753 849 3832 quadratum
874 3760 906 3814 et
928 3751 1109 3832 triangulum
1156 3801 1160 3813 .

125 3858 242 3903 rursum
265 3858 304 3901 ex
327 3840 432 3901 eodem
456 3850 566 3921 puncto
590 3843 753 3922 separatim
772 3842 986 3915 describamus,
1011 3840 1109 3923 portio
1153 3816 1159 3878 ¹

125 3927 227 3991 circuli
260 3926 385 3990 minima
415 3929 475 3992 crit
505 3950 577 4011 pars
609 3930 787 3993 duodecima
819 3932 967 4006 ambitus,
1004 3949 1109 4011 nempe
1166 3933 1172 3951 ¹

125 4016 276 4097 siguum.
323 4016 367 4080 Ut
398 4018 503 4081 mirum
535 4019 594 4093 sit,
629 4027 660 4081 et
691 4028 803 4082 motum
832 4020 913 4083 Solis
944 4030 976 4084 et
1006 4022 1109 4084 Lunae

125 4117 312 4170 menstruum
327 4107 354 4180 ⁸)
384 4113 416 4170 et
439 4108 665 4187 conjunctiones
690 4128 817 4190 magnas
840 4111 1026 4191 superiorum
1049 4121 1112 4173 tam
1207 4172 1214 4183 ,
1524 4164 1527 4169 .

123 4207 196 4279 apte
221 4196 370 4277 quadrare
394 4196 433 4258 ad
455 4199 624 4278 portiones,
656 4219 731 4279 quae
761 4199 799 4261 ab
827 4201 988 4264 eorundem
1017 4201 1191 4280 corporibus
1218 4221 1273 4282 per
1303 4203 1485 4284 triangulum

123 4294 155 4349 ct
177 4283 359 4367 quadratum
383 4284 654 4366 distinguamus&
974 4310 977 4319 ·

214 4373 317 4455 Atque
342 4373 419 4435 adeo
443 4394 533 4456 quam
556 4376 631 4439 haec
656 4376 841 4438 duodenaria
864 4376 973 4438 divisio
991 4396 1084 4457 penes
1099 4387 1237 4441 naturam
1260 4379 1289 4441 in
1314 4378 1411 4458 pretio
1435 4377 1486 4448 sit,
1588 4416 1597 4430 ·

122 4463 264 4543 exemplo
288 4481 363 4544 cape
388 4470 547 4541 extraneo,
578 4474 610 4527 ut
634 4465 770 4543 quamvis
794 4485 888 4528 causa
911 4485 967 4527 non
992 4467 1109 4528 omnino
1139 4468 1262 4548 cognita
1290 4469 1350 4541 sit,
1383 4474 1484 4528 tameo

123 4551 248 4615 occasio
270 4558 387 4632 pateat,
411 4551 538 4615 subinde
561 4554 746 4635 praeclarius
771 4555 808 4616 de
833 4554 879 4617 his
903 4556 1030 4636 quinque
1054 4556 1156 4636 figuris
1180 4557 1383 4629 sentiendi.¹)

213 4639 292 4702 Esto
315 4640 473 4724 proposita
496 4642 570 4705 fides
595 4638 705 4724 aliqua,
730 4643 854 4723 ejusque
878 4664 970 4706 sonus
989 4646 1017 4707 Γ
1034 4652 1077 4706 ut.
1110 4644 1208 4725 Igitur
1231 4654 1305 4727 quot
1325 4651 1486 4783 ᾗ

121 4737 288 4794 occurrunt
305 4747 397 4793 vocas
416 4750 437 4792 a
453 4733 481 4795 Γ
498 4751 592 4813 usque
616 4733 654 4794 ad
677 4740 816 4795 ceturam
840 4740 1041 4796 consonantes
1060 4753 1126 4797 cum
1145 4736 1177 4807 Γ,
1201 4733 1302 4810 toties,
1326 4758 1486 4830 —zg

119 4838 180 4883 nec
204 4817 339 4905 saepius,
361 4825 452 4905 potes
474 4821 564 4893 iidem
587 4819 779 4891 rationaliter
801 4821 949 4905 dividere,
973 4822 1017 4885 sio
1041 4830 1075 4887 ut
1098 4820 1213 4885 divissa
1235 4822 1304 4887 ildis
1326 4830 1431 4905 partes
1454 4830 1486 4884 et
