3278 5542
136 308 200 378 168
645 310 759 376 ΠΜ
778 306 978 373 emmaque

135 479 278 547 motuum,
303 488 392 552 quarn
415 469 472 532 sibi
496 469 554 551 ipsi
578 489 654 534 unua
677 471 802 553 quisque
819 468 1014 551 peculiariter
1033 468 1252 532 constituisset.
1288 467 1398 547 ltaque
1421 480 1494 544 opus

136 581 204 624 esse
228 560 395 623 attentione
419 567 451 621 et
473 560 622 622 industria
645 560 808 641 singulari,
840 567 873 621 ut
902 559 1008 639 quibus
1031 565 1085 621 ant
1112 557 1185 620 nihil
1214 564 1268 619 ant
1297 572 1407 636 parum
1439 553 1492 614 ad·

135 651 254 712 modum
278 649 376 728 opinio
400 648 604 711 observatoris
628 649 797 712 addidisset
825 649 1060 720 detraxissetve,
1092 666 1146 708 eae
1175 668 1194 708 a
1216 643 1368 725 corruptis
1392 660 1493 704 secm-

138 748 287 801 nerentur.
325 736 497 800 Secundam
521 758 644 801 canaam
663 757 730 799 essa
755 738 877 799 dicebat
900 736 1031 799 aidemm
1055 735 1250 798 inerrantium
1273 734 1343 796 loca
1366 753 1385 794 a
1407 738 1495 792 rete·

135 829 218 891 ribus
242 847 299 889 non
323 827 449 888 ulterius
474 846 563 906 quarn
587 828 624 889 ad
649 834 806 889 sextantes
829 825 959 908 partium
982 825 1150 906 exquisita,
1178 832 1211 887 et
1233 822 1400 886 secuudum
1422 820 1493 882 haec

135 927 237 979 tamen
260 915 420 996 praecipue
435 916 599 978 errantium
612 917 728 996 positus
745 916 810 996 capi
830 925 987 997 oportere;
1011 934 1108 995 panca
1131 912 1312 994 excipiebat,
1336 911 1366 972 in
1390 908 1493 991 quibua

136 1005 298 1068 declinatio
322 1004 431 1066 sideris
455 1005 494 1066 ab
513 1006 723 1085 aequinoctiali
739 1013 886 1067 annotata
904 1024 967 1066 rem
985 1004 1154 1084 adjuvaret,
1177 1002 1256 1083 quod
1274 1002 1313 1063 de
1332 1000 1391 1062 hac
1413 997 1492 1075 locus

137 1096 202 1177 ipse
228 1094 337 1157 sideris
361 1093 473 1155 certius
496 1094 638 1156 constitui
657 1095 723 1174 jam
747 1101 860 1177 posset.
898 1094 1033 1155 Tertiam
1057 1110 1180 1154 causam
1198 1091 1276 1153 hauc
1290 1086 1488 1152 memorabat:

135 1184 205 1248 Non
229 1184 340 1245 habere
366 1202 419 1242 uos
444 1182 522 1245 tales
547 1191 696 1256 auctores,
721 1184 825 1263 quales
840 1182 1032 1245 Ptolemaeus
1045 1181 1205 1243 habuisset
1222 1186 1294 1260 post
1308 1176 1489 1259 Babylonios

137 1282 168 1334 et
192 1269 382 1345 Chaldaeos,
410 1271 465 1332 illa
488 1272 599 1333 lumina
623 1273 716 1348 artis,
745 1272 968 1354 Hipparchum,
1002 1270 1229 1344 Timocharem,
1262 1266 1436 1329 Menelaum
1462 1272 1487 1325 et

137 1369 264 1435 ceteros,
290 1379 414 1439 quorum
438 1369 469 1421 et
493 1380 546 1422 uos
570 1361 831 1424 observationibus
857 1381 892 1422 ac
915 1360 1086 1439 praeceptis
1110 1359 1165 1420 niti
1189 1377 1225 1420 ao
1249 1355 1401 1418 confidere
1423 1370 1485 1434 poe·

138 1451 241 1512 simus.
294 1449 334 1510 Se
368 1449 485 1528 quidem
513 1451 602 1511 malle
635 1451 665 1512 in
698 1451 735 1511 iis
768 1449 977 1530 acquiescere,
1014 1467 1136 1530 qunmm
1168 1447 1332 1509 veritatem
1364 1440 1483 1524 profiteri

56 1606 62 1625 ι
136 1546 252 1618 posset,
278 1557 366 1618 qnam
389 1537 418 1599 in
444 1539 648 1617 ambiguorum
672 1538 763 1600 dubia
786 1539 955 1601 subtilitate
976 1546 1130 1600 ostentare
1154 1535 1267 1614 ingenii
1291 1532 1479 1596 acrimoniam

137 1627 227 1689 Haud
251 1626 369 1707 quidem
394 1627 512 1707 longius
536 1636 632 1702 certe,
662 1628 711 1690 vel
735 1627 826 1689 etiam
850 1628 972 1708 propius
996 1626 1113 1688 omnino
1138 1626 1296 1687 abluturus
1322 1640 1394 1685 suas
1415 1618 1478 1682 ind-

139 1714 276 1779 catioues
300 1722 440 1777 sextante
460 1725 512 1778 aut
533 1718 700 1798 quadrante
724 1718 820 1796 partis
844 1717 932 1779 nnius
956 1737 974 1776 a
997 1733 1088 1789 rero;
1113 1714 1196 1794 cujus
1220 1712 1359 1775 delectus
1382 1716 1478 1772 tantun

139 1806 248 1867 abesse
271 1812 305 1866 ut
328 1824 361 1865 se
385 1806 556 1885 poeniteat,
585 1814 620 1867 ut
646 1824 825 1886 magnopere
854 1805 1004 1878 laetetur,
1038 1805 1095 1866 huc
1117 1821 1211 1883 usque
1235 1802 1328 1881 longo
1351 1810 1476 1880 tempore,

138 1894 253 1974 ingenti
277 1893 401 1963 labore,
426 1895 558 1956 maxima
581 1896 787 1970 contentione,
813 1895 913 1956 studio
937 1902 968 1956 et
991 1893 1140 1955 industria
1161 1890 1308 1971 singulari
1338 1888 1476 1971 procedere

137 1983 284 2066 potuisse.
322 1983 502 2044 Mercurium
527 1983 654 2064 quidem,
681 1984 767 2065 qnasi
792 1984 955 2045 secundnm
979 1981 1167 2064 proverbium
1183 1978 1382 2048 Graecorum.
1402 1977 1475 2040 reliu-

138 2072 251 2154 quebat
269 2073 298 2133 in
314 2070 412 2132 medio
428 2091 629 2146 communem
654 2074 732 2154 quod
752 2073 789 2134 de
812 2072 864 2135 illo
889 2092 985 2152 neque
1010 2091 1064 2133 ano
1089 2069 1188 2133 studio
1213 2070 1406 2131 observatum
1426 2084 1475 2128 ease

137 2162 260 2236 diceret,
285 2180 381 2241 neque
406 2161 444 2222 ab
468 2162 536 2223 aliis
560 2181 593 2223 se
617 2163 781 2242 accepisse,
808 2180 865 2242 quo
888 2179 1070 2240 magnopere
1090 2158 1226 2239 adjuvari
1251 2165 1306 2220 aut
1329 2157 1405 2238 quod
1425 2172 1474 2218 on·

138 2250 207 2311 nino
231 2249 358 2330 probare
381 2258 498 2328 posset.
536 2251 586 2312 Me
611 2251 731 2330 quidem
753 2250 849 2312 multa
869 2268 1003 2325 monens,
1028 2248 1202 2327 subjiciens,
1226 2246 1422 2329 praecipiens,
1440 2244 1474 2304 in·

138 2339 242 2418 primis
265 2338 454 2413 hortabatur,
480 2346 513 2400 ut
536 2339 692 2401 stellarum
715 2339 908 2412 inerrantium
928 2337 1133 2400 observationi
1152 2355 1276 2417 operam
1291 2337 1403 2407 darem,
1422 2333 1474 2396 illa·

138 2447 202 2489 mm
226 2427 429 2507 potissimum,
455 2428 583 2508 quaein
609 2428 752 2508 signifero
777 2435 940 2508 apparent,
972 2426 1049 2508 quod
1075 2446 1140 2488 cum
1165 2425 1212 2487 his
1237 2424 1400 2487 errantium
1420 2438 1473 2485 eou-

140 2534 262 2594 grossus
285 2514 385 2577 notari
413 2523 554 2594 possent,
586 2518 666 2578 etc.“
713 2516 870 2580 Hactenus
899 2536 935 2579 ex
965 2516 1095 2597 epistola
1117 2513 1240 2577 Rbctici
1268 2534 1325 2588 ea,
1359 2506 1474 2595 qoaaad

139 2624 201 2668 rem
226 2604 318 2668 fuere.
366 2601 445 2674 Quid
469 2612 502 2666 tu
522 2606 607 2685 jam,
640 2605 735 2668 amice
763 2607 877 2680 lector,
910 2607 947 2667 de
972 2603 1139 2685 Ceperaico
1169 2602 1287 2665 sentis?
1326 2602 1360 2665 Si
1383 2600 1417 2663 de
1435 2599 1474 2660 hoc

77 2716 79 2720 ⁴
140 2694 260 2771 negotio
285 2693 394 2755 luisset
416 2695 546 2756 monitus
571 2702 661 2775 atque
687 2694 951 2775 deprehendisset,
977 2714 1066 2775 quam
1088 2711 1182 2774 prope
1207 2691 1290 2753 absit
1313 2692 1353 2753 ab
1376 2709 1408 2752 eo
1428 2702 1474 2749 cun

140 2782 204 2844 suis
227 2782 404 2856 rationibus,
432 2782 500 2862 quid
525 2791 613 2864 putas
637 2802 695 2845 non
719 2791 892 2846 tentatnms
917 2784 1039 2857 fuisset,
1065 2801 1151 2864 quem
1175 2781 1312 2843 laborem
1335 2799 1392 2842 non
1413 2792 1474 2839 sun·

140 2871 242 2946 sisset,
268 2880 301 2933 ut
325 2889 450 2950 corpora
474 2892 540 2933 cnm
566 2873 628 2934 auis
651 2872 774 2934 orbibus
798 2871 996 2934 conciliaret?
1037 2871 1139 2951 Atque
1163 2869 1220 2931 hoc
1244 2870 1270 2931 si
1295 2871 1422 2942 daretur,
1441 2860 1474 2944 qui

140 2979 321 3033 consensus,
351 2980 426 3040 quae
455 2961 602 3040 perfectio
626 2980 683 3022 non
708 2962 858 3040 speranda
881 2962 988 3023 esset?
1034 2958 1103 3031 Qua
1127 2960 1212 3021 iu're
1237 2958 1308 3039 qnid
1338 2958 1401 3032 alii,
1426 2948 1475 3035 quil

140 3050 205 3129 ipse
228 3048 409 3111 Maestlinns
438 3049 614 3131 aliquando,
648 3051 768 3132 favente
792 3050 872 3119 Deo,
903 3049 1105 3129 praestitums
1134 3047 1190 3124 sit,
1220 3053 1342 3127 tempus
1372 3040 1474 3109 docebit

141 3139 264 3199 Interea
287 3138 389 3205 nolim,
415 3138 480 3217 quis
504 3146 615 3200 temere
640 3147 746 3200 contra
764 3158 811 3199 me
826 3139 1013 3217 pronunciet,
1039 3145 1070 3199 et
1093 3155 1189 3218 aequo
1214 3135 1316 3198 auimo
1340 3135 1413 3197 hano
1430 3126 1475 3193 litis

142 3226 318 3287 dilationem
342 3226 431 3287 ferat.

492 3412 535 3474 [Ν
560 3411 701 3477 CAPUT
724 3410 922 3477 DECIMUM
946 3411 1156 3476 OCTAVUM

665 3536 780 3588 noras
800 3536 977 3589 ancuoars.

222 3640 253 3714 a)
274 3643 335 3699 Etsi
356 3659 451 3699 rerum
471 3649 523 3707 est,
544 3644 706 3699 Prutenicas
728 3662 852 3715 peceare,
875 3664 935 3700 curn
956 3643 1041 3709 alisia,
1063 3651 1121 3699 tum
1142 3643 1228 3699 etiam
1249 3643 1278 3698 in
1298 3639 1481 3714 prosthaptae·

141 3726 248 3783 resibns
270 3724 343 3779 orbis
365 3725 462 3788 annui,
490 3724 634 3793 potissima
654 3733 746 3780 tamen
768 3743 854 3780 causa
878 3744 932 3780 uon
953 3726 1037 3794 hujus
1057 3731 1167 3779 tantum
1188 3724 1237 3788 rei,
1262 3725 1337 3794 quod
1357 3711 1485 3777 interr}11⁸

142 3807 247 3861 orbium
268 3823 322 3859 nou
343 3813 443 3859 exacte
464 3806 602 3876 quadrant
631 3809 664 3859 ad
694 3806 885 3876 proportiones
907 3807 1025 3877 quinque
1049 3822 1192 3874 corporum
1221 3804 1423 3876 geometricas,
1449 3786 1487 3848 Μ

143 3888 227 3941 etiam
248 3884 318 3939 alius
340 3885 450 3955 majoris
472 3884 525 3947 rei,
558 3888 628 3954 quod
650 3886 759 3941 scilicet
784 3885 934 3956 planetarii
955 3887 1034 3940 orbes
1062 3885 1170 3939 habent
1190 3890 1286 3938 tantas
1310 3883 1414 3955 singuli
1433 3885 1491 3936 Μ·

143 3984 196 4038 qua
217 3964 373 4018 differentes
395 3964 631 4029 eccentricitates,
664 3966 806 4037 utriusque
827 3967 938 4037 iuquam
962 3965 1002 4019 rei
1025 3982 1111 4020 causa
1132 3965 1224 4019 estin
1246 3964 1405 4036 archetypo
1425 3960 1496 4016 οιῦῐ·

143 4044 262 4099 nationis
283 4051 403 4097 motuum
424 4045 570 4097 secundum
591 4046 713 4100 rationes
735 4046 922 4101 harmonicas:
944 4046 992 4100 ubi
1014 4064 1073 4100 eum
1090 4063 1144 4099 non
1165 4052 1282 4116 possent
1302 4052 1425 4099 exactae
1443 4041 1502 4116 ΡὟ

144 4124 284 4195 portiones
305 4124 438 4194 figurales
461 4130 537 4177 stare
554 4123 642 4191 juxta
662 4127 854 4197 proportiones
875 4125 1057 4190 harmonicas,
1079 4142 1193 4179 neeesse
1214 4125 1269 4178 mir
1282 4125 1351 4187 illis,
1373 4114 1509 4182 now

145 4207 181 4259 ad
200 4203 324 4256 rationes
344 4203 479 4257 materiae
500 4203 718 4269 declinantibus,
750 4207 879 4278 derogari
899 4223 996 4277 parurn
1018 4206 1133 4277 aliquid,
1165 4211 1198 4259 ut
1226 4204 1422 4275 proportiones
1445 4196 1513 4255 Ψ

144 4283 268 4339 monicae
295 4282 383 4349 juxta
409 4285 497 4336 locum
527 4282 676 4349 baberent,
707 4287 774 4340 illae
795 4288 902 4358 quidem
930 4287 958 4340 iu
979 4286 1089 4356 spatiis
1108 4285 1212 4349 muudi,
1243 4285 1319 4339 istae
1341 4302 1410 4340 raro
1438 4268 1519 4339 inoe'

147 4371 236 4419 motus
267 4379 317 4431 per
344 4362 446 4431 spatia.
489 4363 559 4415 Vide
585 4364 657 4418 huuc
686 4375 812 4421 ornatum
842 4366 1057 4429 ornatissimum,
1088 4366 1136 4419 lib.
1159 4366 1192 4419 V.
1226 4367 1361 4421 Harmon.
1394 4382 1457 4436 oap-
1485 4340 1519 4397 ς’

146 4461 224 4515 prop.
248 4459 266 4496 a
287 4441 334 4496 46.
356 4441 384 4495 in
405 4442 453 4497 49.
477 4445 511 4498 ad
533 4443 653 4513 longum.
1487 4468 1501 4515 ‚-

227 4520 257 4586 b)
280 4523 335 4575 Imo
357 4521 384 4574 in
398 4522 490 4576 Marte
513 4530 578 4585 tres,
602 4523 629 4577 in
653 4526 759 4578 Venere
784 4525 902 4596 quinque
925 4528 1029 4596 gradus
1054 4524 1081 4578 in
1105 4533 1304 4590 transversum,
1328 4527 1357 4582 in
1376 4510 1519 4585 Mmffl'j

151 4604 185 4658 10
210 4603 254 4655 rel
284 4603 315 4654 ll
333 4603 438 4671 gradus
461 4600 495 4666 (ai
519 4602 601 4657 etiam
616 4605 649 4656 de
664 4605 696 4657 iis
713 4604 787 4668 locis,
808 4606 856 4659 ubi
880 4605 996 4675 planeta
1015 4604 1060 4658 hic
1073 4605 1159 4659 rideri
1180 4605 1283 4677 nequit,
1308 4626 1349 4661 ex
1362 4590 1519 4677 hypotie⁵¹

149 4683 272 4736 theoriae
287 4680 415 4734 Mercurii
430 4698 448 4734 a
462 4699 504 4736 me
520 4682 672 4737 constituta
686 4684 751 4737 licet
765 4684 868 4754 aliquid
884 4681 1035 4745 affirmare)
1058 4685 1139 4738 certia
1154 4685 1262 4739 orbium
1277 4686 1347 4740 loeis
1373 4688 1401 4741 in
1421 4674 1518 4739 cerff

148 4766 214 4816 suut
233 4762 307 4831 apud
326 4761 497 4816 Prutenieas.

229 4835 259 4909 o)
280 4840 383 4895 centra
400 4842 545 4911 planorum
567 4842 674 4913 figurae
689 4843 910 4917 circumscriptae
934 4851 964 4898 et
987 4845 1084 4918 anguli
1105 4846 1214 4921 figurae
1228 4845 1385 4917 inscriptae
1399 4854 1509 4913 noupt‘
