<?xml version="1.0" encoding="UTF-8"?>
<!DOCTYPE html PUBLIC "-//W3C//DTD XHTML 1.0 Transitional//EN"
    "http://www.w3.org/TR/xhtml1/DTD/xhtml1-transitional.dtd">
<html xmlns="http://www.w3.org/1999/xhtml" xml:lang="en" lang="en">
 <head>
  <title>
</title>
<meta http-equiv="Content-Type" content="text/html;charset=utf-8" />
  <meta name='ocr-system' content='tesseract 3.04.00' />
  <meta name='ocr-capabilities' content='ocr_page ocr_carea ocr_par ocr_line ocrx_word'/>
</head>
<body>
  <div class='ocr_page' id='page_1' title='image "./joanniskepleria17frisgoog_0196.png"; bbox 0 0 3278 5542; ppageno 0'>
   <div class='ocr_carea' id='block_1_1' title="bbox 645 333 881 401">
    <p class='ocr_par' dir='ltr' id='par_1_1' title="bbox 645 333 881 401">
     <span class='ocr_line' id='line_1_1' title="bbox 645 333 881 401; baseline 0.004 -15"><span class='ocrx_word' id='word_1_1' title='bbox 645 333 728 401; x_wconf 63' lang='lat' dir='ltr'><strong><em>ow</em></strong></span> <span class='ocrx_word' id='word_1_2' title='bbox 743 333 809 387; x_wconf 80' lang='lat' dir='ltr'><strong>xcx.</strong></span> <span class='ocrx_word' id='word_1_3' title='bbox 827 334 881 387; x_wconf 62' lang='grc' dir='ltr'><strong>ιι</strong></span> 
     </span>
    </p>
   </div>
   <div class='ocr_carea' id='block_1_2' title="bbox 402 543 1123 787">
    <p class='ocr_par' dir='ltr' id='par_1_2' title="bbox 402 543 1123 787">
     <span class='ocr_line' id='line_1_2' title="bbox 645 543 880 643; baseline 0.004 -23"><span class='ocrx_word' id='word_1_4' title='bbox 645 545 765 643; x_wconf 88' lang='lat' dir='ltr'><strong>Caput</strong></span> <span class='ocrx_word' id='word_1_5' title='bbox 790 543 880 622; x_wconf 72' lang='lat' dir='ltr'><strong>XX</strong></span> 
     </span>
     <span class='ocr_line' id='line_1_3' title="bbox 402 703 1123 787; baseline -0.007 -16"><span class='ocrx_word' id='word_1_6' title='bbox 402 705 493 785; x_wconf 77' lang='lat' dir='ltr'><strong>Quae</strong></span> <span class='ocrx_word' id='word_1_7' title='bbox 512 705 556 768; x_wconf 82' lang='lat' dir='ltr'><strong>ait</strong></span> <span class='ocrx_word' id='word_1_8' title='bbox 573 703 740 787; x_wconf 76' lang='lat' dir='ltr'><strong><em>proportio</em></strong></span> <span class='ocrx_word' id='word_1_9' title='bbox 758 712 898 768; x_wconf 70' lang='grc' dir='ltr'>ιηοίιιιωι</span> <span class='ocrx_word' id='word_1_10' title='bbox 915 703 961 766; x_wconf 85' lang='lat' dir='ltr'><strong>od</strong></span> <span class='ocrx_word' id='word_1_11' title='bbox 983 706 1080 768; x_wconf 81' lang='lat' dir='ltr'><strong>orbos.</strong></span> <span class='ocrx_word' id='word_1_12' title='bbox 1096 708 1123 780; x_wconf 79' lang='lat'><strong>⁸)</strong></span> 
     </span>
    </p>
   </div>
   <div class='ocr_carea' id='block_1_3' title="bbox 103 845 1443 3773">
    <p class='ocr_par' dir='ltr' id='par_1_3' title="bbox 105 845 1441 1729">
     <span class='ocr_line' id='line_1_4' title="bbox 170 845 1439 930; baseline 0.002 -20"><span class='ocrx_word' id='word_1_13' title='bbox 170 849 276 930; x_wconf 88' lang='lat' dir='ltr'><strong>Atque</strong></span> <span class='ocrx_word' id='word_1_14' title='bbox 299 847 589 928; x_wconf 80' lang='lat' dir='ltr'><strong>hactenusqnidem</strong></span> <span class='ocrx_word' id='word_1_15' title='bbox 612 845 784 925; x_wconf 84' lang='lat' dir='ltr'><strong>expeditum</strong></span> <span class='ocrx_word' id='word_1_16' title='bbox 808 854 856 908; x_wconf 90' lang='lat' dir='ltr'><strong>est</strong></span> <span class='ocrx_word' id='word_1_17' title='bbox 880 856 1087 926; x_wconf 75' lang='lat' dir='ltr'><strong>argumentum</strong></span> <span class='ocrx_word' id='word_1_18' title='bbox 1110 847 1193 922; x_wconf 93' lang='lat' dir='ltr'><strong>illud,</strong></span> <span class='ocrx_word' id='word_1_19' title='bbox 1219 866 1277 927; x_wconf 92' lang='lat' dir='ltr'><strong>quo</strong></span> <span class='ocrx_word' id='word_1_20' title='bbox 1293 866 1348 929; x_wconf 83' lang='lat' dir='ltr'><strong>ego</strong></span> <span class='ocrx_word' id='word_1_21' title='bbox 1372 852 1439 930; x_wconf 90' lang='lat' dir='ltr'><strong>plu-</strong></span> 
     </span>
     <span class='ocr_line' id='line_1_5' title="bbox 106 934 1441 1020; baseline 0 -20"><span class='ocrx_word' id='word_1_22' title='bbox 106 955 188 1000; x_wconf 88' lang='lat' dir='ltr'><strong>mnm</strong></span> <span class='ocrx_word' id='word_1_23' title='bbox 221 936 338 1000; x_wconf 88' lang='lat' dir='ltr'><strong>roboris</strong></span> <span class='ocrx_word' id='word_1_24' title='bbox 372 934 472 999; x_wconf 82' lang='lat' dir='ltr'><strong>afferri</strong></span> <span class='ocrx_word' id='word_1_25' title='bbox 499 944 572 1016; x_wconf 92' lang='lat' dir='ltr'><strong>puto</strong></span> <span class='ocrx_word' id='word_1_26' title='bbox 602 934 721 996; x_wconf 88' lang='lat' dir='ltr'><strong>novatis</strong></span> <span class='ocrx_word' id='word_1_27' title='bbox 749 935 984 1016; x_wconf 80' lang='lat' dir='ltr'>hypothesibus,</span> <span class='ocrx_word' id='word_1_28' title='bbox 1019 936 1328 1016; x_wconf 89' lang='lat' dir='ltr'><strong>demonstratumque,</strong></span> <span class='ocrx_word' id='word_1_29' title='bbox 1362 941 1441 1020; x_wconf 89' lang='lat' dir='ltr'><strong>quod</strong></span> 
     </span>
     <span class='ocr_line' id='line_1_6' title="bbox 106 1022 1441 1110; baseline 0.003 -23"><span class='ocrx_word' id='word_1_30' title='bbox 106 1028 276 1106; x_wconf 85' lang='lat' dir='ltr'><strong>repertione</strong></span> <span class='ocrx_word' id='word_1_31' title='bbox 299 1025 428 1105; x_wconf 90' lang='lat' dir='ltr'><strong>quinque</strong></span> <span class='ocrx_word' id='word_1_32' title='bbox 451 1022 633 1106; x_wconf 80' lang='lat' dir='ltr'><strong>regularium</strong></span> <span class='ocrx_word' id='word_1_33' title='bbox 656 1041 811 1103; x_wconf 88' lang='lat' dir='ltr'><strong>corporum</strong></span> <span class='ocrx_word' id='word_1_34' title='bbox 836 1031 960 1085; x_wconf 90' lang='lat' dir='ltr'><strong>utantur</strong></span> <span class='ocrx_word' id='word_1_35' title='bbox 973 1023 1149 1101; x_wconf 75' lang='grc' dir='ltr'><strong><em>ἀποςηματα</em></strong></span> <span class='ocrx_word' id='word_1_36' title='bbox 1164 1025 1277 1086; x_wconf 88' lang='lat' dir='ltr'><strong>orbium</strong></span> <span class='ocrx_word' id='word_1_37' title='bbox 1292 1026 1322 1088; x_wconf 91' lang='lat' dir='ltr'><strong>in</strong></span> <span class='ocrx_word' id='word_1_38' title='bbox 1342 1027 1441 1110; x_wconf 86' lang='lat' dir='ltr'><strong>hypo·</strong></span> 
     </span>
     <span class='ocr_line' id='line_1_7' title="bbox 106 1113 1441 1196; baseline 0.002 -19"><span class='ocrx_word' id='word_1_39' title='bbox 106 1116 221 1177; x_wconf 86' lang='lat' dir='ltr'><strong>reaibns</strong></span> <span class='ocrx_word' id='word_1_40' title='bbox 242 1113 411 1196; x_wconf 85' lang='lat' dir='ltr'><strong>Cepernici.</strong></span> <span class='ocrx_word' id='word_1_41' title='bbox 445 1115 612 1177; x_wconf 86' lang='lat' dir='ltr'><strong>Videamus</strong></span> <span class='ocrx_word' id='word_1_42' title='bbox 636 1113 736 1182; x_wconf 82' lang='lat' dir='ltr'><strong>modo,</strong></span> <span class='ocrx_word' id='word_1_43' title='bbox 760 1121 859 1174; x_wconf 87' lang='lat' dir='ltr'><strong>utrum</strong></span> <span class='ocrx_word' id='word_1_44' title='bbox 882 1114 978 1174; x_wconf 86' lang='lat' dir='ltr'><strong>altero</strong></span> <span class='ocrx_word' id='word_1_45' title='bbox 1003 1113 1094 1176; x_wconf 90' lang='lat' dir='ltr'><strong>etiam</strong></span> <span class='ocrx_word' id='word_1_46' title='bbox 1113 1122 1289 1193; x_wconf 85' lang='lat' dir='ltr'><strong>argumento</strong></span> <span class='ocrx_word' id='word_1_47' title='bbox 1313 1134 1351 1177; x_wconf 85' lang='lat' dir='ltr'><strong>ex</strong></span> <span class='ocrx_word' id='word_1_48' title='bbox 1374 1137 1441 1180; x_wconf 92' lang='lat' dir='ltr'><strong>mo·</strong></span> 
     </span>
     <span class='ocr_line' id='line_1_8' title="bbox 106 1201 1441 1283; baseline 0.001 -16"><span class='ocrx_word' id='word_1_49' title='bbox 106 1204 160 1267; x_wconf 81' lang='lat' dir='ltr'><strong>bns</strong></span> <span class='ocrx_word' id='word_1_50' title='bbox 185 1205 316 1266; x_wconf 88' lang='lat' dir='ltr'><strong>deducto</strong></span> <span class='ocrx_word' id='word_1_51' title='bbox 338 1203 457 1283; x_wconf 84' lang='lat' dir='ltr'><strong>possint</strong></span> <span class='ocrx_word' id='word_1_52' title='bbox 479 1211 511 1265; x_wconf 88' lang='lat' dir='ltr'><strong>et</strong></span> <span class='ocrx_word' id='word_1_53' title='bbox 533 1220 630 1263; x_wconf 86' lang='lat' dir='ltr'><strong>novae</strong></span> <span class='ocrx_word' id='word_1_54' title='bbox 653 1201 837 1283; x_wconf 79' lang='lat' dir='ltr'>hypotheses</span> <span class='ocrx_word' id='word_1_55' title='bbox 859 1212 892 1264; x_wconf 90' lang='lat' dir='ltr'><strong>et</strong></span> <span class='ocrx_word' id='word_1_56' title='bbox 915 1202 971 1263; x_wconf 90' lang='lat' dir='ltr'><strong>hae</strong></span> <span class='ocrx_word' id='word_1_57' title='bbox 993 1202 1079 1282; x_wconf 82' lang='lat' dir='ltr'><strong>ipsae</strong></span> <span class='ocrx_word' id='word_1_58' title='bbox 1100 1201 1216 1264; x_wconf 91' lang='lat' dir='ltr'><strong>orbium</strong></span> <span class='ocrx_word' id='word_1_59' title='bbox 1241 1202 1441 1268; x_wconf 80' lang='lat' dir='ltr'><strong>dimensiones</strong></span> 
     </span>
     <span class='ocr_line' id='line_1_9' title="bbox 105 1289 1441 1398; baseline 0.001 -41"><span class='ocrx_word' id='word_1_60' title='bbox 105 1295 308 1398; x_wconf 87' lang='lat' dir='ltr'><strong>operuicauae</strong></span> <span class='ocrx_word' id='word_1_61' title='bbox 331 1293 508 1366; x_wconf 81' lang='lat' dir='ltr'><strong>confirmari,</strong></span> <span class='ocrx_word' id='word_1_62' title='bbox 532 1300 622 1371; x_wconf 86' lang='lat' dir='ltr'><strong>atque</strong></span> <span class='ocrx_word' id='word_1_63' title='bbox 646 1290 675 1351; x_wconf 93' lang='lat' dir='ltr'><strong>in</strong></span> <span class='ocrx_word' id='word_1_64' title='bbox 699 1290 891 1370; x_wconf 80' lang='lat' dir='ltr'><strong>proportione</strong></span> <span class='ocrx_word' id='word_1_65' title='bbox 915 1299 1047 1353; x_wconf 89' lang='lat' dir='ltr'><strong>motuum</strong></span> <span class='ocrx_word' id='word_1_66' title='bbox 1071 1289 1149 1353; x_wconf 89' lang='lat' dir='ltr'><strong>ad’</strong></span> <span class='ocrx_word' id='word_1_67' title='bbox 1130 1313 1306 1370; x_wconf 76' lang='grc' dir='ltr'><strong><em>αποςηματα</em></strong></span> <span class='ocrx_word' id='word_1_68' title='bbox 1329 1295 1441 1359; x_wconf 76' lang='lat' dir='ltr'><strong><em>certior</em></strong></span> 
     </span>
     <span class='ocr_line' id='line_1_10' title="bbox 105 1379 1440 1467; baseline 0 -21"><span class='ocrx_word' id='word_1_69' title='bbox 105 1382 158 1446; x_wconf 80' lang='lat' dir='ltr'><strong>tio</strong></span> <span class='ocrx_word' id='word_1_70' title='bbox 183 1401 222 1444; x_wconf 81' lang='lat' dir='ltr'><strong>cx</strong></span> <span class='ocrx_word' id='word_1_71' title='bbox 246 1381 423 1467; x_wconf 84' lang='lat' dir='ltr'><strong>Copemico‚</strong></span> <span class='ocrx_word' id='word_1_72' title='bbox 449 1389 543 1463; x_wconf 77' lang='lat' dir='ltr'><strong>qnam·</strong></span> <span class='ocrx_word' id='word_1_73' title='bbox 562 1398 600 1440; x_wconf 87' lang='lat' dir='ltr'><strong>ex</strong></span> <span class='ocrx_word' id='word_1_74' title='bbox 625 1379 746 1440; x_wconf 87' lang='lat' dir='ltr'><strong>usitatis</strong></span> <span class='ocrx_word' id='word_1_75' title='bbox 771 1379 998 1460; x_wconf 75' lang='lat' dir='ltr'>hypothesibus,</span> <span class='ocrx_word' id='word_1_76' title='bbox 1022 1381 1134 1444; x_wconf 88' lang='lat' dir='ltr'><strong>haberi.</strong></span> <span class='ocrx_word' id='word_1_77' title='bbox 1182 1379 1299 1452; x_wconf 86' lang='lat' dir='ltr'><strong>Quam</strong></span> <span class='ocrx_word' id='word_1_78' title='bbox 1315 1402 1346 1444; x_wconf 88' lang='lat' dir='ltr'><strong>re</strong></span> <span class='ocrx_word' id='word_1_79' title='bbox 1371 1384 1440 1446; x_wconf 91' lang='lat' dir='ltr'><strong>dnm</strong></span> 
     </span>
     <span class='ocr_line' id='line_1_11' title="bbox 105 1466 1440 1553; baseline 0.001 -19"><span class='ocrx_word' id='word_1_80' title='bbox 105 1470 294 1552; x_wconf 80' lang='lat' dir='ltr'><strong>uplitndiues</strong></span> <span class='ocrx_word' id='word_1_81' title='bbox 318 1471 432 1534; x_wconf 88' lang='lat' dir='ltr'><strong>orbium</strong></span> <span class='ocrx_word' id='word_1_82' title='bbox 460 1469 613 1549; x_wconf 84' lang='lat' dir='ltr'><strong>proximas</strong></span> <span class='ocrx_word' id='word_1_83' title='bbox 637 1466 853 1547; x_wconf 87' lang='lat' dir='ltr'><strong>Cepernicauis</strong></span> <span class='ocrx_word' id='word_1_84' title='bbox 881 1488 920 1529; x_wconf 88' lang='lat' dir='ltr'><strong>ex</strong></span> <span class='ocrx_word' id='word_1_85' title='bbox 942 1477 1074 1530; x_wconf 91' lang='lat' dir='ltr'><strong>motuum</strong></span> <span class='ocrx_word' id='word_1_86' title='bbox 1097 1474 1273 1548; x_wconf 69' lang='lat' dir='ltr'><strong>rependente</strong></span> <span class='ocrx_word' id='word_1_87' title='bbox 1296 1473 1440 1553; x_wconf 91' lang='lat' dir='ltr'><strong>tempori-</strong></span> 
     </span>
     <span class='ocr_line' id='line_1_12' title="bbox 105 1554 1441 1642; baseline 0.001 -19"><span class='ocrx_word' id='word_1_88' title='bbox 105 1581 132 1624; x_wconf 79' lang='grc' dir='ltr'><strong>ιιι</strong></span> <span class='ocrx_word' id='word_1_89' title='bbox 157 1561 252 1622; x_wconf 91' lang='lat' dir='ltr'><strong>bene</strong></span> <span class='ocrx_word' id='word_1_90' title='bbox 262 1560 393 1640; x_wconf 84' lang='lat' dir='ltr'><strong>cognitis</strong></span> <span class='ocrx_word' id='word_1_91' title='bbox 417 1570 550 1633; x_wconf 85' lang='lat' dir='ltr'><strong><em>exstruo,</em></strong></span> <span class='ocrx_word' id='word_1_92' title='bbox 576 1558 644 1618; x_wconf 85' lang='lat' dir='ltr'><strong>fave</strong></span> <span class='ocrx_word' id='word_1_93' title='bbox 669 1557 766 1619; x_wconf 88' lang='lat' dir='ltr'><strong>facilis</strong></span> <span class='ocrx_word' id='word_1_94' title='bbox 781 1554 893 1619; x_wconf 80' lang='lat' dir='ltr'><strong>Uranie</strong></span> <span class='ocrx_word' id='word_1_95' title='bbox 916 1558 1114 1637; x_wconf 89' lang='lat' dir='ltr'><strong>pulcherrimo</strong></span> <span class='ocrx_word' id='word_1_96' title='bbox 1133 1560 1263 1636; x_wconf 84' lang='lat' dir='ltr'><strong>conatui,</strong></span> <span class='ocrx_word' id='word_1_97' title='bbox 1289 1570 1358 1623; x_wconf 89' lang='lat' dir='ltr'><strong>tuus</strong></span> <span class='ocrx_word' id='word_1_98' title='bbox 1377 1563 1441 1642; x_wconf 92' lang='lat' dir='ltr'><strong>jam</strong></span> 
     </span>
     <span class='ocr_line' id='line_1_13' title="bbox 105 1650 308 1729; baseline -0.015 -16"><span class='ocrx_word' id='word_1_99' title='bbox 105 1670 173 1713; x_wconf 85' lang='lat' dir='ltr'><strong>moa</strong></span> <span class='ocrx_word' id='word_1_100' title='bbox 198 1650 308 1729; x_wconf 82' lang='lat' dir='ltr'><strong>agitur.</strong></span> 
     </span>
    </p>

    <p class='ocr_par' dir='ltr' id='par_1_4' title="bbox 103 1733 1443 3773">
     <span class='ocr_line' id='line_1_14' title="bbox 167 1733 1443 1817; baseline -0.002 -16"><span class='ocrx_word' id='word_1_101' title='bbox 167 1739 303 1802; x_wconf 89' lang='lat' dir='ltr'><strong>Primum</strong></span> <span class='ocrx_word' id='word_1_102' title='bbox 332 1755 435 1799; x_wconf 88' lang='lat' dir='ltr'><strong>omnes</strong></span> <span class='ocrx_word' id='word_1_103' title='bbox 464 1742 587 1814; x_wconf 85' lang='lat' dir='ltr'><strong>optant,</strong></span> <span class='ocrx_word' id='word_1_104' title='bbox 620 1743 653 1795; x_wconf 91' lang='lat' dir='ltr'><strong>ut</strong></span> <span class='ocrx_word' id='word_1_105' title='bbox 681 1752 738 1815; x_wconf 94' lang='lat' dir='ltr'><strong>quo</strong></span> <span class='ocrx_word' id='word_1_106' title='bbox 764 1733 878 1813; x_wconf 86' lang='lat' dir='ltr'><strong>longius</strong></span> <span class='ocrx_word' id='word_1_107' title='bbox 907 1734 1033 1814; x_wconf 85' lang='lat' dir='ltr'><strong>quilibet</strong></span> <span class='ocrx_word' id='word_1_108' title='bbox 1065 1735 1146 1797; x_wconf 86' lang='lat' dir='ltr'><strong>orbis</strong></span> <span class='ocrx_word' id='word_1_109' title='bbox 1175 1735 1263 1799; x_wconf 87' lang='lat' dir='ltr'><strong>abest</strong></span> <span class='ocrx_word' id='word_1_110' title='bbox 1293 1738 1443 1817; x_wconf 76' lang='lat' dir='ltr'><strong>amedio²</strong></span> 
     </span>
     <span class='ocr_line' id='line_1_15' title="bbox 105 1822 1440 1903; baseline -0.002 -12"><span class='ocrx_word' id='word_1_111' title='bbox 105 1838 164 1890; x_wconf 87' lang='lat' dir='ltr'><strong>oto</strong></span> <span class='ocrx_word' id='word_1_112' title='bbox 194 1827 322 1891; x_wconf 89' lang='lat' dir='ltr'><strong>tardiori</strong></span> <span class='ocrx_word' id='word_1_113' title='bbox 350 1834 433 1888; x_wconf 90' lang='lat' dir='ltr'><strong>motu</strong></span> <span class='ocrx_word' id='word_1_114' title='bbox 462 1823 591 1886; x_wconf 88' lang='lat' dir='ltr'><strong>incedat.</strong></span> <span class='ocrx_word' id='word_1_115' title='bbox 632 1822 716 1884; x_wconf 78' lang='lat' dir='ltr'><strong>Nihil</strong></span> <span class='ocrx_word' id='word_1_116' title='bbox 745 1823 823 1884; x_wconf 86' lang='lat' dir='ltr'><strong>euim</strong></span> <span class='ocrx_word' id='word_1_117' title='bbox 853 1823 962 1884; x_wconf 90' lang='lat' dir='ltr'><strong>rationi</strong></span> <span class='ocrx_word' id='word_1_118' title='bbox 995 1824 1091 1903; x_wconf 82' lang='lat' dir='ltr'><strong>magis</strong></span> <span class='ocrx_word' id='word_1_119' title='bbox 1120 1831 1169 1885; x_wconf 89' lang='lat' dir='ltr'><strong>est</strong></span> <span class='ocrx_word' id='word_1_120' title='bbox 1197 1834 1440 1902; x_wconf 84' lang='lat' dir='ltr'><strong>consentaneum,</strong></span> 
     </span>
     <span class='ocr_line' id='line_1_16' title="bbox 105 1908 1443 1992; baseline 0 -13"><span class='ocrx_word' id='word_1_121' title='bbox 105 1926 159 1980; x_wconf 86' lang='lat' dir='ltr'><strong>ste</strong></span> <span class='ocrx_word' id='word_1_122' title='bbox 184 1916 284 1979; x_wconf 88' lang='lat' dir='ltr'><strong>Arist.</strong></span> <span class='ocrx_word' id='word_1_123' title='bbox 313 1915 366 1978; x_wconf 90' lang='lat' dir='ltr'><strong>lib.</strong></span> <span class='ocrx_word' id='word_1_124' title='bbox 390 1915 430 1977; x_wconf 91' lang='lat'><strong>11.</strong></span> <span class='ocrx_word' id='word_1_125' title='bbox 456 1913 493 1974; x_wconf 93' lang='lat' dir='ltr'><strong>de</strong></span> <span class='ocrx_word' id='word_1_126' title='bbox 518 1909 611 1974; x_wconf 93' lang='lat' dir='ltr'><strong>Coelo</strong></span> <span class='ocrx_word' id='word_1_127' title='bbox 634 1929 700 1990; x_wconf 84' lang='lat' dir='ltr'><strong>cup.</strong></span> <span class='ocrx_word' id='word_1_128' title='bbox 729 1908 778 1974; x_wconf 85' lang='lat'><strong>10.</strong></span> <span class='ocrx_word' id='word_1_129' title='bbox 809 1930 896 1992; x_wconf 85' lang='lat' dir='ltr'><strong>quam</strong></span> <span class='ocrx_word' id='word_1_130' title='bbox 930 1935 1003 1974; x_wconf 81' lang='grc' dir='ltr'><strong><em>κατα</em></strong></span> <span class='ocrx_word' id='word_1_131' title='bbox 1031 1915 1116 1991; x_wconf 75' lang='lat' dir='ltr'><strong>loyor</strong></span> <span class='ocrx_word' id='word_1_132' title='bbox 1138 1917 1283 1992; x_wconf 74' lang='lat' dir='ltr'><strong>yayraotiur</strong></span> <span class='ocrx_word' id='word_1_133' title='bbox 1305 1937 1359 1986; x_wconf 76' lang='grc' dir='ltr'><strong>τας</strong></span> <span class='ocrx_word' id='word_1_134' title='bbox 1381 1911 1443 1979; x_wconf 80' lang='lat' dir='ltr'><strong>iuo-</strong></span> 
     </span>
     <span class='ocr_line' id='line_1_17' title="bbox 105 1997 1442 2083; baseline 0 -15"><span class='ocrx_word' id='word_1_135' title='bbox 105 2031 126 2068; x_wconf 82' lang='grc' dir='ltr'><strong><em>ν</em></strong></span> <span class='ocrx_word' id='word_1_136' title='bbox 160 2028 285 2083; x_wconf 66' lang='grc' dir='ltr'><strong>κινησιις</strong></span> <span class='ocrx_word' id='word_1_137' title='bbox 311 2026 372 2075; x_wconf 71' lang='lat' dir='ltr'><strong>rore</strong></span> <span class='ocrx_word' id='word_1_138' title='bbox 400 2001 580 2079; x_wconf 76' lang='grc' dir='ltr'><strong><em>ἀποςημασι.</em></strong></span> <span class='ocrx_word' id='word_1_139' title='bbox 628 1997 695 2070; x_wconf 87' lang='lat' dir='ltr'><strong>Quo</strong></span> <span class='ocrx_word' id='word_1_140' title='bbox 725 2000 789 2062; x_wconf 91' lang='lat' dir='ltr'><strong>loco</strong></span> <span class='ocrx_word' id='word_1_141' title='bbox 819 2001 878 2061; x_wconf 87' lang='lat' dir='ltr'><strong>etsi</strong></span> <span class='ocrx_word' id='word_1_142' title='bbox 906 2001 1102 2081; x_wconf 88' lang='lat' dir='ltr'><strong>philosophus</strong></span> <span class='ocrx_word' id='word_1_143' title='bbox 1131 2002 1259 2064; x_wconf 85' lang='lat' dir='ltr'><strong>alienam</strong></span> <span class='ocrx_word' id='word_1_144' title='bbox 1288 2004 1375 2067; x_wconf 82' lang='lat' dir='ltr'><strong>affert</strong></span> <span class='ocrx_word' id='word_1_145' title='bbox 1403 2006 1442 2068; x_wconf 87' lang='lat' dir='ltr'><strong>ab</strong></span> 
     </span>
     <span class='ocr_line' id='line_1_18' title="bbox 105 2089 1441 2168; baseline -0.001 -11"><span class='ocrx_word' id='word_1_146' title='bbox 105 2096 223 2158; x_wconf 77' lang='lat' dir='ltr'><strong>stituto</strong></span> <span class='ocrx_word' id='word_1_147' title='bbox 252 2102 355 2155; x_wconf 89' lang='lat' dir='ltr'><strong>nostro</strong></span> <span class='ocrx_word' id='word_1_148' title='bbox 386 2091 533 2154; x_wconf 89' lang='lat' dir='ltr'><strong>rationem</strong></span> <span class='ocrx_word' id='word_1_149' title='bbox 564 2090 706 2160; x_wconf 87' lang='lat' dir='ltr'><strong>alteram,</strong></span> <span class='ocrx_word' id='word_1_150' title='bbox 739 2090 856 2150; x_wconf 87' lang='lat' dir='ltr'><strong>scilicet</strong></span> <span class='ocrx_word' id='word_1_151' title='bbox 885 2089 1128 2168; x_wconf 86' lang='lat' dir='ltr'><strong>impedimentum</strong></span> <span class='ocrx_word' id='word_1_152' title='bbox 1162 2091 1200 2152; x_wconf 87' lang='lat' dir='ltr'><strong>ab</strong></span> <span class='ocrx_word' id='word_1_153' title='bbox 1233 2094 1441 2155; x_wconf 84' lang='lat' dir='ltr'><strong>occursatione</strong></span> 
     </span>
     <span class='ocr_line' id='line_1_19' title="bbox 105 2178 1442 2263; baseline -0.001 -16"><span class='ocrx_word' id='word_1_154' title='bbox 105 2181 282 2248; x_wconf 88' lang='lat' dir='ltr'><strong>rnicissimi</strong></span> <span class='ocrx_word' id='word_1_155' title='bbox 304 2181 393 2263; x_wconf 87' lang='lat' dir='ltr'><strong>primi</strong></span> <span class='ocrx_word' id='word_1_156' title='bbox 417 2179 549 2252; x_wconf 88' lang='lat' dir='ltr'><strong>mobilis,</strong></span> <span class='ocrx_word' id='word_1_157' title='bbox 583 2187 683 2239; x_wconf 87' lang='lat' dir='ltr'><strong>tamen</strong></span> <span class='ocrx_word' id='word_1_158' title='bbox 708 2187 740 2238; x_wconf 89' lang='lat' dir='ltr'><strong>et</strong></span> <span class='ocrx_word' id='word_1_159' title='bbox 768 2179 865 2240; x_wconf 90' lang='lat' dir='ltr'><strong>altera</strong></span> <span class='ocrx_word' id='word_1_160' title='bbox 893 2178 1009 2240; x_wconf 89' lang='lat' dir='ltr'><strong>ratione</strong></span> <span class='ocrx_word' id='word_1_161' title='bbox 1032 2197 1086 2257; x_wconf 92' lang='lat' dir='ltr'><strong>pro</strong></span> <span class='ocrx_word' id='word_1_162' title='bbox 1114 2200 1161 2242; x_wconf 90' lang='lat' dir='ltr'><strong>me</strong></span> <span class='ocrx_word' id='word_1_163' title='bbox 1190 2180 1286 2243; x_wconf 91' lang='lat' dir='ltr'><strong>adhuc</strong></span> <span class='ocrx_word' id='word_1_164' title='bbox 1314 2191 1346 2244; x_wconf 89' lang='lat' dir='ltr'><strong>et</strong></span> <span class='ocrx_word' id='word_1_165' title='bbox 1376 2192 1442 2245; x_wconf 86' lang='lat' dir='ltr'><strong>tota</strong></span> 
     </span>
     <span class='ocr_line' id='line_1_20' title="bbox 104 2267 1441 2348; baseline -0.004 -10"><span class='ocrx_word' id='word_1_166' title='bbox 104 2273 238 2339; x_wconf 87' lang='lat' dir='ltr'><strong>utentia</strong></span> <span class='ocrx_word' id='word_1_167' title='bbox 261 2281 367 2333; x_wconf 85' lang='lat' dir='ltr'><strong>contra</strong></span> <span class='ocrx_word' id='word_1_168' title='bbox 389 2269 597 2332; x_wconf 88' lang='lat' dir='ltr'><strong>Ptolemaeum</strong></span> <span class='ocrx_word' id='word_1_169' title='bbox 620 2273 784 2348; x_wconf 87' lang='lat' dir='ltr'><strong>contraque</strong></span> <span class='ocrx_word' id='word_1_170' title='bbox 809 2287 841 2328; x_wconf 90' lang='lat' dir='ltr'><strong>se</strong></span> <span class='ocrx_word' id='word_1_171' title='bbox 865 2267 962 2347; x_wconf 91' lang='lat' dir='ltr'><strong>ipsum</strong></span> <span class='ocrx_word' id='word_1_172' title='bbox 985 2268 1106 2330; x_wconf 83' lang='lat' dir='ltr'><strong>militat</strong></span> <span class='ocrx_word' id='word_1_173' title='bbox 1152 2269 1260 2332; x_wconf 86' lang='lat' dir='ltr'><strong>Placet</strong></span> <span class='ocrx_word' id='word_1_174' title='bbox 1287 2270 1331 2332; x_wconf 92' lang='lat' dir='ltr'><strong>illi</strong></span> <span class='ocrx_word' id='word_1_175' title='bbox 1354 2290 1441 2333; x_wconf 88' lang='lat' dir='ltr'><strong>nam-</strong></span> 
     </span>
     <span class='ocr_line' id='line_1_21' title="bbox 105 2354 1441 2440; baseline -0.003 -14"><span class='ocrx_word' id='word_1_176' title='bbox 105 2383 140 2438; x_wconf 87' lang='lat' dir='ltr'><strong>e,</strong></span> <span class='ocrx_word' id='word_1_177' title='bbox 170 2371 274 2424; x_wconf 90' lang='lat' dir='ltr'><strong>motus</strong></span> <span class='ocrx_word' id='word_1_178' title='bbox 297 2358 514 2440; x_wconf 88' lang='lat' dir='ltr'><strong>aequalitatem</strong></span> <span class='ocrx_word' id='word_1_179' title='bbox 537 2377 556 2418; x_wconf 86' lang='lat' dir='ltr'><strong>a</strong></span> <span class='ocrx_word' id='word_1_180' title='bbox 583 2356 747 2418; x_wconf 88' lang='lat' dir='ltr'><strong>motoribus</strong></span> <span class='ocrx_word' id='word_1_181' title='bbox 771 2356 800 2417; x_wconf 92' lang='lat' dir='ltr'><strong>in</strong></span> <span class='ocrx_word' id='word_1_182' title='bbox 825 2375 927 2418; x_wconf 89' lang='lat' dir='ltr'><strong>omues</strong></span> <span class='ocrx_word' id='word_1_183' title='bbox 951 2357 1039 2418; x_wconf 81' lang='lat' dir='ltr'><strong>orbes</strong></span> <span class='ocrx_word' id='word_1_184' title='bbox 1060 2354 1182 2433; x_wconf 58' lang='lat' dir='ltr'><strong>venires</strong></span> <span class='ocrx_word' id='word_1_185' title='bbox 1193 2358 1441 2439; x_wconf 85' lang='lat' dir='ltr'><strong>inaequalitatem</strong></span> 
     </span>
     <span class='ocr_line' id='line_1_22' title="bbox 104 2443 1439 2528; baseline -0.004 -12"><span class='ocrx_word' id='word_1_186' title='bbox 104 2453 195 2517; x_wconf 80' lang='lat' dir='ltr'><strong>ditus</strong></span> <span class='ocrx_word' id='word_1_187' title='bbox 221 2449 258 2511; x_wconf 90' lang='lat' dir='ltr'><strong>ab</strong></span> <span class='ocrx_word' id='word_1_188' title='bbox 282 2449 403 2511; x_wconf 86' lang='lat' dir='ltr'><strong>orbibus</strong></span> <span class='ocrx_word' id='word_1_189' title='bbox 427 2445 501 2527; x_wconf 87' lang='lat' dir='ltr'><strong>ipsis</strong></span> <span class='ocrx_word' id='word_1_190' title='bbox 525 2445 658 2507; x_wconf 83' lang='lat' dir='ltr'><strong>causari:</strong></span> <span class='ocrx_word' id='word_1_191' title='bbox 684 2452 718 2506; x_wconf 89' lang='lat' dir='ltr'><strong>ut</strong></span> <span class='ocrx_word' id='word_1_192' title='bbox 741 2443 864 2506; x_wconf 88' lang='lat' dir='ltr'><strong>Saturni</strong></span> <span class='ocrx_word' id='word_1_193' title='bbox 889 2445 1006 2524; x_wconf 90' lang='lat' dir='ltr'><strong>quidem</strong></span> <span class='ocrx_word' id='word_1_194' title='bbox 1031 2446 1184 2527; x_wconf 86' lang='lat' dir='ltr'><strong>quaelibet</strong></span> <span class='ocrx_word' id='word_1_195' title='bbox 1201 2447 1352 2528; x_wconf 85' lang='lat' dir='ltr'><strong>particula</strong></span> <span class='ocrx_word' id='word_1_196' title='bbox 1376 2457 1439 2511; x_wconf 87' lang='lat' dir='ltr'><strong>tam</strong></span> 
     </span>
     <span class='ocr_line' id='line_1_23' title="bbox 104 2533 1443 2619; baseline -0.001 -17"><span class='ocrx_word' id='word_1_197' title='bbox 104 2592 108 2602; x_wconf 94' lang='lat'>.</span> <span class='ocrx_word' id='word_1_198' title='bbox 142 2541 255 2613; x_wconf 80' lang='lat' dir='ltr'><strong>velox,</strong></span> <span class='ocrx_word' id='word_1_199' title='bbox 290 2556 379 2619; x_wconf 89' lang='lat' dir='ltr'><strong>quam</strong></span> <span class='ocrx_word' id='word_1_200' title='bbox 408 2544 457 2598; x_wconf 90' lang='lat' dir='ltr'><strong>est</strong></span> <span class='ocrx_word' id='word_1_201' title='bbox 484 2534 584 2596; x_wconf 85' lang='lat' dir='ltr'><strong>infima</strong></span> <span class='ocrx_word' id='word_1_202' title='bbox 611 2534 716 2594; x_wconf 85' lang='lat' dir='ltr'><strong>Lunae</strong></span> <span class='ocrx_word' id='word_1_203' title='bbox 749 2534 880 2613; x_wconf 87' lang='lat' dir='ltr'><strong>sphaera</strong></span> <span class='ocrx_word' id='word_1_204' title='bbox 912 2533 941 2594; x_wconf 91' lang='lat' dir='ltr'><strong>vi</strong></span> <span class='ocrx_word' id='word_1_205' title='bbox 970 2536 1109 2597; x_wconf 86' lang='lat' dir='ltr'><strong>motionis</strong></span> <span class='ocrx_word' id='word_1_206' title='bbox 1137 2538 1287 2616; x_wconf 89' lang='lat' dir='ltr'><strong>aequalis:</strong></span> <span class='ocrx_word' id='word_1_207' title='bbox 1320 2538 1374 2600; x_wconf 92' lang='lat' dir='ltr'><strong>sed</strong></span> <span class='ocrx_word' id='word_1_208' title='bbox 1398 2537 1443 2600; x_wconf 93' lang='lat' dir='ltr'><strong>illi</strong></span> 
     </span>
     <span class='ocr_line' id='line_1_24' title="bbox 104 2622 1441 2703; baseline -0.003 -10"><span class='ocrx_word' id='word_1_209' title='bbox 104 2648 134 2693; x_wconf 81' lang='lat' dir='ltr'><strong>m</strong></span> <span class='ocrx_word' id='word_1_210' title='bbox 163 2628 297 2701; x_wconf 88' lang='lat' dir='ltr'><strong>aecidat,</strong></span> <span class='ocrx_word' id='word_1_211' title='bbox 322 2634 357 2688; x_wconf 93' lang='lat' dir='ltr'><strong>ut</strong></span> <span class='ocrx_word' id='word_1_212' title='bbox 378 2625 507 2703; x_wconf 80' lang='lat' dir='ltr'><strong>amplius</strong></span> <span class='ocrx_word' id='word_1_213' title='bbox 529 2631 623 2684; x_wconf 88' lang='lat' dir='ltr'><strong>nacta</strong></span> <span class='ocrx_word' id='word_1_214' title='bbox 645 2622 784 2703; x_wconf 87' lang='lat' dir='ltr'><strong>spatium,</strong></span> <span class='ocrx_word' id='word_1_215' title='bbox 809 2641 876 2683; x_wconf 91' lang='lat' dir='ltr'><strong>cnm</strong></span> <span class='ocrx_word' id='word_1_216' title='bbox 898 2641 956 2682; x_wconf 90' lang='lat' dir='ltr'><strong>nou</strong></span> <span class='ocrx_word' id='word_1_217' title='bbox 981 2623 1102 2685; x_wconf 90' lang='lat' dir='ltr'><strong>citatior</strong></span> <span class='ocrx_word' id='word_1_218' title='bbox 1125 2625 1166 2686; x_wconf 92' lang='lat' dir='ltr'><strong>sit</strong></span> <span class='ocrx_word' id='word_1_219' title='bbox 1180 2625 1299 2700; x_wconf 86' lang='lat' dir='ltr'><strong>ceteris,</strong></span> <span class='ocrx_word' id='word_1_220' title='bbox 1325 2626 1441 2689; x_wconf 88' lang='lat' dir='ltr'><strong>tardius</strong></span> 
     </span>
     <span class='ocr_line' id='line_1_25' title="bbox 104 2710 1441 2797; baseline -0.004 -15"><span class='ocrx_word' id='word_1_221' title='bbox 104 2720 200 2783; x_wconf 85' lang='lat' dir='ltr'><strong>deat.</strong></span> <span class='ocrx_word' id='word_1_222' title='bbox 252 2715 347 2797; x_wconf 87' lang='lat' dir='ltr'><strong>Atqui</strong></span> <span class='ocrx_word' id='word_1_223' title='bbox 380 2713 477 2775; x_wconf 89' lang='lat' dir='ltr'><strong>viliori</strong></span> <span class='ocrx_word' id='word_1_224' title='bbox 510 2713 566 2774; x_wconf 91' lang='lat' dir='ltr'><strong>hac</strong></span> <span class='ocrx_word' id='word_1_225' title='bbox 599 2710 783 2792; x_wconf 85' lang='lat' dir='ltr'><strong>aequalitate</strong></span> <span class='ocrx_word' id='word_1_226' title='bbox 816 2712 1011 2791; x_wconf 90' lang='lat' dir='ltr'><strong>philosophus</strong></span> <span class='ocrx_word' id='word_1_227' title='bbox 1045 2713 1073 2773; x_wconf 93' lang='lat' dir='ltr'><strong>in</strong></span> <span class='ocrx_word' id='word_1_228' title='bbox 1108 2722 1243 2776; x_wconf 87' lang='lat' dir='ltr'><strong>veterum</strong></span> <span class='ocrx_word' id='word_1_229' title='bbox 1279 2715 1441 2778; x_wconf 90' lang='lat' dir='ltr'><strong>traditione</strong></span> 
     </span>
     <span class='ocr_line' id='line_1_26' title="bbox 104 2800 1440 2885; baseline 0.003 -23"><span class='ocrx_word' id='word_1_230' title='bbox 104 2807 172 2873; x_wconf 68' lang='lat' dir='ltr'><strong>‚tiri</strong></span> <span class='ocrx_word' id='word_1_231' title='bbox 192 2824 253 2868; x_wconf 93' lang='lat' dir='ltr'><strong>nou</strong></span> <span class='ocrx_word' id='word_1_232' title='bbox 276 2803 390 2885; x_wconf 87' lang='lat' dir='ltr'><strong>potuit,</strong></span> <span class='ocrx_word' id='word_1_233' title='bbox 415 2802 485 2883; x_wconf 90' lang='lat' dir='ltr'><strong>qnia</strong></span> <span class='ocrx_word' id='word_1_234' title='bbox 508 2819 632 2863; x_wconf 90' lang='lat' dir='ltr'><strong>necesse</strong></span> <span class='ocrx_word' id='word_1_235' title='bbox 657 2809 737 2875; x_wconf 89' lang='lat' dir='ltr'><strong>erat,</strong></span> <span class='ocrx_word' id='word_1_236' title='bbox 762 2809 796 2863; x_wconf 92' lang='lat' dir='ltr'><strong>nt</strong></span> <span class='ocrx_word' id='word_1_237' title='bbox 818 2800 914 2861; x_wconf 90' lang='lat' dir='ltr'><strong>tribus</strong></span> <span class='ocrx_word' id='word_1_238' title='bbox 937 2801 1068 2880; x_wconf 86' lang='lat' dir='ltr'><strong>planetis</strong></span> <span class='ocrx_word' id='word_1_239' title='bbox 1092 2802 1291 2883; x_wconf 83' lang='lat' dir='ltr'><strong>inaequalium</strong></span> <span class='ocrx_word' id='word_1_240' title='bbox 1316 2805 1440 2879; x_wconf 88' lang='lat' dir='ltr'><strong>orbium,</strong></span> 
     </span>
     <span class='ocr_line' id='line_1_27' title="bbox 104 2890 1440 2973; baseline -0.004 -13"><span class='ocrx_word' id='word_1_241' title='bbox 104 2895 157 2973; x_wconf 63' lang='lat' dir='ltr'><strong>eli,</strong></span> <span class='ocrx_word' id='word_1_242' title='bbox 184 2895 314 2968; x_wconf 89' lang='lat' dir='ltr'><strong>Veneri,</strong></span> <span class='ocrx_word' id='word_1_243' title='bbox 339 2891 488 2955; x_wconf 91' lang='lat' dir='ltr'><strong>Mercurio</strong></span> <span class='ocrx_word' id='word_1_244' title='bbox 512 2891 654 2970; x_wconf 84' lang='lat' dir='ltr'><strong>aequales</strong></span> <span class='ocrx_word' id='word_1_245' title='bbox 678 2890 793 2950; x_wconf 85' lang='lat' dir='ltr'><strong>reditus</strong></span> <span class='ocrx_word' id='word_1_246' title='bbox 817 2890 1000 2965; x_wconf 87' lang='lat' dir='ltr'><strong>tribuerent,</strong></span> <span class='ocrx_word' id='word_1_247' title='bbox 1025 2898 1115 2969; x_wconf 90' lang='lat' dir='ltr'><strong>atque</strong></span> <span class='ocrx_word' id='word_1_248' title='bbox 1139 2891 1182 2952; x_wconf 88' lang='lat' dir='ltr'><strong>sic</strong></span> <span class='ocrx_word' id='word_1_249' title='bbox 1206 2910 1325 2972; x_wconf 85' lang='lat' dir='ltr'><strong>semper</strong></span> <span class='ocrx_word' id='word_1_250' title='bbox 1347 2911 1440 2972; x_wconf 89' lang='lat' dir='ltr'><strong>snpe-</strong></span> 
     </span>
     <span class='ocr_line' id='line_1_28' title="bbox 104 2976 1441 3061; baseline -0.003 -13"><span class='ocrx_word' id='word_1_251' title='bbox 104 3003 192 3050; x_wconf 77' lang='lat' dir='ltr'><strong>&gt;rem</strong></span> <span class='ocrx_word' id='word_1_252' title='bbox 217 2984 246 3044; x_wconf 89' lang='lat' dir='ltr'><strong>io</strong></span> <span class='ocrx_word' id='word_1_253' title='bbox 269 2981 341 3044; x_wconf 88' lang='lat' dir='ltr'><strong>orbe</strong></span> <span class='ocrx_word' id='word_1_254' title='bbox 365 2999 419 3043; x_wconf 87' lang='lat' dir='ltr'><strong>sno</strong></span> <span class='ocrx_word' id='word_1_255' title='bbox 442 2979 612 3042; x_wconf 89' lang='lat' dir='ltr'><strong>citatiorem</strong></span> <span class='ocrx_word' id='word_1_256' title='bbox 636 2979 790 3040; x_wconf 87' lang='lat' dir='ltr'><strong>efficerent</strong></span> <span class='ocrx_word' id='word_1_257' title='bbox 804 2977 946 3040; x_wconf 86' lang='lat' dir='ltr'><strong>inferiori.</strong></span> <span class='ocrx_word' id='word_1_258' title='bbox 992 2981 1026 3041; x_wconf 92' lang='lat' dir='ltr'><strong>ln</strong></span> <span class='ocrx_word' id='word_1_259' title='bbox 1043 2976 1208 3061; x_wconf 84' lang='lat' dir='ltr'><strong>Cepernico</strong></span> <span class='ocrx_word' id='word_1_260' title='bbox 1226 2981 1324 3060; x_wconf 87' lang='lat' dir='ltr'><strong>prima</strong></span> <span class='ocrx_word' id='word_1_261' title='bbox 1342 2981 1441 3044; x_wconf 74' lang='lat' dir='ltr'><strong>boote</strong></span> 
     </span>
     <span class='ocr_line' id='line_1_29' title="bbox 104 3066 1441 3150; baseline -0.004 -12"><span class='ocrx_word' id='word_1_262' title='bbox 104 3076 154 3138; x_wconf 82' lang='lat' dir='ltr'><strong>lis</strong></span> <span class='ocrx_word' id='word_1_263' title='bbox 180 3073 270 3136; x_wconf 84' lang='lat' dir='ltr'><strong>offert</strong></span> <span class='ocrx_word' id='word_1_264' title='bbox 293 3090 360 3133; x_wconf 92' lang='lat' dir='ltr'><strong>sese</strong></span> <span class='ocrx_word' id='word_1_265' title='bbox 383 3069 547 3149; x_wconf 89' lang='lat' dir='ltr'><strong>proportio.</strong></span> <span class='ocrx_word' id='word_1_266' title='bbox 594 3067 673 3131; x_wconf 75' lang='lat' dir='ltr'><strong>Nam</strong></span> <span class='ocrx_word' id='word_1_267' title='bbox 695 3087 749 3129; x_wconf 86' lang='lat' dir='ltr'><strong>sex</strong></span> <span class='ocrx_word' id='word_1_268' title='bbox 773 3067 886 3128; x_wconf 90' lang='lat' dir='ltr'><strong>orbium</strong></span> <span class='ocrx_word' id='word_1_269' title='bbox 902 3066 1053 3130; x_wconf 88' lang='lat' dir='ltr'><strong>mobilium</strong></span> <span class='ocrx_word' id='word_1_270' title='bbox 1072 3086 1191 3148; x_wconf 88' lang='lat' dir='ltr'><strong>semper</strong></span> <span class='ocrx_word' id='word_1_271' title='bbox 1213 3069 1262 3150; x_wconf 89' lang='lat' dir='ltr'><strong>qni</strong></span> <span class='ocrx_word' id='word_1_272' title='bbox 1287 3070 1441 3150; x_wconf 78' lang='lat' dir='ltr'><strong>angustior</strong></span> 
     </span>
     <span class='ocr_line' id='line_1_30' title="bbox 104 3155 1440 3240; baseline -0.001 -16"><span class='ocrx_word' id='word_1_273' title='bbox 104 3173 135 3240; x_wconf 86' lang='lat' dir='ltr'><strong>t,</strong></span> <span class='ocrx_word' id='word_1_274' title='bbox 164 3163 255 3224; x_wconf 89' lang='lat' dir='ltr'><strong>citius</strong></span> <span class='ocrx_word' id='word_1_275' title='bbox 279 3160 368 3222; x_wconf 88' lang='lat' dir='ltr'><strong>redit.</strong></span> <span class='ocrx_word' id='word_1_276' title='bbox 414 3157 557 3221; x_wconf 88' lang='lat' dir='ltr'><strong>Mercurii</strong></span> <span class='ocrx_word' id='word_1_277' title='bbox 581 3175 707 3237; x_wconf 88' lang='lat' dir='ltr'><strong>namque</strong></span> <span class='ocrx_word' id='word_1_278' title='bbox 731 3176 835 3219; x_wconf 88' lang='lat' dir='ltr'><strong>curans</strong></span> <span class='ocrx_word' id='word_1_279' title='bbox 850 3155 1013 3219; x_wconf 76' lang='lat' dir='ltr'><strong>trimestris</strong></span> <span class='ocrx_word' id='word_1_280' title='bbox 1032 3166 1089 3232; x_wconf 89' lang='lat' dir='ltr'><strong>est,</strong></span> <span class='ocrx_word' id='word_1_281' title='bbox 1114 3157 1245 3221; x_wconf 89' lang='lat' dir='ltr'><strong>Veneris</strong></span> <span class='ocrx_word' id='word_1_282' title='bbox 1269 3160 1440 3240; x_wconf 87' lang='lat' dir='ltr'><strong>sesquiocto</strong></span> 
     </span>
     <span class='ocr_line' id='line_1_31' title="bbox 103 3245 1441 3329; baseline -0.004 -13"><span class='ocrx_word' id='word_1_283' title='bbox 103 3253 242 3322; x_wconf 87' lang='lat' dir='ltr'><strong>ensium,</strong></span> <span class='ocrx_word' id='word_1_284' title='bbox 274 3250 386 3311; x_wconf 89' lang='lat' dir='ltr'><strong>Terrae</strong></span> <span class='ocrx_word' id='word_1_285' title='bbox 411 3266 541 3320; x_wconf 90' lang='lat' dir='ltr'><strong>annuus,</strong></span> <span class='ocrx_word' id='word_1_286' title='bbox 575 3246 685 3308; x_wconf 86' lang='lat' dir='ltr'><strong>Martis</strong></span> <span class='ocrx_word' id='word_1_287' title='bbox 710 3245 820 3320; x_wconf 89' lang='lat' dir='ltr'><strong>bimus,</strong></span> <span class='ocrx_word' id='word_1_288' title='bbox 853 3245 940 3309; x_wconf 86' lang='lat' dir='ltr'><strong>Jovis</strong></span> <span class='ocrx_word' id='word_1_289' title='bbox 965 3247 1133 3321; x_wconf 88' lang='lat' dir='ltr'><strong>duodecim,</strong></span> <span class='ocrx_word' id='word_1_290' title='bbox 1167 3245 1291 3311; x_wconf 89' lang='lat' dir='ltr'><strong>Saturni</strong></span> <span class='ocrx_word' id='word_1_291' title='bbox 1315 3249 1441 3329; x_wconf 79' lang='lat' dir='ltr'><strong>triginta</strong></span> 
     </span>
     <span class='ocr_line' id='line_1_32' title="bbox 103 3336 1441 3417; baseline -0.001 -13"><span class='ocrx_word' id='word_1_292' title='bbox 103 3359 238 3404; x_wconf 80' lang='lat' dir='ltr'><strong>unorum.</strong></span> <span class='ocrx_word' id='word_1_293' title='bbox 288 3339 399 3399; x_wconf 89' lang='lat' dir='ltr'><strong>Verum</strong></span> <span class='ocrx_word' id='word_1_294' title='bbox 424 3338 449 3398; x_wconf 90' lang='lat' dir='ltr'><strong>si</strong></span> <span class='ocrx_word' id='word_1_295' title='bbox 473 3336 512 3398; x_wconf 91' lang='lat' dir='ltr'><strong>ad</strong></span> <span class='ocrx_word' id='word_1_296' title='bbox 535 3337 666 3397; x_wconf 88' lang='lat' dir='ltr'><strong>calculos</strong></span> <span class='ocrx_word' id='word_1_297' title='bbox 690 3354 823 3410; x_wconf 89' lang='lat' dir='ltr'><strong>revoces,</strong></span> <span class='ocrx_word' id='word_1_298' title='bbox 848 3337 893 3396; x_wconf 90' lang='lat' dir='ltr'><strong>ita</strong></span> <span class='ocrx_word' id='word_1_299' title='bbox 916 3343 951 3398; x_wconf 87' lang='lat' dir='ltr'><strong>nt</strong></span> <span class='ocrx_word' id='word_1_300' title='bbox 973 3344 1086 3416; x_wconf 84' lang='lat' dir='ltr'><strong>quanta</strong></span> <span class='ocrx_word' id='word_1_301' title='bbox 1106 3343 1156 3397; x_wconf 86' lang='lat' dir='ltr'><strong>est</strong></span> <span class='ocrx_word' id='word_1_302' title='bbox 1174 3338 1327 3417; x_wconf 90' lang='lat' dir='ltr'><strong>proportio</strong></span> <span class='ocrx_word' id='word_1_303' title='bbox 1342 3348 1441 3401; x_wconf 86' lang='lat' dir='ltr'><strong>motus</strong></span> 
     </span>
     <span class='ocr_line' id='line_1_33' title="bbox 103 3424 1440 3508; baseline -0.002 -15"><span class='ocrx_word' id='word_1_304' title='bbox 103 3430 207 3493; x_wconf 73' lang='lat' dir='ltr'><strong>sturni</strong></span> <span class='ocrx_word' id='word_1_305' title='bbox 231 3428 269 3489; x_wconf 88' lang='lat' dir='ltr'><strong>ad</strong></span> <span class='ocrx_word' id='word_1_306' title='bbox 303 3427 447 3489; x_wconf 87' lang='lat' dir='ltr'><strong>ambitum</strong></span> <span class='ocrx_word' id='word_1_307' title='bbox 480 3425 561 3487; x_wconf 86' lang='lat' dir='ltr'><strong>orbis</strong></span> <span class='ocrx_word' id='word_1_308' title='bbox 594 3425 658 3485; x_wconf 86' lang='lat' dir='ltr'><strong>aive</strong></span> <span class='ocrx_word' id='word_1_309' title='bbox 682 3424 720 3486; x_wconf 88' lang='lat' dir='ltr'><strong>ad</strong></span> <span class='ocrx_word' id='word_1_310' title='bbox 752 3424 928 3486; x_wconf 84' lang='lat' dir='ltr'><strong>distantiam</strong></span> <span class='ocrx_word' id='word_1_311' title='bbox 960 3424 1081 3497; x_wconf 87' lang='lat' dir='ltr'><strong>(eadem</strong></span> <span class='ocrx_word' id='word_1_312' title='bbox 1112 3425 1191 3487; x_wconf 91' lang='lat' dir='ltr'><strong>enim</strong></span> <span class='ocrx_word' id='word_1_313' title='bbox 1213 3435 1262 3489; x_wconf 86' lang='lat' dir='ltr'><strong>est</strong></span> <span class='ocrx_word' id='word_1_314' title='bbox 1286 3428 1440 3508; x_wconf 90' lang='lat' dir='ltr'><strong>proportio</strong></span> 
     </span>
     <span class='ocr_line' id='line_1_34' title="bbox 103 3513 1440 3597; baseline -0.004 -14"><span class='ocrx_word' id='word_1_315' title='bbox 103 3520 268 3592; x_wconf 75' lang='lat' dir='ltr'><strong>oculorum,</strong></span> <span class='ocrx_word' id='word_1_316' title='bbox 293 3535 368 3597; x_wconf 88' lang='lat' dir='ltr'><strong>qnae</strong></span> <span class='ocrx_word' id='word_1_317' title='bbox 383 3514 698 3588; x_wconf 85' lang='lat' dir='ltr'><strong>semidiametrorum),</strong></span> <span class='ocrx_word' id='word_1_318' title='bbox 721 3522 840 3576; x_wconf 86' lang='lat' dir='ltr'><strong>tantam</strong></span> <span class='ocrx_word' id='word_1_319' title='bbox 855 3514 946 3576; x_wconf 85' lang='lat' dir='ltr'><strong>etiarn</strong></span> <span class='ocrx_word' id='word_1_320' title='bbox 967 3513 1060 3576; x_wconf 84' lang='lat' dir='ltr'><strong>facias</strong></span> <span class='ocrx_word' id='word_1_321' title='bbox 1084 3515 1304 3594; x_wconf 90' lang='lat' dir='ltr'><strong>proportionem</strong></span> <span class='ocrx_word' id='word_1_322' title='bbox 1319 3527 1440 3579; x_wconf 85' lang='lat' dir='ltr'><strong>cetero-</strong></span> 
     </span>
     <span class='ocr_line' id='line_1_35' title="bbox 103 3603 1440 3686; baseline -0.001 -16"><span class='ocrx_word' id='word_1_323' title='bbox 103 3627 147 3670; x_wconf 92' lang='lat' dir='ltr'><strong>nm</strong></span> <span class='ocrx_word' id='word_1_324' title='bbox 162 3616 297 3670; x_wconf 90' lang='lat' dir='ltr'><strong>motuum</strong></span> <span class='ocrx_word' id='word_1_325' title='bbox 320 3605 463 3683; x_wconf 82' lang='lat' dir='ltr'><strong>cujusque</strong></span> <span class='ocrx_word' id='word_1_326' title='bbox 488 3604 526 3665; x_wconf 91' lang='lat' dir='ltr'><strong>ad</strong></span> <span class='ocrx_word' id='word_1_327' title='bbox 550 3623 634 3664; x_wconf 86' lang='lat' dir='ltr'><strong>suum</strong></span> <span class='ocrx_word' id='word_1_328' title='bbox 658 3605 776 3665; x_wconf 90' lang='lat' dir='ltr'><strong>orbem:</strong></span> <span class='ocrx_word' id='word_1_329' title='bbox 801 3603 1008 3682; x_wconf 84' lang='lat' dir='ltr'><strong>deprehendes</strong></span> <span class='ocrx_word' id='word_1_330' title='bbox 1024 3603 1169 3683; x_wconf 89' lang='lat' dir='ltr'><strong>ejusmodi</strong></span> <span class='ocrx_word' id='word_1_331' title='bbox 1188 3604 1354 3684; x_wconf 86' lang='lat' dir='ltr'><strong>simplicem</strong></span> <span class='ocrx_word' id='word_1_332' title='bbox 1368 3624 1440 3686; x_wconf 91' lang='lat' dir='ltr'><strong>pro·</strong></span> 
     </span>
     <span class='ocr_line' id='line_1_36' title="bbox 105 3691 1336 3773; baseline -0.001 -16"><span class='ocrx_word' id='word_1_333' title='bbox 105 3699 249 3760; x_wconf 87' lang='lat' dir='ltr'><strong>ortionem</strong></span> <span class='ocrx_word' id='word_1_334' title='bbox 273 3713 330 3756; x_wconf 92' lang='lat' dir='ltr'><strong>uon</strong></span> <span class='ocrx_word' id='word_1_335' title='bbox 355 3694 466 3755; x_wconf 88' lang='lat' dir='ltr'><strong>habere</strong></span> <span class='ocrx_word' id='word_1_336' title='bbox 491 3694 597 3756; x_wconf 88' lang='lat' dir='ltr'><strong>locum.</strong></span> <span class='ocrx_word' id='word_1_337' title='bbox 646 3691 740 3773; x_wconf 88' lang='lat' dir='ltr'><strong>Cujus</strong></span> <span class='ocrx_word' id='word_1_338' title='bbox 765 3692 807 3753; x_wconf 88' lang='lat' dir='ltr'><strong>rei</strong></span> <span class='ocrx_word' id='word_1_339' title='bbox 830 3711 905 3771; x_wconf 90' lang='lat' dir='ltr'><strong>cape</strong></span> <span class='ocrx_word' id='word_1_340' title='bbox 929 3692 1006 3752; x_wconf 90' lang='lat' dir='ltr'><strong>hanc</strong></span> <span class='ocrx_word' id='word_1_341' title='bbox 1029 3692 1174 3753; x_wconf 88' lang='lat' dir='ltr'><strong>tabellam</strong></span> <span class='ocrx_word' id='word_1_342' title='bbox 1197 3691 1336 3756; x_wconf 88' lang='lat' dir='ltr'><strong>indicem.</strong></span> 
     </span>
    </p>
   </div>
   <div class='ocr_carea' id='block_1_4' title="bbox 103 3893 1042 4059">
    <p class='ocr_par' dir='ltr' id='par_1_5' title="bbox 103 3893 1042 4059">
     <span class='ocr_line' id='line_1_37' title="bbox 103 3893 1042 4059; baseline -0.013 4"><span class='ocrx_word' id='word_1_343' title='bbox 103 3893 703 4059; x_wconf 60' lang='lat' dir='ltr'><strong>·-”¹³‘&#39;“ci</strong></span> <span class='ocrx_word' id='word_1_344' title='bbox 869 3893 1042 4013; x_wconf 59' lang='lat' dir='ltr'><strong>*i</strong></span> 
     </span>
    </p>
   </div>
   <div class='ocr_carea' id='block_1_5' title="bbox 283 3996 442 4058">
    <p class='ocr_par' dir='ltr' id='par_1_6' title="bbox 283 3996 442 4058">
     <span class='ocr_line' id='line_1_38' title="bbox 283 3996 442 4058; baseline -0.006 0"><span class='ocrx_word' id='word_1_345' title='bbox 283 3996 356 4058; x_wconf 90' lang='lat' dir='ltr'><strong>Dies</strong></span> <span class='ocrx_word' id='word_1_346' title='bbox 392 4014 442 4058; x_wconf 87' lang='lat' dir='ltr'><strong>ser</strong></span> 
     </span>
    </p>
   </div>
   <div class='ocr_carea' id='block_1_6' title="bbox 103 4036 1042 4133">
    <p class='ocr_par' dir='ltr' id='par_1_7' title="bbox 103 4036 1042 4133">
     <span class='ocr_line' id='line_1_39' title="bbox 103 4036 1042 4133; baseline -0.02 -35"><span class='ocrx_word' id='word_1_347' title='bbox 103 4044 250 4099; x_wconf 46' lang='lat' dir='ltr'><strong>A..</strong></span> <span class='ocrx_word' id='word_1_348' title='bbox 259 4085 472 4095; x_wconf 64' lang='grc'><strong>,-...-</strong></span> <span class='ocrx_word' id='word_1_349' title='bbox 1039 4036 1042 4133; x_wconf 59' lang='lat' dir='ltr'><strong>p</strong></span> 
     </span>
    </p>
   </div>
   <div class='ocr_carea' id='block_1_7' title="bbox 136 4050 968 4231">
    <p class='ocr_par' dir='ltr' id='par_1_8' title="bbox 136 4050 968 4231">
     <span class='ocr_line' id='line_1_40' title="bbox 136 4050 968 4231; baseline -0.019 -59"><span class='ocrx_word' id='word_1_350' title='bbox 136 4050 968 4231; x_wconf 47' lang='lat' dir='ltr'><strong>pemmmfflwssdl5</strong></span> 
     </span>
    </p>
   </div>
   <div class='ocr_carea' id='block_1_8' title="bbox 179 4160 1373 4448">
    <p class='ocr_par' dir='ltr' id='par_1_9' title="bbox 179 4160 1209 4436">
     <span class='ocr_line' id='line_1_41' title="bbox 179 4160 1042 4279; baseline -0.016 -18"><span class='ocrx_word' id='word_1_351' title='bbox 179 4160 1042 4279; x_wconf 31' lang='lat' dir='ltr'><strong>comcomewss„</strong></span> 
     </span>
     <span class='ocr_line' id='line_1_42' title="bbox 306 4221 1307 4416; baseline -0.003 -70"><span class='ocrx_word' id='word_1_352' title='bbox 306 4281 388 4346; x_wconf 75' lang='grc' dir='ltr'><strong>Μ</strong></span> <span class='ocrx_word' id='word_1_353' title='bbox 472 4280 590 4345; x_wconf 73' lang='lat' dir='ltr'><strong>mm</strong></span> <span class='ocrx_word' id='word_1_354' title='bbox 703 4221 1307 4416; x_wconf 37' lang='grc' dir='ltr'><strong>ΜωΜΜὴΗ</strong></span> 
     </span>
     <span class='ocr_line' id='line_1_43' title="bbox 304 4329 1373 4448; baseline -0.003 -13"><span class='ocrx_word' id='word_1_355' title='bbox 304 4368 388 4435; x_wconf 79' lang='grc' dir='ltr'><strong>Μ</strong></span> <span class='ocrx_word' id='word_1_356' title='bbox 472 4348 588 4436; x_wconf 44' lang='grc' dir='ltr'><strong>ΛΜ</strong></span> <span class='ocrx_word' id='word_1_357' title='bbox 696 4329 1373 4448; x_wconf 61' lang='lat' dir='ltr'><strong>mrmew</strong></span> 
     </span>
    </p>
   </div>
   <div class='ocr_carea' id='block_1_9' title="bbox 322 4426 1371 4635">
    <p class='ocr_par' dir='ltr' id='par_1_10' title="bbox 322 4426 1371 4635">
     <span class='ocr_line' id='line_1_44' title="bbox 322 4426 1371 4538; baseline -0.007 -13"><span class='ocrx_word' id='word_1_358' title='bbox 322 4457 588 4525; x_wconf 72' lang='lat' dir='ltr'><strong>mrum</strong></span> <span class='ocrx_word' id='word_1_359' title='bbox 695 4426 1371 4538; x_wconf 64' lang='lat' dir='ltr'><strong>m=mmmem</strong></span> 
     </span>
     <span class='ocr_line' id='line_1_45' title="bbox 322 4517 1351 4635; baseline -0.001 -23"><span class='ocrx_word' id='word_1_360' title='bbox 322 4517 954 4635; x_wconf 60' lang='lat' dir='ltr'><strong>mimolmlffl</strong></span> <span class='ocrx_word' id='word_1_361' title='bbox 1039 4542 1124 4613; x_wconf 89' lang='grc' dir='ltr'><strong>Μ</strong></span> <span class='ocrx_word' id='word_1_362' title='bbox 1237 4545 1351 4611; x_wconf 68' lang='lat' dir='ltr'><strong>mm</strong></span> 
     </span>
    </p>
   </div>
   <div class='ocr_carea' id='block_1_10' title="bbox 102 4759 1437 4957">
    <p class='ocr_par' dir='ltr' id='par_1_11' title="bbox 102 4759 1437 4957">
     <span class='ocr_line' id='line_1_46' title="bbox 165 4759 1436 4850; baseline -0.006 -20"><span class='ocrx_word' id='word_1_363' title='bbox 165 4769 221 4830; x_wconf 89' lang='lat' dir='ltr'><strong>Hic</strong></span> <span class='ocrx_word' id='word_1_364' title='bbox 254 4768 357 4850; x_wconf 81' lang='lat' dir='ltr'><strong>capita</strong></span> <span class='ocrx_word' id='word_1_365' title='bbox 389 4768 611 4830; x_wconf 88' lang='lat' dir='ltr'><strong>columellamm</strong></span> <span class='ocrx_word' id='word_1_366' title='bbox 648 4768 804 4830; x_wconf 87' lang='lat' dir='ltr'><strong>continent</strong></span> <span class='ocrx_word' id='word_1_367' title='bbox 839 4766 904 4829; x_wconf 89' lang='lat' dir='ltr'><strong>dies</strong></span> <span class='ocrx_word' id='word_1_368' title='bbox 942 4773 974 4828; x_wconf 88' lang='lat' dir='ltr'><strong>et</strong></span> <span class='ocrx_word' id='word_1_369' title='bbox 1000 4765 1115 4827; x_wconf 90' lang='lat' dir='ltr'><strong>dierum</strong></span> <span class='ocrx_word' id='word_1_370' title='bbox 1142 4762 1297 4845; x_wconf 83' lang='lat' dir='ltr'><strong>scrupula,</strong></span> <span class='ocrx_word' id='word_1_371' title='bbox 1330 4759 1436 4842; x_wconf 87' lang='lat' dir='ltr'><strong>quibus</strong></span> 
     </span>
     <span class='ocr_line' id='line_1_47' title="bbox 102 4853 1437 4957; baseline -0.006 -35"><span class='ocrx_word' id='word_1_372' title='bbox 102 4859 308 4945; x_wconf 70' lang='lat' dir='ltr'><strong>pedoeeripti</strong></span> <span class='ocrx_word' id='word_1_373' title='bbox 329 4858 471 4943; x_wconf 89' lang='lat' dir='ltr'><strong>planetae</strong></span> <span class='ocrx_word' id='word_1_374' title='bbox 495 4857 551 4921; x_wconf 91' lang='lat' dir='ltr'><strong>snb</strong></span> <span class='ocrx_word' id='word_1_375' title='bbox 574 4857 646 4922; x_wconf 88' lang='lat' dir='ltr'><strong>orbe</strong></span> <span class='ocrx_word' id='word_1_376' title='bbox 669 4857 793 4957; x_wconf 83' lang='lat' dir='ltr'><strong>stellato</strong></span> <span class='ocrx_word' id='word_1_377' title='bbox 816 4876 889 4921; x_wconf 88' lang='lat' dir='ltr'><strong>snas</strong></span> <span class='ocrx_word' id='word_1_378' title='bbox 906 4854 1047 4957; x_wconf 62' lang='lat' dir='ltr'><strong>pepiodos</strong></span> <span class='ocrx_word' id='word_1_379' title='bbox 1069 4853 1241 4936; x_wconf 88' lang='lat' dir='ltr'><strong>complent:</strong></span> <span class='ocrx_word' id='word_1_380' title='bbox 1275 4860 1437 4934; x_wconf 89' lang='lat' dir='ltr'><strong>sequentes</strong></span> 
     </span>
    </p>
   </div>
   <div class='ocr_carea' id='block_1_11' title="bbox 0 0 1644 5542">
    <p class='ocr_par' dir='ltr' id='par_1_12' title="bbox 0 0 1644 5542">
     <span class='ocr_line' id='line_1_48' title="bbox 0 0 1644 5542; baseline 0 0"><span class='ocrx_word' id='word_1_381' title='bbox 0 0 1644 5542; x_wconf 95' lang='lat' dir='ltr'><strong> </strong></span> 
     </span>
    </p>
   </div>
  </div>
 </body>
</html>
