3278 5542
657 334 691 386 a.
706 334 781 386 cru·
799 336 961 403 utronno·
1425 335 1489 404 aaa
1548 363 1553 373 ·

127 508 184 572 per
207 493 309 572 polum
333 491 447 554 zodiaci
472 493 555 554 ducti
580 493 754 555 describere
778 492 906 556 circulos
930 496 1100 572 domorum,
1125 496 1352 577 intercipientes
1376 497 1491 561 zodiaci

127 580 275 660 aequalia
298 583 549 644 dodecatemoria.

221 669 366 750 Sequitur
389 670 495 731 modus
519 671 714 732 construendi
738 671 874 732 tabulam
898 672 1050 734 domorum
1075 673 1113 733 ad
1137 680 1266 734 mentem
1283 670 1392 746 Stadii,
1418 673 1490 736 Ma·

128 758 212 838 gisi,
236 758 396 828 Everardi,
420 759 528 833 Marii,
554 759 583 819 in
608 778 664 839 quo
689 761 846 838 contingit,
870 769 904 821 ut
927 780 1013 822 omne
1030 760 1148 822 initium
1173 762 1277 823 domus
1296 762 1351 823 XI.
1375 763 1491 825 duabus

126 847 215 908 boris
238 847 454 926 temporalibus
479 848 592 926 elapsis
616 849 720 910 veniat
742 848 780 909 ad
803 849 1013 922 meridianum,
1040 869 1126 910 omne
1149 849 1265 911 initium
1290 852 1394 912 domus
1417 851 1489 914 XII.

126 944 260 1016 quatuor
282 936 364 997 horis
388 936 605 1016 temporalibus
625 938 745 1010 eodem;
770 938 931 999 secundum
947 939 1065 998 modum
1089 938 1262 999 directionis
1282 940 1490 1002 aPtolernaeo

128 1025 297 1086 traditum:
324 1026 362 1086 ad
386 1026 572 1104 propositam
597 1026 785 1086 altitudinem
808 1026 869 1104 poli
895 1046 1004 1105 quaere
1028 1027 1158 1088 omnium
1172 1030 1318 1106 graduum
1333 1028 1491 1107 ecliptioae

127 1112 317 1193 integrorum
342 1113 566 1175 ascensionales
592 1114 787 1188 differentias,
812 1134 886 1194 quas
910 1115 1023 1176 habeut
1047 1116 1075 1177 in
1091 1116 1260 1190 horizonte;
1285 1117 1322 1177 de
1347 1117 1382 1177 iis
1406 1136 1490 1178 sume

124 1211 249 1284 partem
273 1201 408 1270 tertiam,
437 1209 469 1263 et
491 1202 584 1276 adde,
615 1204 640 1264 si
665 1204 917 1282 septentrionalia
940 1205 1028 1284 signa
1051 1204 1175 1277 inerint,
1208 1205 1247 1265 ad
1270 1200 1340 1278 30⁰,
1368 1215 1433 1280 ant,
1464 1205 1490 1265 si

127 1290 350 1366 meridionalia,
376 1291 471 1353 anser.
518 1290 673 1353 Summam
698 1293 746 1354 vel
769 1293 919 1353 residuum
944 1293 1029 1353 aufer
1053 1293 1146 1354 semel
1172 1293 1210 1354 ab
1229 1292 1267 1355 A.
1285 1293 1322 1356 R.
1343 1292 1491 1374 propositi

132 1381 267 1458 gradum,
302 1387 334 1440 et
357 1379 534 1458 relinquitur
561 1380 615 1441 tibi
639 1381 679 1443 A.
704 1381 741 1442 R.
765 1380 855 1442 medii
879 1380 970 1452 coeli,
994 1383 1072 1460 quod
1098 1381 1201 1455 fuerit,
1236 1383 1261 1450 si
1285 1383 1397 1462 gradus
1421 1390 1490 1443 tuns

130 1467 258 1530 steterit
281 1468 310 1528 in
335 1467 457 1546 cuspide
480 1467 537 1530 XI.
584 1468 618 1530 Si
643 1488 787 1531 summam
816 1470 864 1529 vel
888 1470 1038 1531 residuum
1058 1469 1104 1531 bis
1120 1469 1291 1544 abstuleris,
1317 1471 1491 1552 relinquitur

128 1558 174 1620 A.
200 1556 239 1619 R.
265 1557 355 1618 medii
378 1555 472 1631 coeli,
501 1558 713 1637 respondentis
737 1566 788 1619 tun
812 1559 918 1638 gradui
950 1559 978 1619 in
1002 1558 1074 1620 XII.
1101 1559 1259 1620 collocato.
1305 1561 1365 1621 Pro
1388 1557 1492 1620 inferis

129 1646 272 1708 domibus
294 1663 366 1726 pars
391 1644 483 1707 tertia
505 1646 693 1708 differentiae
719 1647 935 1709 ascensionalis
960 1656 1008 1708 est
1031 1649 1196 1709 auferenda
1220 1669 1238 1708 a
1262 1643 1331 1723 30⁰,
1356 1647 1494 1710 siluerit

129 1734 383 1816 septentrionalis
398 1743 467 1795 tuus
482 1735 605 1815 gradus,
621 1736 769 1808 addenda,
795 1736 820 1798 si
835 1737 1040 1798 meridionalis
1046 1756 1055 1810 3
1080 1745 1112 1797 et
1133 1737 1284 1799 residuum
1300 1737 1348 1798 vel
1368 1755 1492 1811 summa,

131 1824 232 1885 semel
257 1823 364 1885 addita
386 1823 426 1885 ad
448 1822 488 1884 A.
509 1823 549 1885 R.
578 1824 622 1886 tui
652 1826 778 1902 gradus,
810 1826 884 1886 iacit
906 1823 945 1885 Α.
970 1825 1008 1886 R.
1039 1824 1090 1886 imi
1114 1826 1203 1892 coeli,
1238 1824 1262 1886 si
1288 1827 1400 1905 gradus
1424 1834 1493 1888 tuus

130 1912 278 1974 fueritin
304 1912 410 1986 tertia;
434 1911 481 1974 bis
506 1912 618 1986 addita,
646 1914 720 1975 facit
742 1915 781 1976 A.
798 1914 837 1976 R.
862 1914 911 1975 imi
937 1913 1022 1987 coeli,
1048 1913 1200 1993 sigradus
1224 1922 1293 1975 tuus
1316 1915 1346 1975 in
1361 1915 1494 1975 secunda

129 2001 258 2081 cuspide
282 2001 412 2062 steterit.
460 2003 526 2063 Hoc
548 2011 638 2081 pacto
662 2021 716 2081 pro
740 1999 913 2065 Idomibus
938 2002 1276 2077 (xi.,x11.,11.,111.)
1301 2003 1492 2064 constituun-

127 2099 182 2153 tur
207 2086 228 2152 4
253 2089 400 2164 tabellae,
436 2110 511 2170 quae
536 2090 701 2152 habentia
726 2092 768 2152 M.
794 2090 830 2154 C.
856 2091 971 2152 minuta
995 2091 1192 2153 adhaerentia
1216 2092 1353 2170 partibus
1377 2091 1493 2152 zodiaci

128 2198 187 2241 seu
211 2177 355 2256 gradibus
379 2179 516 2259 integris,
541 2180 569 2240 in
595 2180 731 2241 domibus
755 2181 889 2260 integros
913 2181 1036 2260 gradus.
1083 2180 1186 2241 Facile
1211 2190 1261 2242 est
1283 2180 1385 2258 igitur,
1411 2177 1492 2243 ext

126 2267 247 2330 tabulis
272 2287 360 2328 unam
385 2268 502 2342 iacere,
536 2268 695 2331 collocatis
726 2269 852 2348 integris
881 2270 1025 2348 gradibus
1048 2268 1077 2329 in
1102 2269 1145 2331 M.
1171 2267 1225 2343 G.‚
1265 2279 1297 2331 et
1319 2268 1493 2349 cuspidibus

118 2357 289 2431 ,domorum
313 2375 380 2417 curn
404 2364 491 2435 parte
515 2356 742 2437 proportionali,
767 2358 798 2419 b.
823 2377 850 2418 e.
876 2377 944 2419 cum
968 2357 1203 2419 adhaerentibus
1227 2357 1350 2419 minutis
1374 2358 1403 2418 in
1421 2377 1492 2419 suos

127 2444 251 2507 loculos
274 2445 444 2508 collocatis.
490 2446 665 2510 Notandum
690 2453 808 2519 tamen,
837 2465 893 2508 uos
916 2447 1011 2508 multo
1034 2445 1145 2508 rectius
1169 2446 1208 2506 ad
1231 2456 1361 2507 mentem
1384 2446 1492 2507 Ptole-

126 2534 212 2596 maei
236 2540 429 2612 operaturos,
459 2543 491 2596 et
514 2555 603 2617 quam
628 2536 760 2614 proxime
785 2536 823 2596 ad
848 2535 1029 2597 directiones
1052 2533 1303 2614 Regiomontani,
1328 2536 1412 2596 etin
1437 2536 1493 2597 hoc

126 2622 255 2698 negotio
279 2623 317 2683 ad
341 2623 481 2704 cuspides
506 2625 660 2686 domorum
683 2624 848 2686 rationales
872 2632 1034 2699 venturos,
1066 2624 1092 2685 si
1125 2624 1311 2685 differentias
1336 2623 1492 2685 ascensio-

127 2712 220 2773 nales
245 2730 302 2771 non
325 2712 355 2772 iu
379 2712 533 2774 horizonte
558 2712 631 2781 loci,
666 2714 720 2774 sed
744 2732 798 2792 pro
822 2712 877 2775 XI.
904 2720 936 2774 et
958 2713 1014 2775 III.
1045 2713 1074 2773 in
1099 2713 1211 2774 circulo
1234 2711 1409 2792 positionis,
1444 2712 1492 2792 qui

129 2800 251 2862 vicinus
275 2807 324 2859 est
346 2800 520 2875 meridiano,
547 2810 577 2863 et
600 2820 654 2880 pro
669 2802 743 2865 XII.
768 2810 799 2862 et
824 2802 862 2863 II.
887 2801 915 2863 in
941 2801 1051 2862 circulo
1075 2801 1245 2880 positionis,
1272 2801 1321 2880 qui
1344 2799 1491 2861 horizonti

128 2888 251 2950 ricinus
275 2895 331 2963 est,
355 2889 386 2951 id
411 2898 460 2950 est
483 2891 512 2951 in
537 2891 655 2952 illorum
679 2890 857 2953 circulorum
881 2889 1099 2951 elevationibus
1129 2889 1190 2969 poli
1213 2890 1296 2969 prius
1319 2889 1494 2951 constitutis

129 2995 364 3058 inquireremus.

225 3064 340 3127 Datum
365 3066 453 3128 VIII.
476 3065 566 3127 Febr.
594 3060 689 3128 1611.

204 3152 262 3202 Vol.
282 3152 316 3202 II.
346 3153 408 3203 Mss.
427 3154 617 3211 Viennensium,
638 3170 651 3205 e
670 3170 716 3218 quo
735 3155 872 3219 praemissa
891 3153 1006 3204 desumta
1023 3160 1089 3210 snut,
1108 3154 1172 3203 haec
1190 3158 1288 3202 tantum
1307 3151 1406 3201 exhibet
1423 3151 1492 3215 Kep·

134 3225 183 3276 leri
203 3225 294 3280 rerba,
322 3227 411 3274 omisso
436 3224 534 3275 exordio
558 3231 585 3274 et
607 3227 772 3276 conclusione.
809 3225 964 3276 EVichenii
981 3226 1058 3274 literis
1078 3229 1197 3289 apparet,
1227 3225 1278 3274 alia
1297 3239 1353 3273 eum
1370 3223 1494 3286 quaedam

130 3295 260 3347 addidisse
286 3295 386 3349 leviora.
406 3297 470 3357 inter
488 3296 539 3345 alia
551 3298 645 3361 gratias
658 3299 739 3362 egisse
757 3297 877 3361 predone
895 3298 942 3360 ipsi
955 3298 1021 3345 datis
1040 3310 1057 3345 a
1069 3296 1190 3347 Violenio
1211 3295 1336 3354 „hutem“,
1354 3297 1395 3360 qui
1408 3295 1494 3345 literas
1513 3344 1516 3350 ,

132 3366 260 3417 suasinus
279 3369 388 3429 proxime
406 3367 584 3430 praecedentes
604 3365 639 3428 (d.
661 3367 702 3415 11.
721 3364 793 3425 Jan.)
813 3370 848 3417 sic
868 3367 1006 3418 concludit:
1027 3367 1165 3425 „Tandem
1183 3374 1212 3416 ut
1224 3369 1334 3416 animum
1350 3381 1432 3416 meum
1450 3366 1494 3415 tibi

129 3437 281 3488 benevolum
301 3451 332 3486 ex
350 3444 421 3500 parte
440 3445 539 3487 tantum
551 3439 684 3495 declarem.
704 3442 775 3488 mitto
789 3440 832 3488 tibi
852 3440 912 3488 duos
925 3440 1056 3488 linteorum
1069 3438 1242 3488 Silesiacorum
1255 3437 1394 3493 fasciculos.
1414 3439 1494 3486 amice

130 3522 240 3574 rogans.
266 3515 296 3557 nt
318 3510 375 3558 boni
395 3509 523 3564 consulas,
550 3522 580 3558 ac
597 3525 627 3558 ex
646 3513 729 3559 animo
751 3512 816 3559 bono
834 3511 970 3572 proiectum
990 3510 1090 3565 credase
1121 3511 1217 3571 majora
1235 3515 1409 3572 expectaturus
1427 3509 1495 3557 circa

130 3580 227 3630 testum
246 3578 411 3629 Pascbatos.“
449 3580 577 3641 Adjuncta
601 3580 670 3630 inere
692 3581 732 3630 bis
751 3581 866 3630 Violenii
893 3581 969 3629 literis
995 3580 1098 3630 aliorum
1129 3579 1255 3643 (Magini,
1286 3579 1393 3630 Simonis
1411 3576 1493 3632 Marii.

132 3650 263 3705 lirerardi.
284 3649 394 3709 Crsbbii)
411 3650 506 3713 judicia
525 3651 556 3700 de
577 3652 664 3709 „mode
684 3651 831 3717 dirigendi“,
851 3666 896 3701 nec
916 3666 965 3700 non
983 3651 1085 3700 tabulae
1104 3651 1211 3714 aliaque,
1230 3649 1261 3699 de
1279 3650 1367 3713 quibus
1385 3648 1431 3698 sibi
1450 3662 1493 3696 ex·

132 3722 200 3786 petit
216 3720 337 3783 judicium
356 3721 466 3784 Kepleri.
504 3720 552 3780 Qui
570 3737 644 3786 quum
663 3725 772 3773 maxima
791 3729 909 3785 exparte
929 3721 1038 3772 Stadii
1057 3721 1132 3770 rerba
1144 3720 1295 3776 refutaverit,
1315 3719 1346 3769 de
1358 3719 1492 3781 hecquae·

132 3793 194 3842 dam
214 3792 332 3841 addenda
349 3807 487 3842 censemus.
525 3792 565 3842 De
583 3795 636 3843 rita
654 3792 847 3858 Stadiipagina
866 3806 954 3843 aversa
970 3792 1036 3842 tituli
1056 3790 1277 3855 „Ephemeridum“
1298 3788 1396 3852 (Coton.
1412 3785 1493 3849 1581)

131 3863 197 3913 baec
217 3862 304 3912 affert:
323 3862 458 3913 Ioannis
478 3861 597 3921 Stadii,
616 3864 790 3914 Mathematici
808 3864 913 3929 Belgae,
933 3862 1148 3927 Epitaphium,
1167 3860 1278 3911 deborae
1297 3872 1376 3910 saon:
1395 3859 1419 3910 J.
1435 3858 1492 3909 Sta-

132 3935 184 3990 diu,
203 3932 401 3989 Mathematico‚
429 3935 461 3983 ab
480 3935 552 3983 editis
570 3936 660 3984 tabulis
679 3943 705 3984 et
724 3936 918 3999 ephemeridibus
938 3934 1107 3999 astrologicis,
1132 3934 1361 3997 commentariiaque
1378 3930 1493 3981 historis-

132 4020 197 4061 rruu,
217 4011 317 4068 propter
334 4019 440 4055 acumen
459 4007 552 4070 ingenii
572 4007 653 4063 claro,
679 4007 785 4071 Philippi
804 4007 873 4070 Hisp.
893 4008 958 4070 regis
977 4006 1112 4055 honorariis
1131 4005 1283 4059 Loraninm.
1310 4004 1398 4053 deinde
1418 4003 1493 4052 Lute-

133 4078 198 4126 tiam
210 4074 359 4125 Parisiorum
381 4077 413 4125 ab
424 4077 533 4126 Eenrico
552 4076 598 4126 III.
619 4079 717 4128 Galliae
736 4093 805 4143 rege,
824 4079 857 4128 ad
875 4078 999 4141 publicam
1019 4090 1105 4126 earnm
1118 4074 1310 4139 disciplinarum,
1330 4088 1392 4139 quas
1404 4073 1495 4124 celebri

132 4147 300 4197 'stridiosornm
317 4147 444 4196 hominum
463 4149 489 4196 in
506 4146 604 4198 illarum
623 4150 719 4198 urbium
738 4149 873 4199 academiis
892 4162 1013 4199 concursu
1032 4148 1126 4209 docuit,
1143 4147 1320 4211 professionem
1339 4146 1435 4196 adscito
1447 4143 1493 4195 dc.

132 4240 168 4252 ·-
188 4217 260 4267 Vixit
278 4219 350 4268 annis
369 4215 413 4275 5³,
433 4219 494 4269 obiit
511 4219 590 4281 pridie
610 4218 918 4271 car.1t0v0mur.ruta.“
939 4243 973 4253 -
992 4219 1167 4284 Ephsmerides
1184 4218 1232 4267 has
1250 4214 1494 4277 (1511111551-

133 4285 218 4349 11106)
239 4289 319 4339 edidit
335 4289 399 4339 filius
419 4289 499 4341 Stadii
518 4290 682 4353 Hieronymus
701 4306 766 4341 anuo
785 4299 842 4357 post
859 4299 956 4356 patrem
974 4298 1096 4340 mortuum
1115 4290 1238 4346 secundo,
1257 4291 1402 4338 immutatas
1420 4288 1492 4338 reliu-

132 4375 213 4425 qnens
233 4361 288 4410 illas
308 4374 428 4410 annorum
448 4359 634 4420 1551-15711,
654 4378 715 4426 quas
734 4364 786 4426 ipse
798 4363 910 4413 Ioannes
929 4376 994 4410 anno
1012 4359 1078 4410 1556
1093 4359 1212 4410 ColonIae
1233 4359 1407 4424 imprimendas
1421 4372 1492 4409 cura-

132 4439 219 4487 verat,
245 4432 426 4495 praelationem
444 4447 539 4496 quoqne
557 4434 635 4496 patris
654 4433 830 4498 astrologicam
855 4435 942 4483 iisdem
968 4434 1019 4482 iere
1043 4433 1122 4481 rerbie
1149 4429 1259 4496 (reliquis
1278 4447 1291 4480 c
1310 4431 1386 4492 patn's
1404 4443 1493 4478 mann·

132 4503 232 4564 seriptis
251 4501 353 4563 additia)
378 4505 548 4566 praemittens.
585 4504 615 4553 In
634 4503 682 4554 hac
701 4506 855 4568 praelatione
882 4505 995 4555 editionis
1018 4504 1163 4567 posthumae
1191 4500 1395 4566 deprehendimus
1418 4501 1494 4549 rerba

132 4572 225 4630 Stadii,
244 4588 310 4638 quae
328 4579 400 4623 taxat
418 4574 550 4638 Keplerus,
569 4576 595 4624 in
614 4578 695 4638 capite
714 4576 845 4639 inscripto:
868 4576 924 4635 ,De
942 4575 1054 4625 domibus
1072 4576 1123 4623 sire
1142 4574 1204 4624 coeli
1222 4573 1315 4638 figun'a,
1334 4571 1402 4621 rario
1421 4571 1494 4620 modo

133 4645 274 4708 descriptis,
293 4643 432 4709 ibidemque
451 4645 588 4695 Ptolemaei
606 4647 692 4696 modus
711 4647 861 4712 expositus.“

199 4716 344 4768 ‚Ptolemaei
363 4717 445 4774 rerba,
465 4730 529 4782 quae
548 4731 605 4767 cum
626 4717 751 4776 aStadio,
770 4723 823 4767 tum
842 4718 980 4783 aKeplero
999 4721 1167 4773 recensentur,
1186 4715 1302 4780 leguntur
1320 4713 1347 4763 in
1365 4726 1437 4776 opere
1455 4712 1492 4762 in·

130 4787 237 4852 scripta:
259 4786 315 4846 „De
332 4785 436 4838 Jndiciia
454 4789 593 4839 astrorum‘·
613 4785 848 4852 (Quadripartitum)
867 4790 966 4853 passim,
985 4788 1092 4837 maxime
1110 4787 1153 4836 llb.
1172 4784 1216 4835 111.
1236 4797 1293 4848 cap.
1315 4779 1357 4833 to.

206 4857 407 4919 Vicissim,
439 4872 496 4910 oum
518 4858 616 4911 sacuam
640 4874 670 4911 sx
693 4860 732 4910 bis
754 4860 831 4911 literis
855 4859 991 4927 Keplerum
1017 4864 1180 4927 cognosceret
1203 4856 1237 4909 sti
1253 4852 1451 4923 respondendum
1468 4858 1495 4904 st
