3278 5542
656 330 689 382 tle
705 331 779 382 mona
797 330 959 396 astrologicis.
1418 323 1482 391 377

121 488 195 563 ΔΒ,
227 485 299 563 ΒΟ,
332 485 399 552 OD.
443 486 502 551 Hic
535 488 561 552 si
584 490 743 553 Platonem
770 509 873 570 roges,
908 509 974 551 cum
996 488 1027 551 A
1057 507 1115 550 non
1147 494 1296 550 consonat
1326 505 1422 567 neque
1445 487 1482 562 Β,

122 596 225 660 neque
250 575 286 653 O,
310 595 406 656 neque
424 577 464 638 D.
510 578 557 641 At
578 579 604 640 si
629 577 684 642 OD
707 589 797 642 tonus
820 598 873 659 per
896 579 923 640 Ε
947 585 1066 640 secetur
1089 577 1118 638 in
1139 576 1202 647 GE,
1227 576 1345 650 lemma,
1370 583 1403 637 et
1416 576 1482 651 ΕΙ),

123 666 237 741 diesin,
262 666 306 728 sic
330 673 364 729 ut
386 665 413 727 Ε
437 685 504 727 oum
528 667 557 729 A
581 668 694 731 habeat
716 668 938 749 proportionem
962 666 1119 746 epitriton,
1153 675 1225 728 tunc
1253 666 1330 727 inter
1353 664 1411 727 ΑΕ
1436 672 1485 726 εει

122 755 296 819 harmonia.
342 754 459 834 Itaque,
484 755 564 817 sicut
588 763 677 819 tonus
702 756 758 820 OD
781 776 834 836 per
858 756 1044 818 harmoniam
1067 755 1093 815 E
1118 755 1233 816 divisus
1257 761 1306 817 est
1332 754 1362 816 in
1386 755 1484 817 minus

123 842 182 909 ΟΕ
206 852 241 905 ει
256 844 356 924 majus
378 841 450 916 ΕΙ),
481 844 525 905 sic
558 853 667 907 natura
694 846 842 908 hominem
865 865 955 908 unum
983 863 1037 923 per
1065 843 1267 923 generationis
1291 850 1481 922 apparatum,

125 932 240 1017 quavis
263 931 420 994 harmonia
443 932 622 1009 suaviorem,
647 934 752 997 divisit
774 935 803 997 in
828 935 968 997 seminam
992 941 1025 994 ει
1047 952 1174 1006 maram,
1200 951 1323 1011 quorum
1348 931 1400 992 alii
1424 932 1483 993 ali-

123 1023 200 1105 quid
224 1022 325 1095 deest,
350 1020 417 1085 huic
440 1022 584 1084 abundat.
632 1023 742 1086 Patere
767 1023 859 1096 enim,
891 1031 924 1085 ut
948 1023 1025 1084 hauc
1048 1020 1177 1100 gratiarn
1201 1030 1325 1100 tangam
1349 1027 1484 1082 extremo

123 1110 236 1191 digito,
262 1117 296 1172 ut
318 1117 405 1172 tactu
428 1110 665 1189 experimentum
689 1112 806 1193 capiam
830 1111 981 1191 corporis,
1007 1111 1093 1190 cujus
1117 1111 1214 1172 foruna
1237 1109 1352 1172 eminus
1375 1116 1482 1171 tanto·

123 1218 201 1282 pere
226 1198 331 1262 arrisit
354 1198 458 1261 oculis.
505 1200 586 1262 Nam
614 1221 667 1263 cur
690 1221 748 1263 uon
777 1203 881 1280 juvem
904 1199 1124 1273 Reinhardum,
1155 1197 1372 1277 jucundissime
1403 1199 1484 1259 allu-

125 1289 254 1353 dentem
277 1306 316 1350 ex
338 1287 556 1366 Trisrnegisto,
581 1296 614 1352 ει
636 1290 777 1352 feminam
801 1291 920 1369 quidem
944 1289 1023 1350 iufra
1046 1288 1260 1362 collocantem,
1284 1295 1319 1349 nt
1340 1305 1397 1366 par
1420 1295 1483 1347 est:

125 1397 186 1440 non
212 1383 284 1437 sunt
307 1377 385 1437 eninr
409 1376 523 1438 ferendi
547 1377 614 1454 viri,
638 1379 688 1458 qui
712 1379 812 1441 ferunt
834 1397 906 1441 suas
931 1378 1058 1440 feminas
1083 1383 1115 1439 et
1137 1386 1244 1439 contra
1262 1377 1372 1438 flumen
1396 1375 1484 1436 navi·

124 1472 214 1546 gant
263 1463 339 1540 „Dis
363 1484 481 1526 sursum
514 1466 623 1542 fumat,
656 1467 753 1530 stillat
775 1467 862 1530 Jovis
891 1468 972 1529 unda
995 1465 1165 1529 deorsum.“
1211 1464 1277 1527 Nec
1301 1463 1486 1526 invenustior

125 1563 179 1617 est
202 1553 256 1614 illa
279 1552 344 1615 duri
367 1552 524 1633 mollisque
549 1556 797 1620 accommodatio.
843 1556 977 1619 Rursum
1001 1555 1077 1617 enirn
1102 1554 1205 1616 suavis
1229 1554 1279 1616 ille
1303 1560 1405 1614 tactus
1427 1571 1485 1614 no-

126 1652 214 1706 stros
237 1641 358 1722 judices
389 1643 520 1705 advocat
547 1644 591 1706 rei
619 1645 837 1725 lepidissimae,
881 1664 948 1706 cum
978 1663 1015 1705 ex
1043 1642 1242 1722 Trismegisto
1272 1643 1353 1704 solos
1383 1642 1486 1703 oculos

126 1731 305 1804 erudiisset,
330 1750 369 1793 ex
391 1732 520 1795 Platone
544 1723 644 1808 aures.
690 1735 813 1798 Etenim
836 1735 941 1796 durum
965 1739 1085 1812 oportet
1109 1750 1194 1806 esse,
1219 1732 1297 1811 quod
1322 1730 1484 1799 infinditur‚

126 1821 221 1885 molle
246 1838 317 1883 vcro
341 1838 449 1899 corpus
477 1828 511 1882 et
532 1821 561 1883 in
586 1841 618 1884 se
643 1825 767 1897 cedens,
798 1824 875 1904 quod
900 1824 1003 1884 durum
1031 1821 1105 1883 illud
1134 1819 1246 1899 excipit
1274 1820 1429 1898 locumque
1459 1819 1486 1879 ei

128 1910 195 1973 dat.
243 1907 313 1979 Qua
334 1909 510 1971 titillatione
532 1909 723 1974 Reinhardus
748 1911 893 1974 excitavit
907 1930 1003 1973 meum
1020 1908 1179 1991 ingenium,
1205 1916 1239 1970 ut
1257 1907 1387 1970 labuerit
1402 1926 1486 1988 sym·

128 1998 212 2063 bolis
236 2017 302 2060 cum
325 1997 379 2060 illo
402 2006 530 2075 certare,
556 2000 662 2080 quibus
686 2002 764 2064 oculi
788 2002 876 2063 simul
899 2009 931 2062 et
954 2000 1054 2079 digiti,
1079 1998 1168 2061 simul
1192 2009 1225 2058 et
1247 1997 1375 2059 hominis
1400 1996 1487 2074 inge-

128 2087 213 2151 nium
247 2087 437 2167 facultasque
460 2091 635 2152 numerandi
660 2091 700 2153 ad
728 2090 925 2171 judicandum
948 2097 1040 2169 atque
1064 2087 1294 2150 discernendum
1318 2086 1397 2147 inter
1419 2105 1487 2146 ma-

128 2195 196 2240 rem
220 2183 252 2238 et
275 2175 417 2237 feminam
440 2176 633 2243 advocentur.

223 2263 285 2328 Sed
308 2263 500 2327 ratiocinatio
523 2264 644 2346 prolixa
666 2275 723 2330 est.
770 2267 804 2328 ln
829 2265 996 2346 geometria
1018 2263 1095 2326 ratio
1120 2270 1169 2326 est
1190 2261 1271 2324 inter
1289 2262 1364 2322 duos
1379 2260 1486 2322 termi-

128 2374 197 2430 nos,
223 2352 377 2434 proportio
401 2354 548 2416 rationum
573 2357 736 2419 similitudo
760 2363 820 2418 est.
866 2356 917 2416 Ad
931 2353 1155 2434 proportionem
1173 2350 1267 2431 igitur
1281 2357 1409 2429 quatuor
1423 2358 1488 2410 ter·

130 2443 206 2506 mini
229 2442 428 2523 requiruntur.
476 2442 564 2513 Quod
594 2445 621 2506 si
649 2445 739 2508 medii
767 2445 825 2506 duo
857 2446 887 2506 in
911 2462 1000 2505 unum
1023 2449 1146 2514 coeant,
1180 2440 1333 2520 proportio
1359 2438 1489 2499 efficitur

131 2532 293 2604 continua,
326 2539 389 2593 tres
419 2532 534 2595 habeus
564 2542 634 2596 actu
662 2533 821 2606 terminos,
854 2539 1009 2613 potestate
1041 2538 1178 2611 quatuor.
1226 2530 1309 2590 Inter
1332 2527 1489 2589 continuas

130 2620 345 2705 proportiones
369 2639 458 2682 unum
478 2620 630 2702 singulare
653 2641 748 2702 genus
772 2630 822 2685 est
844 2620 1046 2703 proportionis
1070 2619 1207 2692 divinae,
1241 2637 1308 2678 cum
1333 2635 1370 2678 ax
1392 2616 1490 2678 tribus

131 2711 272 2775 terminis
295 2710 354 2771 duo
376 2707 507 2773 minores
531 2720 663 2791 aequant
685 2713 842 2792 majorem,
867 2730 920 2773 sen
945 2727 1012 2771 oum
1035 2716 1132 2771 totum
1155 2707 1199 2768 ita
1222 2713 1345 2768 secatur
1367 2705 1397 2765 in
1422 2704 1490 2775 duo,

131 2809 168 2862 ut
195 2799 276 2861 inter
302 2804 406 2876 partes
437 2806 589 2862 ettotam
623 2802 664 2863 sit
687 2800 829 2863 continua
859 2798 1022 2881 proportio.
1068 2797 1167 2876 Hujus
1190 2794 1392 2875 proportionis
1416 2794 1491 2854 haec

132 2895 183 2952 est
205 2887 393 2969 proprietas,
424 2896 460 2949 ut
482 2907 520 2949 ex
550 2890 663 2969 majora
698 2888 825 2951 termino
856 2896 888 2950 et
912 2894 976 2948 toto
1009 2905 1125 2948 rursum
1155 2891 1352 2963 componatur
1385 2881 1491 2942 similis

132 2976 300 3060 proportio.
349 2974 407 3046 Qui
432 2977 512 3038 enim
538 2979 622 3058 prins
646 2986 714 3040 erat
736 2979 848 3058 major,
881 2977 943 3057 jam
971 2976 1005 3037 fit
1028 2974 1140 3049 minor,
1174 2972 1253 3053 quod
1276 2971 1359 3050 prius
1383 2977 1490 3042 totum,

128 3067 197 3147 jam
221 3067 256 3127 tit
278 3064 376 3144 major
399 3066 557 3141 terminus,
584 3075 616 3129 et
638 3067 836 3146 compositum
860 3086 897 3127 ex
921 3073 1046 3144 utroque
1062 3063 1127 3142 jam
1151 3062 1246 3123 habet
1269 3060 1416 3122 rationem
1439 3066 1490 3118 to-

133 3155 206 3218 tius.
253 3155 320 3215 Hoc
347 3153 376 3215 iu
411 3154 574 3231 infinitum,
607 3176 727 3236 semper
758 3163 898 3217 manente
931 3153 1124 3233 proportione
1156 3151 1267 3213 divina.
1314 3149 1402 3209 Hanc
1435 3165 1491 3225 ego

133 3243 352 3325 geometricam
375 3244 614 3323 proportionem,
646 3254 734 3325 puto,
767 3244 867 3306 ideam
891 3243 984 3304 fuisse
1009 3241 1152 3315 creatori,
1184 3239 1222 3301 ad
1246 3237 1493 3300 introducendam

133 3330 362 3413 generationem
385 3332 494 3394 similis
518 3353 556 3396 ex
578 3334 678 3407 simili,
705 3353 781 3414 quae
806 3340 854 3394 est
878 3331 970 3392 etiam
993 3329 1144 3410 perennis.
1192 3328 1291 3390 Video
1321 3327 1401 3388 eninr
1425 3324 1492 3404 qui-

133 3421 253 3484 narium
275 3419 304 3481 in
328 3420 450 3482 floribus
473 3439 549 3500 pene
574 3423 719 3496 omnibns,
744 3423 794 3503 qui
819 3422 957 3494 fructum,
981 3419 1038 3480 hoc
1062 3426 1111 3479 est
1125 3417 1350 3496 generationem
1365 3432 1494 3494 praece-

133 3511 222 3577 dunt
247 3528 341 3590 neque
365 3516 435 3571 sunt
458 3511 496 3572 ob
520 3530 553 3572 se
577 3512 669 3592 ipsos,
694 3513 748 3573 sed
763 3512 801 3572 ob
817 3511 946 3572 fructum
961 3515 1145 3587 sequentem.
1192 3503 1306 3567 Omnes
1327 3504 1389 3564 lere
1404 3504 1495 3564 flores
1523 3584 1529 3591 ι

135 3597 258 3662 arborei
281 3607 353 3660 snut
375 3598 404 3660 in
428 3597 485 3660 hoc
509 3618 615 3674 censu;
645 3600 738 3663 citros
761 3606 793 3662 et
815 3617 921 3679 pomos
945 3596 1099 3658 aurantios
1123 3596 1201 3655 sorte
1225 3590 1364 3670 excipere
1388 3590 1493 3664 debeo,

135 3687 196 3751 etsi
220 3688 326 3749 ssorem
348 3705 407 3748 non
431 3687 501 3763 vidi,
527 3706 564 3749 ex
588 3691 687 3752 fructu
710 3689 807 3751 solum
831 3706 885 3748 seu
909 3704 996 3766 pomo
1016 3684 1127 3763 judico,
1153 3682 1202 3761 qni
1227 3699 1285 3742 non
1301 3678 1394 3740 estin
1408 3680 1494 3740 locu-

136 3778 183 3840 los
208 3775 334 3856 quinos,
368 3776 422 3837 sed
445 3785 602 3856 septenos,
626 3779 775 3849 undenos,
809 3794 941 3838 novenos
965 3774 1088 3834 divisus.
1136 3769 1300 3841 Quinarius
1323 3786 1407 3842 vero,
1441 3784 1495 3827 eeu

137 3865 354 3946 quinquanguli
376 3864 473 3943 figura
496 3867 679 3929 construitur
701 3867 732 3929 in
756 3863 923 3945 geometria
945 3882 1001 3943 ope
1024 3859 1226 3941 proportionis
1252 3856 1381 3930 divinae,
1405 3873 1496 3935 quam

136 3956 208 4018 volo
233 3952 429 4036 archetypum
453 3956 668 4034 generationis.
716 3955 857 4034 Amplius
872 3952 950 4015 iuter
963 3954 1078 4013 motum
1098 3948 1180 4011 Solis
1196 3950 1276 4022 (seu,
1299 3951 1334 4007 ut
1349 3963 1405 4024 ego
1422 3963 1494 4005 sen-

139 4045 192 4116 tio,
218 4040 364 4118 Telluris)
388 4049 422 4103 et
445 4043 590 4118 Veneris,
616 4064 692 4124 quaa
716 4050 839 4124 praeest
862 4040 1000 4103 facultati
1024 4037 1178 4106 seminali,
1201 4034 1355 4116 proportio
1378 4030 1494 4106 8:13,

139 4151 219 4214 qnae
240 4131 376 4214 proxime
400 4138 449 4193 est
471 4132 582 4206 diviua,
616 4141 651 4194 ut
674 4134 838 4195 audiemus.
886 4130 1023 4210 Denique
1047 4129 1158 4189 Terrae
1182 4125 1297 4187 coelum
1324 4123 1354 4184 in
1379 4120 1496 4201 Ooper-

140 4222 208 4285 nico
240 4220 371 4287 medium
404 4228 454 4282 est
484 4221 563 4283 inter
594 4223 695 4285 coelos
727 4221 838 4283 Martie
869 4226 900 4281 et
928 4218 1073 4290 Veneris,
1108 4213 1387 4295 proportionemque
1419 4210 1498 4272 inter

140 4311 211 4374 illos
235 4318 358 4373 nactum
381 4317 491 4371 estex
515 4310 704 4373 dodecaedro
728 4317 760 4371 ει
783 4308 958 4382 ἰεοεειιάιο,
984 4325 1059 4386 quae
1084 4312 1155 4366 sunt
1178 4303 1207 4363 in
1231 4299 1398 4381 geometria
1421 4299 1498 4360 duae

140 4399 265 4463 soboles
291 4398 494 4481 proportionis
527 4398 665 4473 divinae;
697 4399 728 4460 in
752 4399 846 4460 Terra
868 4413 939 4457 vero
972 4401 1079 4456 nostra
1106 4399 1264 4454 exercetur
1293 4387 1498 4468 generationis

141 4507 230 4567 opus.
276 4486 359 4550 Vide
376 4486 452 4565 jam,
478 4488 624 4567 quomodo
648 4506 686 4549 ex
709 4486 902 4568 proportione
926 4482 1028 4545 divina
1055 4481 1184 4544 resultet
1211 4478 1327 4557 effigies
1351 4475 1443 4538 maris
1467 4481 1499 4534 ει

143 4574 284 4640 feminae.
328 4574 389 4636 Est
416 4593 482 4637 meo
512 4576 623 4655 judicio
656 4577 761 4637 eadem
786 4573 874 4657 quasi
906 4570 1060 4652 proportio
1084 4566 1292 4631 seminationis
1324 4564 1498 4644 plantarum

141 4665 183 4727 ad
207 4672 311 4728 actum
334 4663 538 4741 generationis
567 4664 755 4737 animalium,
788 4681 864 4744 quae
899 4667 948 4722 est
974 4657 1175 4740 proportionis
1207 4653 1412 4737 geometricae
1445 4669 1499 4712 sen

141 4753 232 4816 lineis
266 4770 445 4833 expressae,
483 4753 523 4815 ad
554 4751 779 4835 proportionem
811 4749 1032 4815 arithmeticam
1063 4765 1117 4808 seu
1149 4744 1281 4807 numeris
1313 4757 1497 4821 expressam.

142 4841 218 4907 Jam
240 4860 314 4903 vero
339 4839 441 4903 divina
462 4841 617 4925 proportio
641 4841 771 4904 numeris
795 4839 921 4920 exprimi
943 4837 1078 4919 perfecte
1101 4833 1219 4916 nequit,
1249 4830 1375 4914 exprimi
1398 4835 1499 4891 tarnen
