<?xml version="1.0" encoding="UTF-8"?>
<!DOCTYPE html PUBLIC "-//W3C//DTD XHTML 1.0 Transitional//EN"
    "http://www.w3.org/TR/xhtml1/DTD/xhtml1-transitional.dtd">
<html xmlns="http://www.w3.org/1999/xhtml" xml:lang="en" lang="en">
 <head>
  <title>
</title>
<meta http-equiv="Content-Type" content="text/html;charset=utf-8" />
  <meta name='ocr-system' content='tesseract 3.04.00' />
  <meta name='ocr-capabilities' content='ocr_page ocr_carea ocr_par ocr_line ocrx_word'/>
</head>
<body>
  <div class='ocr_page' id='page_1' title='image "./joanniskepleria17frisgoog_0352.png"; bbox 0 0 3278 5542; ppageno 0'>
   <div class='ocr_carea' id='block_1_1' title="bbox 616 328 1448 399">
    <p class='ocr_par' dir='ltr' id='par_1_1' title="bbox 616 328 1448 399">
     <span class='ocr_line' id='line_1_1' title="bbox 616 328 1448 399; baseline 0 -18"><span class='ocrx_word' id='word_1_1' title='bbox 616 328 739 381; x_wconf 69' lang='lat' dir='ltr'><strong>aem</strong></span> <span class='ocrx_word' id='word_1_2' title='bbox 757 329 917 398; x_wconf 60' lang='lat' dir='ltr'><strong>amensa</strong></span> <span class='ocrx_word' id='word_1_3' title='bbox 1150 329 1152 332; x_wconf 87' lang='lat'>·</span> <span class='ocrx_word' id='word_1_4' title='bbox 1380 329 1448 399; x_wconf 72' lang='lat'><strong>³29</strong></span> 
     </span>
    </p>
   </div>
   <div class='ocr_carea' id='block_1_2' title="bbox 106 484 1449 769">
    <p class='ocr_par' dir='ltr' id='par_1_2' title="bbox 106 484 1449 769">
     <span class='ocr_line' id='line_1_2' title="bbox 106 484 1449 557; baseline 0.003 -18"><span class='ocrx_word' id='word_1_5' title='bbox 106 500 146 539; x_wconf 77' lang='lat' dir='ltr'><strong>tro</strong></span> <span class='ocrx_word' id='word_1_6' title='bbox 166 489 224 538; x_wconf 78' lang='lat' dir='ltr'><strong>sein</strong></span> <span class='ocrx_word' id='word_1_7' title='bbox 242 487 368 552; x_wconf 83' lang='lat' dir='ltr'><strong>decrepito</strong></span> <span class='ocrx_word' id='word_1_8' title='bbox 385 488 574 540; x_wconf 69' lang='lat' dir='ltr'><strong>inclinationum</strong></span> <span class='ocrx_word' id='word_1_9' title='bbox 592 488 698 540; x_wconf 81' lang='lat' dir='ltr'><strong>affectus</strong></span> <span class='ocrx_word' id='word_1_10' title='bbox 716 484 789 540; x_wconf 73' lang='lat' dir='ltr'><strong>esaei</strong></span> <span class='ocrx_word' id='word_1_11' title='bbox 827 491 867 541; x_wconf 81' lang='lat' dir='ltr'><strong>Ad</strong></span> <span class='ocrx_word' id='word_1_12' title='bbox 885 505 950 555; x_wconf 89' lang='lat' dir='ltr'><strong>quae</strong></span> <span class='ocrx_word' id='word_1_13' title='bbox 967 492 1025 541; x_wconf 89' lang='lat' dir='ltr'><strong>olim</strong></span> <span class='ocrx_word' id='word_1_14' title='bbox 1042 491 1115 541; x_wconf 85' lang='lat' dir='ltr'><strong>valde</strong></span> <span class='ocrx_word' id='word_1_15' title='bbox 1134 491 1317 551; x_wconf 70' lang='lat' dir='ltr'><strong>inclinavimus,</strong></span> <span class='ocrx_word' id='word_1_16' title='bbox 1345 506 1376 542; x_wconf 85' lang='lat' dir='ltr'><strong>ea</strong></span> <span class='ocrx_word' id='word_1_17' title='bbox 1394 502 1449 557; x_wconf 91' lang='lat' dir='ltr'><strong>post</strong></span> 
     </span>
     <span class='ocr_line' id='line_1_3' title="bbox 106 561 1448 626; baseline 0.003 -17"><span class='ocrx_word' id='word_1_18' title='bbox 106 572 238 610; x_wconf 69' lang='lat' dir='ltr'><strong>muamus</strong></span> <span class='ocrx_word' id='word_1_19' title='bbox 258 567 283 610; x_wconf 90' lang='lat' dir='ltr'><strong>et</strong></span> <span class='ocrx_word' id='word_1_20' title='bbox 302 573 457 618; x_wconf 75' lang='lat' dir='ltr'><strong>aversamnr3</strong></span> <span class='ocrx_word' id='word_1_21' title='bbox 488 561 587 612; x_wconf 89' lang='lat' dir='ltr'><strong>sordere</strong></span> <span class='ocrx_word' id='word_1_22' title='bbox 606 561 676 610; x_wconf 89' lang='lat' dir='ltr'><strong>nobis</strong></span> <span class='ocrx_word' id='word_1_23' title='bbox 694 562 828 625; x_wconf 90' lang='lat' dir='ltr'><strong>incipiunt,</strong></span> <span class='ocrx_word' id='word_1_24' title='bbox 847 578 895 612; x_wconf 92' lang='lat' dir='ltr'><strong>non</strong></span> <span class='ocrx_word' id='word_1_25' title='bbox 915 563 992 612; x_wconf 86' lang='lat' dir='ltr'><strong>solum</strong></span> <span class='ocrx_word' id='word_1_26' title='bbox 1011 563 1041 613; x_wconf 93' lang='lat' dir='ltr'><strong>ob</strong></span> <span class='ocrx_word' id='word_1_27' title='bbox 1059 562 1193 626; x_wconf 81' lang='lat' dir='ltr'><strong>pleniorem</strong></span> <span class='ocrx_word' id='word_1_28' title='bbox 1211 564 1314 612; x_wconf 89' lang='lat' dir='ltr'><strong>rationis</strong></span> <span class='ocrx_word' id='word_1_29' title='bbox 1333 578 1404 613; x_wconf 88' lang='lat' dir='ltr'><strong>nsum</strong></span> <span class='ocrx_word' id='word_1_30' title='bbox 1424 573 1448 613; x_wconf 87' lang='lat' dir='ltr'><strong>et</strong></span> 
     </span>
     <span class='ocr_line' id='line_1_4' title="bbox 106 630 1449 694; baseline 0.004 -15"><span class='ocrx_word' id='word_1_31' title='bbox 106 631 168 693; x_wconf 72' lang='lat' dir='ltr'><strong>ains</strong></span> <span class='ocrx_word' id='word_1_32' title='bbox 185 631 322 694; x_wconf 80' lang='lat' dir='ltr'><strong>judicium,</strong></span> <span class='ocrx_word' id='word_1_33' title='bbox 351 630 396 679; x_wconf 91' lang='lat' dir='ltr'><strong>sed</strong></span> <span class='ocrx_word' id='word_1_34' title='bbox 413 632 521 682; x_wconf 71' lang='lat' dir='ltr'><strong>manure</strong></span> <span class='ocrx_word' id='word_1_35' title='bbox 540 633 571 682; x_wconf 93' lang='lat' dir='ltr'><strong>ob</strong></span> <span class='ocrx_word' id='word_1_36' title='bbox 590 633 667 683; x_wconf 85' lang='lat' dir='ltr'><strong>erasis</strong></span> <span class='ocrx_word' id='word_1_37' title='bbox 685 634 857 683; x_wconf 80' lang='lat' dir='ltr'><strong>mutationem.</strong></span> <span class='ocrx_word' id='word_1_38' title='bbox 894 634 927 683; x_wconf 85' lang='lat' dir='ltr'><strong>Et</strong></span> <span class='ocrx_word' id='word_1_39' title='bbox 951 634 1017 684; x_wconf 88' lang='lat' dir='ltr'><strong>hanc</strong></span> <span class='ocrx_word' id='word_1_40' title='bbox 1035 633 1223 683; x_wconf 79' lang='lat' dir='ltr'><strong>inclinationum</strong></span> <span class='ocrx_word' id='word_1_41' title='bbox 1241 636 1404 684; x_wconf 75' lang='lat' dir='ltr'><strong>mutationem</strong></span> <span class='ocrx_word' id='word_1_42' title='bbox 1424 644 1449 684; x_wconf 88' lang='lat' dir='ltr'><strong>ct</strong></span> 
     </span>
     <span class='ocr_line' id='line_1_5' title="bbox 106 698 1446 769; baseline 0.003 -19"><span class='ocrx_word' id='word_1_43' title='bbox 106 698 256 751; x_wconf 62' lang='lat' dir='ltr'><strong>brendam</strong></span> <span class='ocrx_word' id='word_1_44' title='bbox 283 718 332 752; x_wconf 92' lang='lat' dir='ltr'><strong>non</strong></span> <span class='ocrx_word' id='word_1_45' title='bbox 352 702 513 752; x_wconf 85' lang='lat' dir='ltr'><strong>inrationali</strong></span> <span class='ocrx_word' id='word_1_46' title='bbox 533 704 610 754; x_wconf 88' lang='lat' dir='ltr'><strong>solum</strong></span> <span class='ocrx_word' id='word_1_47' title='bbox 629 702 741 761; x_wconf 88' lang='lat' dir='ltr'><strong>homine,</strong></span> <span class='ocrx_word' id='word_1_48' title='bbox 770 705 813 754; x_wconf 91' lang='lat' dir='ltr'><strong>sed</strong></span> <span class='ocrx_word' id='word_1_49' title='bbox 838 706 864 753; x_wconf 93' lang='lat' dir='ltr'><strong>in</strong></span> <span class='ocrx_word' id='word_1_50' title='bbox 888 705 965 754; x_wconf 90' lang='lat' dir='ltr'><strong>brutis</strong></span> <span class='ocrx_word' id='word_1_51' title='bbox 991 719 1086 769; x_wconf 87' lang='lat' dir='ltr'><strong>quoque</strong></span> <span class='ocrx_word' id='word_1_52' title='bbox 1111 711 1196 767; x_wconf 88' lang='lat' dir='ltr'><strong>aperto</strong></span> <span class='ocrx_word' id='word_1_53' title='bbox 1221 705 1446 755; x_wconf 86' lang='lat' dir='ltr'><strong>animadvertimus.</strong></span> 
     </span>
    </p>
   </div>
   <div class='ocr_carea' id='block_1_3' title="bbox 106 773 1450 4468">
    <p class='ocr_par' dir='ltr' id='par_1_3' title="bbox 106 773 1450 1978">
     <span class='ocr_line' id='line_1_6' title="bbox 106 773 1448 839; baseline 0.004 -19"><span class='ocrx_word' id='word_1_54' title='bbox 106 786 172 829; x_wconf 83' lang='lat' dir='ltr'><strong>vrso,</strong></span> <span class='ocrx_word' id='word_1_55' title='bbox 192 774 214 820; x_wconf 91' lang='lat' dir='ltr'><strong>si</strong></span> <span class='ocrx_word' id='word_1_56' title='bbox 232 773 408 824; x_wconf 69' lang='lat' dir='ltr'><strong>inclinationes</strong></span> <span class='ocrx_word' id='word_1_57' title='bbox 424 773 449 822; x_wconf 91' lang='lat' dir='ltr'><strong>in</strong></span> <span class='ocrx_word' id='word_1_58' title='bbox 470 776 553 824; x_wconf 91' lang='lat' dir='ltr'><strong>animo</strong></span> <span class='ocrx_word' id='word_1_59' title='bbox 572 775 756 825; x_wconf 78' lang='lat' dir='ltr'><strong>conformantur</strong></span> <span class='ocrx_word' id='word_1_60' title='bbox 783 790 799 824; x_wconf 92' lang='lat' dir='ltr'><strong>a</strong></span> <span class='ocrx_word' id='word_1_61' title='bbox 817 777 934 825; x_wconf 88' lang='lat' dir='ltr'><strong>natalitio</strong></span> <span class='ocrx_word' id='word_1_62' title='bbox 952 777 1048 833; x_wconf 92' lang='lat' dir='ltr'><strong>sidere,</strong></span> <span class='ocrx_word' id='word_1_63' title='bbox 1068 792 1117 825; x_wconf 93' lang='lat' dir='ltr'><strong>non</strong></span> <span class='ocrx_word' id='word_1_64' title='bbox 1137 790 1152 825; x_wconf 88' lang='lat' dir='ltr'><strong>a</strong></span> <span class='ocrx_word' id='word_1_65' title='bbox 1171 783 1377 839; x_wconf 88' lang='lat' dir='ltr'><strong>temperamento,</strong></span> <span class='ocrx_word' id='word_1_66' title='bbox 1396 784 1448 833; x_wconf 84' lang='lat' dir='ltr'><strong>turn</strong></span> 
     </span>
     <span class='ocr_line' id='line_1_7' title="bbox 106 843 1446 911; baseline 0.002 -17"><span class='ocrx_word' id='word_1_67' title='bbox 106 843 177 894; x_wconf 78' lang='lat' dir='ltr'><strong>edici</strong></span> <span class='ocrx_word' id='word_1_68' title='bbox 197 859 228 895; x_wconf 82' lang='lat' dir='ltr'><strong>ex</strong></span> <span class='ocrx_word' id='word_1_69' title='bbox 246 851 495 907; x_wconf 71' lang='lat' dir='ltr'><strong>temperamentorum</strong></span> <span class='ocrx_word' id='word_1_70' title='bbox 515 848 656 911; x_wconf 75' lang='lat' dir='ltr'><strong>cognitione</strong></span> <span class='ocrx_word' id='word_1_71' title='bbox 676 853 702 896; x_wconf 91' lang='lat' dir='ltr'><strong>et</strong></span> <span class='ocrx_word' id='word_1_72' title='bbox 720 848 891 897; x_wconf 90' lang='lat' dir='ltr'><strong>observatione</strong></span> <span class='ocrx_word' id='word_1_73' title='bbox 914 847 1008 897; x_wconf 88' lang='lat' dir='ltr'><strong>nullum</strong></span> <span class='ocrx_word' id='word_1_74' title='bbox 1027 853 1121 897; x_wconf 86' lang='lat' dir='ltr'><strong>certum</strong></span> <span class='ocrx_word' id='word_1_75' title='bbox 1137 847 1257 909; x_wconf 86' lang='lat' dir='ltr'><strong>judicium</strong></span> <span class='ocrx_word' id='word_1_76' title='bbox 1285 848 1317 897; x_wconf 90' lang='lat' dir='ltr'><strong>de</strong></span> <span class='ocrx_word' id='word_1_77' title='bbox 1342 848 1446 898; x_wconf 89' lang='lat' dir='ltr'><strong>inclina·</strong></span> 
     </span>
     <span class='ocr_line' id='line_1_8' title="bbox 106 915 1448 983; baseline 0.003 -19"><span class='ocrx_word' id='word_1_78' title='bbox 106 915 196 965; x_wconf 78' lang='lat' dir='ltr'><strong>suibus</strong></span> <span class='ocrx_word' id='word_1_79' title='bbox 215 916 348 965; x_wconf 86' lang='lat' dir='ltr'><strong>sensitivae</strong></span> <span class='ocrx_word' id='word_1_80' title='bbox 366 917 465 965; x_wconf 84' lang='lat' dir='ltr'><strong>animae</strong></span> <span class='ocrx_word' id='word_1_81' title='bbox 483 917 591 980; x_wconf 76' lang='lat' dir='ltr'><strong>proferre</strong></span> <span class='ocrx_word' id='word_1_82' title='bbox 610 923 721 981; x_wconf 87' lang='lat' dir='ltr'><strong>possunt.</strong></span> <span class='ocrx_word' id='word_1_83' title='bbox 760 921 794 966; x_wconf 84' lang='lat' dir='ltr'><strong>At</strong></span> <span class='ocrx_word' id='word_1_84' title='bbox 812 918 903 969; x_wconf 91' lang='lat' dir='ltr'><strong>medici</strong></span> <span class='ocrx_word' id='word_1_85' title='bbox 923 926 949 968; x_wconf 92' lang='lat' dir='ltr'><strong>et</strong></span> <span class='ocrx_word' id='word_1_86' title='bbox 965 918 1101 983; x_wconf 92' lang='lat' dir='ltr'><strong>philosophi</strong></span> <span class='ocrx_word' id='word_1_87' title='bbox 1119 920 1210 968; x_wconf 87' lang='lat' dir='ltr'><strong>certius</strong></span> <span class='ocrx_word' id='word_1_88' title='bbox 1225 919 1341 981; x_wconf 76' lang='lat' dir='ltr'><strong>judicant</strong></span> <span class='ocrx_word' id='word_1_89' title='bbox 1360 920 1391 969; x_wconf 90' lang='lat' dir='ltr'><strong>de</strong></span> <span class='ocrx_word' id='word_1_90' title='bbox 1409 921 1448 968; x_wconf 89' lang='lat' dir='ltr'><strong>in-</strong></span> 
     </span>
     <span class='ocr_line' id='line_1_9' title="bbox 106 987 1448 1054; baseline 0.004 -19"><span class='ocrx_word' id='word_1_91' title='bbox 106 987 264 1036; x_wconf 79' lang='lat' dir='ltr'><strong>mationibus</strong></span> <span class='ocrx_word' id='word_1_92' title='bbox 282 1001 356 1051; x_wconf 86' lang='lat' dir='ltr'><strong>quam</strong></span> <span class='ocrx_word' id='word_1_93' title='bbox 375 988 598 1050; x_wconf 74' lang='lat' dir='ltr'><strong>perspicacissimus</strong></span> <span class='ocrx_word' id='word_1_94' title='bbox 620 988 775 1054; x_wconf 65' lang='lat' dir='ltr'><strong>astrologusr</strong></span> <span class='ocrx_word' id='word_1_95' title='bbox 806 1004 864 1054; x_wconf 91' lang='lat' dir='ltr'><strong>ergo</strong></span> <span class='ocrx_word' id='word_1_96' title='bbox 883 995 960 1052; x_wconf 69' lang='lat' dir='ltr'><strong>patet,</strong></span> <span class='ocrx_word' id='word_1_97' title='bbox 981 990 1154 1039; x_wconf 79' lang='lat' dir='ltr'><strong>inclinationes</strong></span> <span class='ocrx_word' id='word_1_98' title='bbox 1173 1005 1222 1038; x_wconf 90' lang='lat' dir='ltr'><strong>non</strong></span> <span class='ocrx_word' id='word_1_99' title='bbox 1242 991 1273 1038; x_wconf 91' lang='lat' dir='ltr'><strong>ab</strong></span> <span class='ocrx_word' id='word_1_100' title='bbox 1293 991 1378 1047; x_wconf 86' lang='lat' dir='ltr'><strong>astris,</strong></span> <span class='ocrx_word' id='word_1_101' title='bbox 1404 992 1448 1040; x_wconf 92' lang='lat' dir='ltr'><strong>sed</strong></span> 
     </span>
     <span class='ocr_line' id='line_1_10' title="bbox 112 1058 1447 1125; baseline 0.003 -19"><span class='ocrx_word' id='word_1_102' title='bbox 112 1059 325 1120; x_wconf 76' lang='lat' dir='ltr'><strong>temperamentis</strong></span> <span class='ocrx_word' id='word_1_103' title='bbox 344 1072 406 1108; x_wconf 87' lang='lat' dir='ltr'><strong>cese.</strong></span> <span class='ocrx_word' id='word_1_104' title='bbox 444 1058 544 1109; x_wconf 79' lang='lat' dir='ltr'><strong>iudicia</strong></span> <span class='ocrx_word' id='word_1_105' title='bbox 562 1060 711 1110; x_wconf 87' lang='lat' dir='ltr'><strong>medicorum</strong></span> <span class='ocrx_word' id='word_1_106' title='bbox 734 1075 763 1110; x_wconf 85' lang='lat' dir='ltr'><strong>ex</strong></span> <span class='ocrx_word' id='word_1_107' title='bbox 779 1062 986 1124; x_wconf 85' lang='lat' dir='ltr'><strong>temperamentis</strong></span> <span class='ocrx_word' id='word_1_108' title='bbox 1012 1061 1074 1110; x_wconf 90' lang='lat' dir='ltr'><strong>adeo</strong></span> <span class='ocrx_word' id='word_1_109' title='bbox 1098 1062 1241 1110; x_wconf 87' lang='lat' dir='ltr'><strong>constantia</strong></span> <span class='ocrx_word' id='word_1_110' title='bbox 1260 1067 1285 1109; x_wconf 88' lang='lat' dir='ltr'><strong>et</strong></span> <span class='ocrx_word' id='word_1_111' title='bbox 1304 1064 1373 1124; x_wconf 89' lang='lat' dir='ltr'><strong>quasi</strong></span> <span class='ocrx_word' id='word_1_112' title='bbox 1393 1077 1447 1125; x_wconf 90' lang='lat' dir='ltr'><strong>per-</strong></span> 
     </span>
     <span class='ocr_line' id='line_1_11' title="bbox 106 1131 1448 1195; baseline 0.004 -18"><span class='ocrx_word' id='word_1_113' title='bbox 106 1132 166 1177; x_wconf 61' lang='lat' dir='ltr'><strong>tua</strong></span> <span class='ocrx_word' id='word_1_114' title='bbox 176 1143 232 1178; x_wconf 90' lang='lat' dir='ltr'><strong>esse</strong></span> <span class='ocrx_word' id='word_1_115' title='bbox 243 1144 292 1178; x_wconf 91' lang='lat' dir='ltr'><strong>non</strong></span> <span class='ocrx_word' id='word_1_116' title='bbox 300 1135 409 1193; x_wconf 85' lang='lat' dir='ltr'><strong>possent,</strong></span> <span class='ocrx_word' id='word_1_117' title='bbox 422 1144 469 1180; x_wconf 91' lang='lat' dir='ltr'><strong>nec</strong></span> <span class='ocrx_word' id='word_1_118' title='bbox 479 1145 575 1193; x_wconf 90' lang='lat' dir='ltr'><strong>semper</strong></span> <span class='ocrx_word' id='word_1_119' title='bbox 585 1146 631 1181; x_wconf 90' lang='lat' dir='ltr'><strong>nec</strong></span> <span class='ocrx_word' id='word_1_120' title='bbox 639 1131 728 1195; x_wconf 87' lang='lat' dir='ltr'><strong>ubique</strong></span> <span class='ocrx_word' id='word_1_121' title='bbox 736 1132 854 1184; x_wconf 79' lang='lat' dir='ltr'><strong>valerent.</strong></span> <span class='ocrx_word' id='word_1_122' title='bbox 868 1134 888 1180; x_wconf 92' lang='lat' dir='ltr'><strong>si</strong></span> <span class='ocrx_word' id='word_1_123' title='bbox 898 1132 1071 1181; x_wconf 88' lang='lat' dir='ltr'><strong>inclinationes</strong></span> <span class='ocrx_word' id='word_1_124' title='bbox 1088 1146 1136 1180; x_wconf 88' lang='lat' dir='ltr'><strong>non</strong></span> <span class='ocrx_word' id='word_1_125' title='bbox 1150 1146 1166 1180; x_wconf 87' lang='lat' dir='ltr'><strong>a</strong></span> <span class='ocrx_word' id='word_1_126' title='bbox 1179 1134 1241 1181; x_wconf 89' lang='lat' dir='ltr'><strong>crasi</strong></span> <span class='ocrx_word' id='word_1_127' title='bbox 1255 1131 1390 1188; x_wconf 87' lang='lat' dir='ltr'><strong>humorum.</strong></span> <span class='ocrx_word' id='word_1_128' title='bbox 1405 1132 1448 1182; x_wconf 84' lang='lat' dir='ltr'><strong>eod</strong></span> 
     </span>
     <span class='ocr_line' id='line_1_12' title="bbox 113 1199 1448 1267; baseline 0.002 -19"><span class='ocrx_word' id='word_1_129' title='bbox 113 1199 193 1249; x_wconf 82' lang='lat' dir='ltr'><strong>coelo</strong></span> <span class='ocrx_word' id='word_1_130' title='bbox 212 1202 376 1263; x_wconf 76' lang='lat' dir='ltr'><strong>provenirent</strong></span> <span class='ocrx_word' id='word_1_131' title='bbox 414 1201 498 1250; x_wconf 66' lang='lat' dir='ltr'><strong>fieret</strong></span> <span class='ocrx_word' id='word_1_132' title='bbox 515 1201 586 1262; x_wconf 74' lang='lat' dir='ltr'><strong>alias,</strong></span> <span class='ocrx_word' id='word_1_133' title='bbox 606 1210 634 1251; x_wconf 89' lang='grc' dir='ltr'><strong>ιιι</strong></span> <span class='ocrx_word' id='word_1_134' title='bbox 653 1203 728 1251; x_wconf 89' lang='lat' dir='ltr'><strong>orasis</strong></span> <span class='ocrx_word' id='word_1_135' title='bbox 748 1205 853 1267; x_wconf 89' lang='lat' dir='ltr'><strong>corporis</strong></span> <span class='ocrx_word' id='word_1_136' title='bbox 871 1217 947 1266; x_wconf 88' lang='lat' dir='ltr'><strong>saepo</strong></span> <span class='ocrx_word' id='word_1_137' title='bbox 966 1211 1032 1252; x_wconf 89' lang='lat' dir='ltr'><strong>esset</strong></span> <span class='ocrx_word' id='word_1_138' title='bbox 1050 1203 1225 1267; x_wconf 79' lang='lat' dir='ltr'><strong>phlegmatica,</strong></span> <span class='ocrx_word' id='word_1_139' title='bbox 1244 1203 1373 1253; x_wconf 86' lang='lat' dir='ltr'><strong>inclinatio</strong></span> <span class='ocrx_word' id='word_1_140' title='bbox 1391 1219 1448 1253; x_wconf 93' lang='lat' dir='ltr'><strong>vero</strong></span> 
     </span>
     <span class='ocr_line' id='line_1_13' title="bbox 106 1270 1447 1337; baseline 0.001 -16"><span class='ocrx_word' id='word_1_141' title='bbox 106 1270 147 1321; x_wconf 74' lang='lat' dir='ltr'><strong>ali</strong></span> <span class='ocrx_word' id='word_1_142' title='bbox 163 1275 220 1322; x_wconf 86' lang='lat' dir='ltr'><strong>tota</strong></span> <span class='ocrx_word' id='word_1_143' title='bbox 231 1270 363 1321; x_wconf 82' lang='lat' dir='ltr'><strong>Martialis.</strong></span> <span class='ocrx_word' id='word_1_144' title='bbox 402 1271 522 1322; x_wconf 87' lang='lat' dir='ltr'><strong>Videmus</strong></span> <span class='ocrx_word' id='word_1_145' title='bbox 541 1288 636 1337; x_wconf 89' lang='lat' dir='ltr'><strong>quoque</strong></span> <span class='ocrx_word' id='word_1_146' title='bbox 649 1276 674 1323; x_wconf 93' lang='lat' dir='ltr'><strong>in</strong></span> <span class='ocrx_word' id='word_1_147' title='bbox 693 1275 765 1323; x_wconf 89' lang='lat' dir='ltr'><strong>rebus</strong></span> <span class='ocrx_word' id='word_1_148' title='bbox 778 1275 922 1323; x_wconf 90' lang='lat' dir='ltr'><strong>inanimatis</strong></span> <span class='ocrx_word' id='word_1_149' title='bbox 935 1276 1041 1324; x_wconf 85' lang='lat' dir='ltr'><strong>cranium</strong></span> <span class='ocrx_word' id='word_1_150' title='bbox 1054 1274 1207 1323; x_wconf 84' lang='lat' dir='ltr'><strong>differentias</strong></span> <span class='ocrx_word' id='word_1_151' title='bbox 1223 1275 1375 1336; x_wconf 90' lang='lat' dir='ltr'><strong>potissimum</strong></span> <span class='ocrx_word' id='word_1_152' title='bbox 1389 1289 1447 1324; x_wconf 88' lang='lat' dir='ltr'><strong>con-</strong></span> 
     </span>
     <span class='ocr_line' id='line_1_14' title="bbox 106 1342 1448 1410; baseline 0.001 -17"><span class='ocrx_word' id='word_1_153' title='bbox 106 1343 191 1393; x_wconf 61' lang='lat' dir='ltr'><strong>luere</strong></span> <span class='ocrx_word' id='word_1_154' title='bbox 209 1342 297 1392; x_wconf 89' lang='lat' dir='ltr'><strong>virium</strong></span> <span class='ocrx_word' id='word_1_155' title='bbox 316 1342 489 1402; x_wconf 76' lang='lat' dir='ltr'><strong>differentiam,</strong></span> <span class='ocrx_word' id='word_1_156' title='bbox 509 1351 536 1393; x_wconf 88' lang='lat' dir='ltr'><strong>ut</strong></span> <span class='ocrx_word' id='word_1_157' title='bbox 558 1344 622 1394; x_wconf 87' lang='lat' dir='ltr'><strong>aliae</strong></span> <span class='ocrx_word' id='word_1_158' title='bbox 640 1344 732 1395; x_wconf 84' lang='lat' dir='ltr'><strong>herbae</strong></span> <span class='ocrx_word' id='word_1_159' title='bbox 751 1346 862 1395; x_wconf 90' lang='lat' dir='ltr'><strong>habeant</strong></span> <span class='ocrx_word' id='word_1_160' title='bbox 879 1346 928 1394; x_wconf 84' lang='lat' dir='ltr'><strong>rim</strong></span> <span class='ocrx_word' id='word_1_161' title='bbox 947 1345 1082 1410; x_wconf 86' lang='lat' dir='ltr'><strong>digerendi.</strong></span> <span class='ocrx_word' id='word_1_162' title='bbox 1103 1344 1271 1404; x_wconf 86' lang='lat' dir='ltr'><strong>mollificandi,</strong></span> <span class='ocrx_word' id='word_1_163' title='bbox 1296 1344 1448 1398; x_wconf 80' lang='lat' dir='ltr'><strong>attrahendi.</strong></span> 
     </span>
     <span class='ocr_line' id='line_1_15' title="bbox 106 1413 1450 1479; baseline 0.001 -18"><span class='ocrx_word' id='word_1_164' title='bbox 106 1413 241 1473; x_wconf 85' lang='lat' dir='ltr'><strong>utinandi,</strong></span> <span class='ocrx_word' id='word_1_165' title='bbox 263 1413 328 1463; x_wconf 87' lang='lat' dir='ltr'><strong>aliae</strong></span> <span class='ocrx_word' id='word_1_166' title='bbox 345 1414 522 1464; x_wconf 88' lang='lat' dir='ltr'><strong>mundificandi</strong></span> <span class='ocrx_word' id='word_1_167' title='bbox 541 1421 707 1478; x_wconf 83' lang='lat' dir='ltr'><strong>potestatem,</strong></span> <span class='ocrx_word' id='word_1_168' title='bbox 733 1417 798 1466; x_wconf 89' lang='lat' dir='ltr'><strong>aliae</strong></span> <span class='ocrx_word' id='word_1_169' title='bbox 818 1416 998 1472; x_wconf 81' lang='lat' dir='ltr'><strong>calefaciendi,</strong></span> <span class='ocrx_word' id='word_1_170' title='bbox 1024 1416 1090 1465; x_wconf 88' lang='lat' dir='ltr'><strong>aliae</strong></span> <span class='ocrx_word' id='word_1_171' title='bbox 1109 1415 1268 1479; x_wconf 78' lang='lat' dir='ltr'><strong>refrigerandi</strong></span> <span class='ocrx_word' id='word_1_172' title='bbox 1292 1416 1355 1470; x_wconf 88' lang='lat' dir='ltr'><strong>vim.</strong></span> <span class='ocrx_word' id='word_1_173' title='bbox 1379 1423 1450 1479; x_wconf 91' lang='lat' dir='ltr'><strong>prout</strong></span> 
     </span>
     <span class='ocr_line' id='line_1_16' title="bbox 106 1484 1446 1549; baseline 0.001 -15"><span class='ocrx_word' id='word_1_174' title='bbox 106 1485 164 1534; x_wconf 76' lang='lat' dir='ltr'><strong>usis</strong></span> <span class='ocrx_word' id='word_1_175' title='bbox 182 1484 281 1533; x_wconf 86' lang='lat' dir='ltr'><strong>illarum</strong></span> <span class='ocrx_word' id='word_1_176' title='bbox 300 1485 417 1534; x_wconf 86' lang='lat' dir='ltr'><strong>admittit.</strong></span> <span class='ocrx_word' id='word_1_177' title='bbox 456 1484 527 1545; x_wconf 86' lang='lat' dir='ltr'><strong>Quod</strong></span> <span class='ocrx_word' id='word_1_178' title='bbox 546 1487 571 1536; x_wconf 91' lang='lat' dir='ltr'><strong>in</strong></span> <span class='ocrx_word' id='word_1_179' title='bbox 589 1486 626 1535; x_wconf 92' lang='lat' dir='ltr'><strong>his</strong></span> <span class='ocrx_word' id='word_1_180' title='bbox 644 1488 707 1535; x_wconf 86' lang='lat' dir='ltr'><strong>rires</strong></span> <span class='ocrx_word' id='word_1_181' title='bbox 727 1502 757 1536; x_wconf 88' lang='lat' dir='ltr'><strong>ex</strong></span> <span class='ocrx_word' id='word_1_182' title='bbox 775 1489 853 1543; x_wconf 86' lang='lat' dir='ltr'><strong>crasi,</strong></span> <span class='ocrx_word' id='word_1_183' title='bbox 881 1487 906 1536; x_wconf 94' lang='lat' dir='ltr'><strong>id</strong></span> <span class='ocrx_word' id='word_1_184' title='bbox 925 1489 949 1536; x_wconf 92' lang='lat' dir='ltr'><strong>in</strong></span> <span class='ocrx_word' id='word_1_185' title='bbox 970 1488 1086 1536; x_wconf 89' lang='lat' dir='ltr'><strong>animatis</strong></span> <span class='ocrx_word' id='word_1_186' title='bbox 1106 1487 1245 1549; x_wconf 90' lang='lat' dir='ltr'><strong>corporibus</strong></span> <span class='ocrx_word' id='word_1_187' title='bbox 1264 1494 1322 1535; x_wconf 87' lang='lat' dir='ltr'><strong>sunt</strong></span> <span class='ocrx_word' id='word_1_188' title='bbox 1341 1487 1446 1536; x_wconf 88' lang='lat' dir='ltr'><strong>inclina·</strong></span> 
     </span>
     <span class='ocr_line' id='line_1_17' title="bbox 106 1555 1446 1621; baseline 0.001 -16"><span class='ocrx_word' id='word_1_189' title='bbox 106 1569 177 1605; x_wconf 79' lang='lat' dir='ltr'><strong>ines.</strong></span> <span class='ocrx_word' id='word_1_190' title='bbox 217 1555 286 1606; x_wconf 86' lang='lat' dir='ltr'><strong>Dicis</strong></span> <span class='ocrx_word' id='word_1_191' title='bbox 305 1571 413 1621; x_wconf 81' lang='lat' dir='ltr'><strong>quoqne.</strong></span> <span class='ocrx_word' id='word_1_192' title='bbox 444 1557 554 1607; x_wconf 88' lang='lat' dir='ltr'><strong>animum</strong></span> <span class='ocrx_word' id='word_1_193' title='bbox 581 1557 719 1608; x_wconf 78' lang='lat' dir='ltr'><strong>rehabere</strong></span> <span class='ocrx_word' id='word_1_194' title='bbox 747 1559 779 1609; x_wconf 91' lang='lat' dir='ltr'><strong>ad</strong></span> <span class='ocrx_word' id='word_1_195' title='bbox 799 1559 917 1609; x_wconf 87' lang='lat' dir='ltr'><strong>coelestia</strong></span> <span class='ocrx_word' id='word_1_196' title='bbox 941 1558 1005 1608; x_wconf 92' lang='lat' dir='ltr'><strong>haec</strong></span> <span class='ocrx_word' id='word_1_197' title='bbox 1023 1560 1110 1619; x_wconf 81' lang='grc' dir='ltr'><em>παθη,</em></span> <span class='ocrx_word' id='word_1_198' title='bbox 1138 1565 1167 1606; x_wconf 91' lang='grc' dir='ltr'><strong>ιιι</strong></span> <span class='ocrx_word' id='word_1_199' title='bbox 1186 1557 1270 1606; x_wconf 87' lang='lat' dir='ltr'><strong>oculus</strong></span> <span class='ocrx_word' id='word_1_200' title='bbox 1296 1558 1329 1607; x_wconf 87' lang='lat' dir='ltr'><strong>sd</strong></span> <span class='ocrx_word' id='word_1_201' title='bbox 1356 1558 1446 1614; x_wconf 90' lang='lat' dir='ltr'><strong>lucem,</strong></span> 
     </span>
     <span class='ocr_line' id='line_1_18' title="bbox 106 1624 1445 1692; baseline 0 -15"><span class='ocrx_word' id='word_1_202' title='bbox 106 1627 154 1677; x_wconf 78' lang='lat' dir='ltr'><strong>nis</strong></span> <span class='ocrx_word' id='word_1_203' title='bbox 173 1625 208 1676; x_wconf 91' lang='lat' dir='ltr'><strong>ad</strong></span> <span class='ocrx_word' id='word_1_204' title='bbox 226 1641 313 1676; x_wconf 89' lang='lat' dir='ltr'><strong>sonum</strong></span> <span class='ocrx_word' id='word_1_205' title='bbox 332 1631 368 1692; x_wconf 79' lang='lat' dir='ltr'><strong>(p.</strong></span> <span class='ocrx_word' id='word_1_206' title='bbox 389 1624 464 1687; x_wconf 81' lang='lat' dir='ltr'><strong>ato).</strong></span> <span class='ocrx_word' id='word_1_207' title='bbox 501 1629 573 1679; x_wconf 86' lang='lat' dir='ltr'><strong>Haec</strong></span> <span class='ocrx_word' id='word_1_208' title='bbox 592 1644 641 1678; x_wconf 93' lang='lat' dir='ltr'><strong>non</strong></span> <span class='ocrx_word' id='word_1_209' title='bbox 660 1630 767 1681; x_wconf 89' lang='lat' dir='ltr'><strong>absurde</strong></span> <span class='ocrx_word' id='word_1_210' title='bbox 786 1631 854 1679; x_wconf 89' lang='lat' dir='ltr'><strong>dicta</strong></span> <span class='ocrx_word' id='word_1_211' title='bbox 872 1637 943 1686; x_wconf 89' lang='lat' dir='ltr'><strong>sunt,</strong></span> <span class='ocrx_word' id='word_1_212' title='bbox 971 1639 1065 1679; x_wconf 89' lang='lat' dir='ltr'><strong>certam</strong></span> <span class='ocrx_word' id='word_1_213' title='bbox 1084 1631 1149 1679; x_wconf 89' lang='lat' dir='ltr'><strong>enim</strong></span> <span class='ocrx_word' id='word_1_214' title='bbox 1176 1630 1326 1691; x_wconf 86' lang='lat' dir='ltr'><strong>superiorum</strong></span> <span class='ocrx_word' id='word_1_215' title='bbox 1346 1629 1445 1679; x_wconf 87' lang='lat' dir='ltr'><strong>relatio·</strong></span> 
     </span>
     <span class='ocr_line' id='line_1_19' title="bbox 106 1697 1448 1765; baseline 0 -18"><span class='ocrx_word' id='word_1_216' title='bbox 106 1712 144 1747; x_wconf 81' lang='lat' dir='ltr'><strong>nn</strong></span> <span class='ocrx_word' id='word_1_217' title='bbox 164 1698 198 1748; x_wconf 86' lang='lat' dir='ltr'><strong>ad</strong></span> <span class='ocrx_word' id='word_1_218' title='bbox 217 1697 333 1747; x_wconf 79' lang='lat' dir='ltr'><strong>inferiora</strong></span> <span class='ocrx_word' id='word_1_219' title='bbox 351 1713 406 1748; x_wconf 90' lang='lat' dir='ltr'><strong>esse</strong></span> <span class='ocrx_word' id='word_1_220' title='bbox 424 1700 477 1763; x_wconf 90' lang='lat' dir='ltr'><strong>ipse</strong></span> <span class='ocrx_word' id='word_1_221' title='bbox 497 1699 563 1750; x_wconf 89' lang='lat' dir='ltr'><strong>clare</strong></span> <span class='ocrx_word' id='word_1_222' title='bbox 582 1701 659 1761; x_wconf 89' lang='lat' dir='ltr'><strong>innui,</strong></span> <span class='ocrx_word' id='word_1_223' title='bbox 678 1702 722 1750; x_wconf 86' lang='lat' dir='ltr'><strong>sed</strong></span> <span class='ocrx_word' id='word_1_224' title='bbox 741 1718 790 1750; x_wconf 93' lang='lat' dir='ltr'><strong>non</strong></span> <span class='ocrx_word' id='word_1_225' title='bbox 810 1716 839 1750; x_wconf 91' lang='lat' dir='ltr'><strong>eo</strong></span> <span class='ocrx_word' id='word_1_226' title='bbox 851 1701 933 1755; x_wconf 85' lang='lat' dir='ltr'><strong>modo,</strong></span> <span class='ocrx_word' id='word_1_227' title='bbox 953 1716 1000 1764; x_wconf 88' lang='lat' dir='ltr'><strong>qno</strong></span> <span class='ocrx_word' id='word_1_228' title='bbox 1018 1708 1046 1750; x_wconf 88' lang='lat' dir='ltr'><strong>tu</strong></span> <span class='ocrx_word' id='word_1_229' title='bbox 1064 1700 1189 1764; x_wconf 89' lang='lat' dir='ltr'><strong>intelligis,</strong></span> <span class='ocrx_word' id='word_1_230' title='bbox 1209 1715 1258 1748; x_wconf 92' lang='lat' dir='ltr'><strong>non</strong></span> <span class='ocrx_word' id='word_1_231' title='bbox 1272 1700 1337 1765; x_wconf 82' lang='lat' dir='ltr'><strong>qnod</strong></span> <span class='ocrx_word' id='word_1_232' title='bbox 1350 1701 1448 1749; x_wconf 88' lang='lat' dir='ltr'><strong>animus</strong></span> 
     </span>
     <span class='ocr_line' id='line_1_20' title="bbox 106 1768 1447 1837; baseline 0.001 -19"><span class='ocrx_word' id='word_1_233' title='bbox 106 1768 114 1818; x_wconf 93' lang='grc' dir='ltr'>Ι</span> <span class='ocrx_word' id='word_1_234' title='bbox 136 1769 261 1818; x_wconf 87' lang='lat' dir='ltr'><strong>coelestes</strong></span> <span class='ocrx_word' id='word_1_235' title='bbox 279 1769 456 1820; x_wconf 84' lang='lat' dir='ltr'><strong>inclinationes</strong></span> <span class='ocrx_word' id='word_1_236' title='bbox 475 1771 510 1821; x_wconf 91' lang='lat' dir='ltr'><strong>sic</strong></span> <span class='ocrx_word' id='word_1_237' title='bbox 531 1786 558 1820; x_wconf 90' lang='lat' dir='ltr'><strong>se</strong></span> <span class='ocrx_word' id='word_1_238' title='bbox 576 1771 685 1828; x_wconf 87' lang='lat' dir='ltr'><strong>habeat.</strong></span> <span class='ocrx_word' id='word_1_239' title='bbox 711 1773 754 1822; x_wconf 87' lang='lat' dir='ltr'><strong>sed</strong></span> <span class='ocrx_word' id='word_1_240' title='bbox 773 1772 836 1837; x_wconf 89' lang='lat' dir='ltr'><strong>qnod</strong></span> <span class='ocrx_word' id='word_1_241' title='bbox 855 1772 944 1836; x_wconf 84' lang='lat' dir='ltr'><strong>singuli</strong></span> <span class='ocrx_word' id='word_1_242' title='bbox 964 1773 1070 1834; x_wconf 90' lang='lat' dir='ltr'><strong>corporis</strong></span> <span class='ocrx_word' id='word_1_243' title='bbox 1092 1771 1206 1820; x_wconf 84' lang='lat' dir='ltr'><strong>humores</strong></span> <span class='ocrx_word' id='word_1_244' title='bbox 1226 1771 1389 1820; x_wconf 84' lang='lat' dir='ltr'><strong>elementares</strong></span> <span class='ocrx_word' id='word_1_245' title='bbox 1409 1784 1447 1819; x_wconf 88' lang='lat' dir='ltr'><strong>re·</strong></span> 
     </span>
     <span class='ocr_line' id='line_1_21' title="bbox 106 1840 1448 1904; baseline 0.001 -16"><span class='ocrx_word' id='word_1_246' title='bbox 106 1840 195 1889; x_wconf 86' lang='lat' dir='ltr'><strong>iciant</strong></span> <span class='ocrx_word' id='word_1_247' title='bbox 214 1840 322 1904; x_wconf 87' lang='lat' dir='ltr'><strong>singulos</strong></span> <span class='ocrx_word' id='word_1_248' title='bbox 340 1840 467 1903; x_wconf 86' lang='lat' dir='ltr'><strong>planetas,</strong></span> <span class='ocrx_word' id='word_1_249' title='bbox 486 1847 515 1890; x_wconf 91' lang='grc' dir='ltr'><strong>ιιι</strong></span> <span class='ocrx_word' id='word_1_250' title='bbox 533 1842 651 1892; x_wconf 88' lang='lat' dir='ltr'><strong>videlicet</strong></span> <span class='ocrx_word' id='word_1_251' title='bbox 668 1842 684 1903; x_wconf 70' lang='lat' dir='ltr'><strong>i</strong></span> <span class='ocrx_word' id='word_1_252' title='bbox 702 1844 832 1894; x_wconf 88' lang='lat' dir='ltr'><strong>relativam</strong></span> <span class='ocrx_word' id='word_1_253' title='bbox 852 1843 899 1892; x_wconf 90' lang='lat' dir='ltr'><strong>vim</strong></span> <span class='ocrx_word' id='word_1_254' title='bbox 927 1843 1021 1892; x_wconf 89' lang='lat' dir='ltr'><strong>habeat</strong></span> <span class='ocrx_word' id='word_1_255' title='bbox 1047 1841 1080 1891; x_wconf 92' lang='lat' dir='ltr'><strong>ad</strong></span> <span class='ocrx_word' id='word_1_256' title='bbox 1097 1841 1224 1890; x_wconf 90' lang='lat' dir='ltr'><strong>humorem</strong></span> <span class='ocrx_word' id='word_1_257' title='bbox 1242 1841 1448 1892; x_wconf 86' lang='lat' dir='ltr'><strong>melancholicnm</strong></span> 
     </span>
     <span class='ocr_line' id='line_1_22' title="bbox 106 1906 1197 1978; baseline -0.001 -17"><span class='ocrx_word' id='word_1_258' title='bbox 106 1911 262 1967; x_wconf 81' lang='lat' dir='ltr'><strong>reitandum,</strong></span> <span class='ocrx_word' id='word_1_259' title='bbox 281 1912 472 1969; x_wconf 88' lang='lat' dir='ltr'><strong>stimulandum,</strong></span> <span class='ocrx_word' id='word_1_260' title='bbox 491 1914 673 1978; x_wconf 71' lang='lat' dir='ltr'><strong>vegetandum</strong></span> <span class='ocrx_word' id='word_1_261' title='bbox 693 1914 719 1975; x_wconf 72' lang='lat' dir='ltr'><strong>&lt;i</strong></span> <span class='ocrx_word' id='word_1_262' title='bbox 739 1915 771 1964; x_wconf 92' lang='lat' dir='ltr'><strong>ad</strong></span> <span class='ocrx_word' id='word_1_263' title='bbox 790 1915 927 1969; x_wconf 91' lang='lat' dir='ltr'><strong>choleram,</strong></span> <span class='ocrx_word' id='word_1_264' title='bbox 947 1906 971 1975; x_wconf 71' lang='grc' dir='ltr'><strong>Ω</strong></span> <span class='ocrx_word' id='word_1_265' title='bbox 992 1913 1024 1963; x_wconf 90' lang='lat' dir='ltr'><strong>ad</strong></span> <span class='ocrx_word' id='word_1_266' title='bbox 1042 1915 1197 1978; x_wconf 84' lang='lat' dir='ltr'><strong>sanguinem.</strong></span> 
     </span>
    </p>

    <p class='ocr_par' dir='ltr' id='par_1_4' title="bbox 106 1981 1448 2192">
     <span class='ocr_line' id='line_1_23' title="bbox 158 1981 1447 2049; baseline 0 -18"><span class='ocrx_word' id='word_1_267' title='bbox 158 1981 189 2032; x_wconf 90' lang='lat' dir='ltr'><strong>In</strong></span> <span class='ocrx_word' id='word_1_268' title='bbox 207 1997 318 2040; x_wconf 86' lang='lat' dir='ltr'><strong>summa,</strong></span> <span class='ocrx_word' id='word_1_269' title='bbox 338 1983 407 2042; x_wconf 89' lang='lat' dir='ltr'><strong>dico,</strong></span> <span class='ocrx_word' id='word_1_270' title='bbox 426 1984 508 2034; x_wconf 81' lang='lat' dir='ltr'><strong>nullas</strong></span> <span class='ocrx_word' id='word_1_271' title='bbox 526 1985 658 2048; x_wconf 88' lang='lat' dir='ltr'><strong>qualitates</strong></span> <span class='ocrx_word' id='word_1_272' title='bbox 677 1988 768 2049; x_wconf 90' lang='lat' dir='ltr'><strong>primas</strong></span> <span class='ocrx_word' id='word_1_273' title='bbox 795 1992 839 2035; x_wconf 90' lang='lat' dir='ltr'><strong>ant</strong></span> <span class='ocrx_word' id='word_1_274' title='bbox 857 1987 980 2035; x_wconf 86' lang='lat' dir='ltr'><strong>secundas</strong></span> <span class='ocrx_word' id='word_1_275' title='bbox 998 1992 1098 2048; x_wconf 89' lang='lat' dir='ltr'><strong>praeter</strong></span> <span class='ocrx_word' id='word_1_276' title='bbox 1119 1984 1271 2034; x_wconf 88' lang='lat' dir='ltr'><strong>caliditatem</strong></span> <span class='ocrx_word' id='word_1_277' title='bbox 1291 1990 1317 2033; x_wconf 91' lang='lat' dir='ltr'><strong>et</strong></span> <span class='ocrx_word' id='word_1_278' title='bbox 1334 1981 1447 2033; x_wconf 86' lang='lat' dir='ltr'><strong>lucidita-</strong></span> 
     </span>
     <span class='ocr_line' id='line_1_24' title="bbox 106 2054 1448 2121; baseline 0.001 -21"><span class='ocrx_word' id='word_1_279' title='bbox 106 2069 155 2111; x_wconf 87' lang='lat' dir='ltr'><strong>un,</strong></span> <span class='ocrx_word' id='word_1_280' title='bbox 176 2059 206 2102; x_wconf 90' lang='lat' dir='ltr'><strong>nt</strong></span> <span class='ocrx_word' id='word_1_281' title='bbox 223 2069 270 2103; x_wconf 91' lang='lat' dir='ltr'><strong>nec</strong></span> <span class='ocrx_word' id='word_1_282' title='bbox 289 2054 351 2105; x_wconf 91' lang='lat' dir='ltr'><strong>ullas</strong></span> <span class='ocrx_word' id='word_1_283' title='bbox 370 2054 543 2105; x_wconf 87' lang='lat' dir='ltr'><strong>inclinationes</strong></span> <span class='ocrx_word' id='word_1_284' title='bbox 562 2057 643 2106; x_wconf 90' lang='lat' dir='ltr'><strong>inesse</strong></span> <span class='ocrx_word' id='word_1_285' title='bbox 662 2057 785 2121; x_wconf 88' lang='lat' dir='ltr'><strong>planetis;</strong></span> <span class='ocrx_word' id='word_1_286' title='bbox 812 2059 848 2106; x_wconf 83' lang='lat' dir='ltr'><strong>ris</strong></span> <span class='ocrx_word' id='word_1_287' title='bbox 866 2072 923 2107; x_wconf 83' lang='lat' dir='ltr'><strong>vero</strong></span> <span class='ocrx_word' id='word_1_288' title='bbox 942 2057 1075 2121; x_wconf 83' lang='lat' dir='ltr'><strong>vegetandi</strong></span> <span class='ocrx_word' id='word_1_289' title='bbox 1094 2057 1119 2104; x_wconf 93' lang='lat' dir='ltr'><strong>in</strong></span> <span class='ocrx_word' id='word_1_290' title='bbox 1138 2055 1245 2118; x_wconf 87' lang='lat' dir='ltr'><strong>planetis</strong></span> <span class='ocrx_word' id='word_1_291' title='bbox 1270 2070 1319 2104; x_wconf 93' lang='lat' dir='ltr'><strong>non</strong></span> <span class='ocrx_word' id='word_1_292' title='bbox 1338 2061 1391 2105; x_wconf 88' lang='lat' dir='ltr'><strong>tam</strong></span> <span class='ocrx_word' id='word_1_293' title='bbox 1410 2060 1448 2103; x_wconf 87' lang='lat' dir='ltr'><strong>est</strong></span> 
     </span>
     <span class='ocr_line' id='line_1_25' title="bbox 106 2124 1397 2192; baseline -0.001 -17"><span class='ocrx_word' id='word_1_294' title='bbox 106 2124 219 2180; x_wconf 65' lang='lat' dir='ltr'><strong>malis,</strong></span> <span class='ocrx_word' id='word_1_295' title='bbox 239 2139 312 2189; x_wconf 87' lang='lat' dir='ltr'><strong>qnam</strong></span> <span class='ocrx_word' id='word_1_296' title='bbox 331 2126 436 2176; x_wconf 86' lang='lat' dir='ltr'><strong>relativa</strong></span> <span class='ocrx_word' id='word_1_297' title='bbox 455 2128 656 2177; x_wconf 88' lang='lat' dir='ltr'><strong>exordinatione</strong></span> <span class='ocrx_word' id='word_1_298' title='bbox 676 2128 767 2178; x_wconf 81' lang='lat' dir='ltr'><strong>divina.</strong></span> <span class='ocrx_word' id='word_1_299' title='bbox 788 2126 958 2192; x_wconf 86' lang='lat' dir='ltr'><strong>(Keplerus</strong></span> <span class='ocrx_word' id='word_1_300' title='bbox 976 2129 1002 2175; x_wconf 94' lang='lat' dir='ltr'><strong>in</strong></span> <span class='ocrx_word' id='word_1_301' title='bbox 1021 2128 1146 2192; x_wconf 86' lang='lat' dir='ltr'><strong>margine:</strong></span> <span class='ocrx_word' id='word_1_302' title='bbox 1166 2126 1231 2175; x_wconf 89' lang='lat' dir='ltr'><strong>Pons</strong></span> <span class='ocrx_word' id='word_1_303' title='bbox 1251 2124 1397 2186; x_wconf 88' lang='lat' dir='ltr'><strong>asinorum)</strong></span> 
     </span>
    </p>

    <p class='ocr_par' dir='ltr' id='par_1_5' title="bbox 106 2195 1448 2904">
     <span class='ocr_line' id='line_1_26' title="bbox 158 2195 1446 2256; baseline 0.004 -13"><span class='ocrx_word' id='word_1_304' title='bbox 158 2195 248 2244; x_wconf 87' lang='lat' dir='ltr'><strong>Porro:</strong></span> <span class='ocrx_word' id='word_1_305' title='bbox 274 2197 294 2244; x_wconf 92' lang='lat' dir='ltr'><strong>si</strong></span> <span class='ocrx_word' id='word_1_306' title='bbox 317 2197 491 2247; x_wconf 90' lang='lat' dir='ltr'><strong>inclinationes</strong></span> <span class='ocrx_word' id='word_1_307' title='bbox 515 2199 547 2247; x_wconf 92' lang='lat' dir='ltr'><strong>ab</strong></span> <span class='ocrx_word' id='word_1_308' title='bbox 570 2196 657 2256; x_wconf 85' lang='lat' dir='ltr'><strong>as’tris,</strong></span> <span class='ocrx_word' id='word_1_309' title='bbox 685 2200 782 2250; x_wconf 88' lang='lat' dir='ltr'><strong>malitia</strong></span> <span class='ocrx_word' id='word_1_310' title='bbox 799 2214 856 2249; x_wconf 91' lang='lat' dir='ltr'><strong>vero</strong></span> <span class='ocrx_word' id='word_1_311' title='bbox 876 2214 958 2249; x_wconf 88' lang='lat' dir='ltr'><strong>eoram</strong></span> <span class='ocrx_word' id='word_1_312' title='bbox 977 2198 1092 2253; x_wconf 85' lang='lat' dir='ltr'><strong>aliunde,</strong></span> <span class='ocrx_word' id='word_1_313' title='bbox 1117 2204 1176 2247; x_wconf 88' lang='lat' dir='ltr'><strong>tunc</strong></span> <span class='ocrx_word' id='word_1_314' title='bbox 1196 2198 1228 2246; x_wconf 90' lang='lat' dir='ltr'><strong>ad</strong></span> <span class='ocrx_word' id='word_1_315' title='bbox 1247 2197 1446 2248; x_wconf 86' lang='lat' dir='ltr'><strong>constituendum</strong></span> 
     </span>
     <span class='ocr_line' id='line_1_27' title="bbox 106 2267 1447 2333; baseline 0.001 -16"><span class='ocrx_word' id='word_1_316' title='bbox 106 2273 183 2317; x_wconf 70' lang='lat' dir='ltr'><strong>mm</strong></span> <span class='ocrx_word' id='word_1_317' title='bbox 203 2267 234 2317; x_wconf 92' lang='lat' dir='ltr'><strong>de</strong></span> <span class='ocrx_word' id='word_1_318' title='bbox 251 2267 453 2318; x_wconf 85' lang='lat' dir='ltr'><strong>inclinationibus</strong></span> <span class='ocrx_word' id='word_1_319' title='bbox 469 2269 589 2332; x_wconf 73' lang='lat' dir='ltr'><strong>judicium</strong></span> <span class='ocrx_word' id='word_1_320' title='bbox 613 2286 662 2320; x_wconf 92' lang='lat' dir='ltr'><strong>non</strong></span> <span class='ocrx_word' id='word_1_321' title='bbox 681 2271 759 2320; x_wconf 91' lang='lat' dir='ltr'><strong>solum</strong></span> <span class='ocrx_word' id='word_1_322' title='bbox 785 2278 855 2321; x_wconf 87' lang='lat' dir='ltr'><strong>astra</strong></span> <span class='ocrx_word' id='word_1_323' title='bbox 873 2270 1056 2321; x_wconf 87' lang='lat' dir='ltr'><strong>consideranda</strong></span> <span class='ocrx_word' id='word_1_324' title='bbox 1073 2276 1158 2325; x_wconf 88' lang='lat' dir='ltr'><strong>erunt,</strong></span> <span class='ocrx_word' id='word_1_325' title='bbox 1184 2269 1229 2319; x_wconf 85' lang='lat' dir='ltr'><strong>sed</strong></span> <span class='ocrx_word' id='word_1_326' title='bbox 1256 2269 1332 2318; x_wconf 82' lang='lat' dir='ltr'><strong>aninri</strong></span> <span class='ocrx_word' id='word_1_327' title='bbox 1352 2283 1447 2333; x_wconf 86' lang='lat' dir='ltr'><strong>quoque</strong></span> 
     </span>
     <span class='ocr_line' id='line_1_28' title="bbox 116 2339 1445 2408; baseline 0.001 -19"><span class='ocrx_word' id='word_1_328' title='bbox 116 2339 220 2389; x_wconf 84' lang='lat' dir='ltr'><strong>malitia</strong></span> <span class='ocrx_word' id='word_1_329' title='bbox 238 2341 317 2404; x_wconf 88' lang='lat' dir='ltr'><strong>magis</strong></span> <span class='ocrx_word' id='word_1_330' title='bbox 336 2341 448 2390; x_wconf 90' lang='lat' dir='ltr'><strong>minusve</strong></span> <span class='ocrx_word' id='word_1_331' title='bbox 469 2343 633 2391; x_wconf 87' lang='lat' dir='ltr'><strong>contaminati</strong></span> <span class='ocrx_word' id='word_1_332' title='bbox 651 2342 771 2393; x_wconf 90' lang='lat' dir='ltr'><strong>habitudo</strong></span> <span class='ocrx_word' id='word_1_333' title='bbox 791 2342 915 2408; x_wconf 81' lang='lat' dir='ltr'><strong>astrologo</strong></span> <span class='ocrx_word' id='word_1_334' title='bbox 934 2341 1182 2406; x_wconf 87' lang='lat' dir='ltr'><strong>praecognoscenda,</strong></span> <span class='ocrx_word' id='word_1_335' title='bbox 1203 2347 1229 2389; x_wconf 94' lang='lat' dir='ltr'><strong>et</strong></span> <span class='ocrx_word' id='word_1_336' title='bbox 1248 2339 1319 2388; x_wconf 91' lang='lat' dir='ltr'><strong>simul</strong></span> <span class='ocrx_word' id='word_1_337' title='bbox 1337 2340 1363 2388; x_wconf 94' lang='lat' dir='ltr'><strong>in</strong></span> <span class='ocrx_word' id='word_1_338' title='bbox 1379 2341 1445 2402; x_wconf 86' lang='lat' dir='ltr'><strong>judl-</strong></span> 
     </span>
     <span class='ocr_line' id='line_1_29' title="bbox 106 2409 1446 2478; baseline 0.001 -18"><span class='ocrx_word' id='word_1_339' title='bbox 106 2424 154 2460; x_wconf 86' lang='lat' dir='ltr'><strong>um</strong></span> <span class='ocrx_word' id='word_1_340' title='bbox 173 2409 316 2459; x_wconf 86' lang='lat' dir='ltr'><strong>adhibenda</strong></span> <span class='ocrx_word' id='word_1_341' title='bbox 334 2412 388 2460; x_wconf 90' lang='lat' dir='ltr'><strong>erit.</strong></span> <span class='ocrx_word' id='word_1_342' title='bbox 426 2411 519 2462; x_wconf 88' lang='lat' dir='ltr'><strong>Verum</strong></span> <span class='ocrx_word' id='word_1_343' title='bbox 538 2413 676 2478; x_wconf 78' lang='lat' dir='ltr'><strong>astrologus</strong></span> <span class='ocrx_word' id='word_1_344' title='bbox 692 2413 790 2476; x_wconf 78' lang='lat' dir='ltr'><strong>judicat</strong></span> <span class='ocrx_word' id='word_1_345' title='bbox 809 2413 960 2462; x_wconf 88' lang='lat' dir='ltr'><strong>solummodo</strong></span> <span class='ocrx_word' id='word_1_346' title='bbox 976 2416 1048 2475; x_wconf 82' lang='lat' dir='ltr'><strong>juxta</strong></span> <span class='ocrx_word' id='word_1_347' title='bbox 1066 2413 1172 2476; x_wconf 91' lang='lat' dir='ltr'><strong>positum</strong></span> <span class='ocrx_word' id='word_1_348' title='bbox 1192 2410 1254 2461; x_wconf 88' lang='lat' dir='ltr'><strong>coeli</strong></span> <span class='ocrx_word' id='word_1_349' title='bbox 1274 2417 1299 2461; x_wconf 91' lang='lat' dir='ltr'><strong>et</strong></span> <span class='ocrx_word' id='word_1_350' title='bbox 1318 2410 1446 2462; x_wconf 88' lang='lat' dir='ltr'><strong>diversita-</strong></span> 
     </span>
     <span class='ocr_line' id='line_1_30' title="bbox 106 2482 1447 2549; baseline 0.002 -20"><span class='ocrx_word' id='word_1_351' title='bbox 106 2495 136 2530; x_wconf 84' lang='lat' dir='ltr'><strong>m</strong></span> <span class='ocrx_word' id='word_1_352' title='bbox 157 2488 313 2544; x_wconf 86' lang='lat' dir='ltr'><strong>aspectuum,</strong></span> <span class='ocrx_word' id='word_1_353' title='bbox 332 2488 404 2545; x_wconf 89' lang='lat' dir='ltr'><strong>prout</strong></span> <span class='ocrx_word' id='word_1_354' title='bbox 421 2483 455 2531; x_wconf 89' lang='lat' dir='ltr'><strong>illi</strong></span> <span class='ocrx_word' id='word_1_355' title='bbox 475 2490 519 2532; x_wconf 93' lang='lat' dir='ltr'><strong>aut</strong></span> <span class='ocrx_word' id='word_1_356' title='bbox 538 2485 618 2547; x_wconf 88' lang='lat' dir='ltr'><strong>asperi</strong></span> <span class='ocrx_word' id='word_1_357' title='bbox 638 2491 682 2533; x_wconf 89' lang='lat' dir='ltr'><strong>aut</strong></span> <span class='ocrx_word' id='word_1_358' title='bbox 693 2486 802 2534; x_wconf 89' lang='lat' dir='ltr'><strong>mitiores</strong></span> <span class='ocrx_word' id='word_1_359' title='bbox 821 2492 886 2533; x_wconf 91' lang='lat' dir='ltr'><strong>sunt.</strong></span> <span class='ocrx_word' id='word_1_360' title='bbox 924 2484 989 2549; x_wconf 85' lang='lat' dir='ltr'><strong>Ergo</strong></span> <span class='ocrx_word' id='word_1_361' title='bbox 1003 2499 1032 2533; x_wconf 95' lang='lat' dir='ltr'><strong>eo</strong></span> <span class='ocrx_word' id='word_1_362' title='bbox 1045 2485 1097 2547; x_wconf 91' lang='lat' dir='ltr'><strong>ipso</strong></span> <span class='ocrx_word' id='word_1_363' title='bbox 1116 2483 1228 2531; x_wconf 85' lang='lat' dir='ltr'><strong>nolentes</strong></span> <span class='ocrx_word' id='word_1_364' title='bbox 1240 2482 1350 2531; x_wconf 84' lang='lat' dir='ltr'><strong>volentos</strong></span> <span class='ocrx_word' id='word_1_365' title='bbox 1364 2489 1447 2532; x_wconf 89' lang='lat' dir='ltr'><strong>osten·</strong></span> 
     </span>
     <span class='ocr_line' id='line_1_31' title="bbox 106 2552 1444 2618; baseline 0.001 -16"><span class='ocrx_word' id='word_1_366' title='bbox 106 2555 149 2602; x_wconf 76' lang='lat' dir='ltr'><strong>rut</strong></span> <span class='ocrx_word' id='word_1_367' title='bbox 168 2552 301 2616; x_wconf 73' lang='lat' dir='ltr'><strong>annologi,</strong></span> <span class='ocrx_word' id='word_1_368' title='bbox 329 2558 373 2602; x_wconf 85' lang='lat' dir='ltr'><strong>aut</strong></span> <span class='ocrx_word' id='word_1_369' title='bbox 392 2554 463 2603; x_wconf 91' lang='lat' dir='ltr'><strong>simul</strong></span> <span class='ocrx_word' id='word_1_370' title='bbox 481 2554 619 2604; x_wconf 84' lang='lat' dir='ltr'><strong>bonitatem</strong></span> <span class='ocrx_word' id='word_1_371' title='bbox 638 2560 663 2604; x_wconf 89' lang='lat' dir='ltr'><strong>et</strong></span> <span class='ocrx_word' id='word_1_372' title='bbox 681 2556 802 2605; x_wconf 89' lang='lat' dir='ltr'><strong>malitiam</strong></span> <span class='ocrx_word' id='word_1_373' title='bbox 822 2570 877 2604; x_wconf 90' lang='lat' dir='ltr'><strong>cum</strong></span> <span class='ocrx_word' id='word_1_374' title='bbox 895 2556 954 2618; x_wconf 92' lang='lat' dir='ltr'><strong>ipsis</strong></span> <span class='ocrx_word' id='word_1_375' title='bbox 972 2554 1174 2604; x_wconf 89' lang='lat' dir='ltr'><strong>inclinationibus</strong></span> <span class='ocrx_word' id='word_1_376' title='bbox 1197 2555 1222 2602; x_wconf 91' lang='lat' dir='ltr'><strong>in</strong></span> <span class='ocrx_word' id='word_1_377' title='bbox 1242 2554 1330 2602; x_wconf 83' lang='lat' dir='ltr'><strong>animis</strong></span> <span class='ocrx_word' id='word_1_378' title='bbox 1349 2555 1444 2603; x_wconf 82' lang='lat' dir='ltr'><strong>confor-</strong></span> 
     </span>
     <span class='ocr_line' id='line_1_32' title="bbox 106 2621 1448 2690; baseline 0 -17"><span class='ocrx_word' id='word_1_379' title='bbox 106 2623 158 2674; x_wconf 79' lang='lat' dir='ltr'><strong>ari.</strong></span> <span class='ocrx_word' id='word_1_380' title='bbox 179 2631 224 2672; x_wconf 89' lang='lat' dir='ltr'><strong>aut</strong></span> <span class='ocrx_word' id='word_1_381' title='bbox 242 2625 263 2672; x_wconf 88' lang='lat' dir='ltr'><strong>si</strong></span> <span class='ocrx_word' id='word_1_382' title='bbox 281 2624 328 2673; x_wconf 94' lang='lat' dir='ltr'><strong>hoc</strong></span> <span class='ocrx_word' id='word_1_383' title='bbox 346 2624 442 2680; x_wconf 85' lang='lat' dir='ltr'><strong>nolunt.</strong></span> <span class='ocrx_word' id='word_1_384' title='bbox 461 2627 581 2675; x_wconf 89' lang='lat' dir='ltr'><strong>incertam</strong></span> <span class='ocrx_word' id='word_1_385' title='bbox 601 2628 706 2690; x_wconf 89' lang='lat' dir='ltr'><strong>ipsorum</strong></span> <span class='ocrx_word' id='word_1_386' title='bbox 720 2642 774 2676; x_wconf 88' lang='lat' dir='ltr'><strong>esse</strong></span> <span class='ocrx_word' id='word_1_387' title='bbox 790 2627 909 2689; x_wconf 79' lang='lat' dir='ltr'><strong>judicium</strong></span> <span class='ocrx_word' id='word_1_388' title='bbox 929 2625 1118 2690; x_wconf 86' lang='lat' dir='ltr'><strong>(Keplerus:</strong></span> <span class='ocrx_word' id='word_1_389' title='bbox 1137 2621 1278 2685; x_wconf 84' lang='lat' dir='ltr'><strong>omninol),</strong></span> <span class='ocrx_word' id='word_1_390' title='bbox 1298 2625 1336 2673; x_wconf 85' lang='lat' dir='ltr'><strong>vel</strong></span> <span class='ocrx_word' id='word_1_391' title='bbox 1349 2628 1448 2674; x_wconf 88' lang='lat' dir='ltr'><strong>omnino</strong></span> 
     </span>
     <span class='ocr_line' id='line_1_33' title="bbox 106 2695 1446 2761; baseline 0.001 -19"><span class='ocrx_word' id='word_1_392' title='bbox 106 2695 166 2743; x_wconf 82' lang='lat' dir='ltr'><strong>iam</strong></span> <span class='ocrx_word' id='word_1_393' title='bbox 186 2695 218 2743; x_wconf 90' lang='lat' dir='ltr'><strong>ab</strong></span> <span class='ocrx_word' id='word_1_394' title='bbox 238 2697 310 2744; x_wconf 85' lang='lat' dir='ltr'><strong>astris</strong></span> <span class='ocrx_word' id='word_1_395' title='bbox 331 2696 484 2761; x_wconf 79' lang='lat' dir='ltr'><strong>originaliter</strong></span> <span class='ocrx_word' id='word_1_396' title='bbox 501 2696 677 2747; x_wconf 87' lang='lat' dir='ltr'><strong>inclinationes</strong></span> <span class='ocrx_word' id='word_1_397' title='bbox 695 2714 744 2748; x_wconf 91' lang='lat' dir='ltr'><strong>non</strong></span> <span class='ocrx_word' id='word_1_398' title='bbox 763 2698 866 2761; x_wconf 91' lang='lat' dir='ltr'><strong>prodire.</strong></span> <span class='ocrx_word' id='word_1_399' title='bbox 906 2697 1034 2758; x_wconf 88' lang='lat' dir='ltr'><strong>Quomodo</strong></span> <span class='ocrx_word' id='word_1_400' title='bbox 1054 2696 1120 2745; x_wconf 91' lang='lat' dir='ltr'><strong>hunc</strong></span> <span class='ocrx_word' id='word_1_401' title='bbox 1140 2697 1231 2745; x_wconf 89' lang='lat' dir='ltr'><strong>nodum</strong></span> <span class='ocrx_word' id='word_1_402' title='bbox 1251 2696 1367 2745; x_wconf 89' lang='lat' dir='ltr'><strong>Gordium</strong></span> <span class='ocrx_word' id='word_1_403' title='bbox 1381 2711 1446 2746; x_wconf 90' lang='lat' dir='ltr'><strong>com-</strong></span> 
     </span>
     <span class='ocr_line' id='line_1_34' title="bbox 106 2763 1447 2833; baseline 0.001 -18"><span class='ocrx_word' id='word_1_404' title='bbox 106 2763 159 2816; x_wconf 88' lang='lat' dir='ltr'><strong>ode</strong></span> <span class='ocrx_word' id='word_1_405' title='bbox 177 2765 271 2816; x_wconf 86' lang='lat' dir='ltr'><strong>solvere</strong></span> <span class='ocrx_word' id='word_1_406' title='bbox 290 2768 368 2829; x_wconf 88' lang='lat' dir='ltr'><strong>possis</strong></span> <span class='ocrx_word' id='word_1_407' title='bbox 386 2773 431 2816; x_wconf 89' lang='lat' dir='ltr'><strong>unt</strong></span> <span class='ocrx_word' id='word_1_408' title='bbox 449 2767 518 2824; x_wconf 90' lang='lat' dir='ltr'><strong>velis,</strong></span> <span class='ocrx_word' id='word_1_409' title='bbox 537 2783 587 2817; x_wconf 92' lang='lat' dir='ltr'><strong>non</strong></span> <span class='ocrx_word' id='word_1_410' title='bbox 606 2769 686 2824; x_wconf 86' lang='lat' dir='ltr'><strong>video,</strong></span> <span class='ocrx_word' id='word_1_411' title='bbox 707 2785 763 2820; x_wconf 90' lang='lat' dir='ltr'><strong>cum</strong></span> <span class='ocrx_word' id='word_1_412' title='bbox 782 2770 837 2832; x_wconf 91' lang='lat' dir='ltr'><strong>ipsa</strong></span> <span class='ocrx_word' id='word_1_413' title='bbox 855 2770 947 2818; x_wconf 82' lang='lat' dir='ltr'><strong>veritus</strong></span> <span class='ocrx_word' id='word_1_414' title='bbox 966 2770 1004 2817; x_wconf 90' lang='lat' dir='ltr'><strong>sit.</strong></span> <span class='ocrx_word' id='word_1_415' title='bbox 1043 2767 1168 2832; x_wconf 79' lang='lat' dir='ltr'><strong>&#39;inigitur</strong></span> <span class='ocrx_word' id='word_1_416' title='bbox 1191 2775 1276 2831; x_wconf 88' lang='lat' dir='ltr'><strong>aperte</strong></span> <span class='ocrx_word' id='word_1_417' title='bbox 1295 2773 1321 2818; x_wconf 92' lang='lat' dir='ltr'><strong>et</strong></span> <span class='ocrx_word' id='word_1_418' title='bbox 1339 2769 1447 2833; x_wconf 91' lang='lat' dir='ltr'><strong>ingenue</strong></span> 
     </span>
     <span class='ocr_line' id='line_1_35' title="bbox 106 2835 790 2904; baseline 0.003 -18"><span class='ocrx_word' id='word_1_419' title='bbox 106 2835 116 2886; x_wconf 94' lang='grc' dir='ltr'>Ι</span> <span class='ocrx_word' id='word_1_420' title='bbox 135 2835 203 2887; x_wconf 85' lang='lat' dir='ltr'><strong>haec</strong></span> <span class='ocrx_word' id='word_1_421' title='bbox 223 2836 253 2886; x_wconf 94' lang='lat' dir='ltr'><strong>de</strong></span> <span class='ocrx_word' id='word_1_422' title='bbox 272 2837 473 2888; x_wconf 89' lang='lat' dir='ltr'><strong>inclinationibus</strong></span> <span class='ocrx_word' id='word_1_423' title='bbox 493 2847 643 2904; x_wconf 86' lang='lat' dir='ltr'><strong>argumenta</strong></span> <span class='ocrx_word' id='word_1_424' title='bbox 661 2841 790 2904; x_wconf 86' lang='lat' dir='ltr'><strong>responde.</strong></span> 
     </span>
    </p>

    <p class='ocr_par' dir='ltr' id='par_1_6' title="bbox 106 2906 1449 4468">
     <span class='ocr_line' id='line_1_36' title="bbox 157 2906 1446 2972; baseline 0.001 -16"><span class='ocrx_word' id='word_1_425' title='bbox 157 2906 231 2968; x_wconf 84' lang='lat' dir='ltr'><strong>Quod</strong></span> <span class='ocrx_word' id='word_1_426' title='bbox 250 2908 320 2964; x_wconf 87' lang='lat' dir='ltr'><strong>dicis,</strong></span> <span class='ocrx_word' id='word_1_427' title='bbox 338 2909 445 2972; x_wconf 88' lang='lat' dir='ltr'><strong>planetis</strong></span> <span class='ocrx_word' id='word_1_428' title='bbox 464 2923 514 2958; x_wconf 93' lang='lat' dir='ltr'><strong>non</strong></span> <span class='ocrx_word' id='word_1_429' title='bbox 532 2911 614 2961; x_wconf 92' lang='lat' dir='ltr'><strong>inesse</strong></span> <span class='ocrx_word' id='word_1_430' title='bbox 633 2911 771 2961; x_wconf 88' lang='lat' dir='ltr'><strong>bonitatem</strong></span> <span class='ocrx_word' id='word_1_431' title='bbox 790 2918 834 2960; x_wconf 90' lang='lat' dir='ltr'><strong>aut</strong></span> <span class='ocrx_word' id='word_1_432' title='bbox 852 2910 983 2966; x_wconf 88' lang='lat' dir='ltr'><strong>malitiam,</strong></span> <span class='ocrx_word' id='word_1_433' title='bbox 1004 2910 1048 2960; x_wconf 90' lang='lat' dir='ltr'><strong>sed</strong></span> <span class='ocrx_word' id='word_1_434' title='bbox 1060 2908 1228 2959; x_wconf 81' lang='lat' dir='ltr'><strong>fortitudinem</strong></span> <span class='ocrx_word' id='word_1_435' title='bbox 1245 2914 1271 2957; x_wconf 88' lang='lat' dir='ltr'><strong>et</strong></span> <span class='ocrx_word' id='word_1_436' title='bbox 1283 2908 1446 2964; x_wconf 86' lang='lat' dir='ltr'><strong>debilitatem,</strong></span> 
     </span>
     <span class='ocr_line' id='line_1_37' title="bbox 106 2977 1446 3045; baseline 0 -17"><span class='ocrx_word' id='word_1_437' title='bbox 106 2978 215 3029; x_wconf 79' lang='lat' dir='ltr'><strong>richrum</strong></span> <span class='ocrx_word' id='word_1_438' title='bbox 235 2985 261 3028; x_wconf 92' lang='lat' dir='ltr'><strong>et</strong></span> <span class='ocrx_word' id='word_1_439' title='bbox 280 2979 404 3041; x_wconf 75' lang='lat' dir='ltr'><strong>abiectum</strong></span> <span class='ocrx_word' id='word_1_440' title='bbox 424 2977 489 3040; x_wconf 88' lang='lat' dir='ltr'><strong>(vide</strong></span> <span class='ocrx_word' id='word_1_441' title='bbox 509 2997 533 3044; x_wconf 90' lang='lat' dir='ltr'><strong>p.</strong></span> <span class='ocrx_word' id='word_1_442' title='bbox 553 2978 630 3040; x_wconf 70' lang='lat'><strong>³15).</strong></span> <span class='ocrx_word' id='word_1_443' title='bbox 651 2982 684 3031; x_wconf 87' lang='lat' dir='ltr'><strong>ad</strong></span> <span class='ocrx_word' id='word_1_444' title='bbox 703 2983 727 3031; x_wconf 91' lang='lat' dir='ltr'><strong>id</strong></span> <span class='ocrx_word' id='word_1_445' title='bbox 746 2987 781 3031; x_wconf 91' lang='lat' dir='ltr'><strong>sic</strong></span> <span class='ocrx_word' id='word_1_446' title='bbox 800 2983 949 3045; x_wconf 88' lang='lat' dir='ltr'><strong>respondeo:</strong></span> <span class='ocrx_word' id='word_1_447' title='bbox 977 2982 1145 3031; x_wconf 76' lang='lat' dir='ltr'><strong>fortitudinem</strong></span> <span class='ocrx_word' id='word_1_448' title='bbox 1165 2986 1190 3028; x_wconf 92' lang='lat' dir='ltr'><strong>et</strong></span> <span class='ocrx_word' id='word_1_449' title='bbox 1208 2981 1314 3029; x_wconf 90' lang='lat' dir='ltr'><strong>actionis</strong></span> <span class='ocrx_word' id='word_1_450' title='bbox 1333 2979 1446 3029; x_wconf 90' lang='lat' dir='ltr'><strong>debilita-</strong></span> 
     </span>
     <span class='ocr_line' id='line_1_38' title="bbox 106 3049 1446 3117; baseline 0 -18"><span class='ocrx_word' id='word_1_451' title='bbox 106 3065 135 3099; x_wconf 84' lang='grc' dir='ltr'><strong>ιιι</strong></span> <span class='ocrx_word' id='word_1_452' title='bbox 154 3051 216 3113; x_wconf 89' lang='lat' dir='ltr'><strong>ipsis</strong></span> <span class='ocrx_word' id='word_1_453' title='bbox 235 3051 318 3100; x_wconf 86' lang='lat' dir='ltr'><strong>inesse</strong></span> <span class='ocrx_word' id='word_1_454' title='bbox 336 3066 386 3100; x_wconf 92' lang='lat' dir='ltr'><strong>non</strong></span> <span class='ocrx_word' id='word_1_455' title='bbox 404 3066 477 3117; x_wconf 90' lang='lat' dir='ltr'><strong>nego,</strong></span> <span class='ocrx_word' id='word_1_456' title='bbox 497 3066 562 3111; x_wconf 90' lang='lat' dir='ltr'><strong>cum,</strong></span> <span class='ocrx_word' id='word_1_457' title='bbox 582 3054 678 3103; x_wconf 90' lang='lat' dir='ltr'><strong>ratione</strong></span> <span class='ocrx_word' id='word_1_458' title='bbox 698 3054 833 3102; x_wconf 88' lang='lat' dir='ltr'><strong>distantiae</strong></span> <span class='ocrx_word' id='word_1_459' title='bbox 853 3068 869 3102; x_wconf 92' lang='lat' dir='ltr'><strong>a</strong></span> <span class='ocrx_word' id='word_1_460' title='bbox 887 3052 972 3103; x_wconf 85' lang='lat' dir='ltr'><strong>Terra.</strong></span> <span class='ocrx_word' id='word_1_461' title='bbox 993 3054 1054 3101; x_wconf 89' lang='lat' dir='ltr'><strong>situs</strong></span> <span class='ocrx_word' id='word_1_462' title='bbox 1074 3061 1099 3101; x_wconf 87' lang='lat' dir='ltr'><strong>et</strong></span> <span class='ocrx_word' id='word_1_463' title='bbox 1118 3052 1215 3100; x_wconf 88' lang='lat' dir='ltr'><strong>luminis</strong></span> <span class='ocrx_word' id='word_1_464' title='bbox 1233 3049 1278 3101; x_wconf 82' lang='lat' dir='ltr'><strong>dte.</strong></span> <span class='ocrx_word' id='word_1_465' title='bbox 1298 3053 1375 3101; x_wconf 88' lang='lat' dir='ltr'><strong>etiarn</strong></span> <span class='ocrx_word' id='word_1_466' title='bbox 1393 3064 1446 3099; x_wconf 88' lang='lat' dir='ltr'><strong>ma·</strong></span> 
     </span>
     <span class='ocr_line' id='line_1_39' title="bbox 106 3121 1447 3178; baseline 0 -7"><span class='ocrx_word' id='word_1_467' title='bbox 106 3135 149 3171; x_wconf 83' lang='lat' dir='ltr'><strong>res</strong></span> <span class='ocrx_word' id='word_1_468' title='bbox 169 3128 215 3169; x_wconf 87' lang='lat' dir='ltr'><strong>aut</strong></span> <span class='ocrx_word' id='word_1_469' title='bbox 232 3121 338 3171; x_wconf 90' lang='lat' dir='ltr'><strong>minores</strong></span> <span class='ocrx_word' id='word_1_470' title='bbox 357 3123 420 3172; x_wconf 89' lang='lat' dir='ltr'><strong>vires</strong></span> <span class='ocrx_word' id='word_1_471' title='bbox 438 3123 558 3173; x_wconf 80' lang='lat' dir='ltr'><strong>habeant</strong></span> <span class='ocrx_word' id='word_1_472' title='bbox 597 3123 659 3172; x_wconf 86' lang='lat' dir='ltr'><strong>Cum</strong></span> <span class='ocrx_word' id='word_1_473' title='bbox 678 3140 734 3174; x_wconf 92' lang='lat' dir='ltr'><strong>vero</strong></span> <span class='ocrx_word' id='word_1_474' title='bbox 753 3125 954 3178; x_wconf 84' lang='lat' dir='ltr'><strong>inclinationem.</strong></span> <span class='ocrx_word' id='word_1_475' title='bbox 983 3125 1042 3173; x_wconf 87' lang='lat' dir='ltr'><strong>item</strong></span> <span class='ocrx_word' id='word_1_476' title='bbox 1061 3123 1230 3173; x_wconf 82' lang='lat' dir='ltr'><strong>fortitudinem</strong></span> <span class='ocrx_word' id='word_1_477' title='bbox 1249 3128 1275 3170; x_wconf 89' lang='lat' dir='ltr'><strong>et</strong></span> <span class='ocrx_word' id='word_1_478' title='bbox 1293 3122 1447 3171; x_wconf 86' lang='lat' dir='ltr'><strong>debilitatem</strong></span> 
     </span>
     <span class='ocr_line' id='line_1_40' title="bbox 106 3191 1446 3259; baseline -0.002 -17"><span class='ocrx_word' id='word_1_479' title='bbox 106 3192 193 3242; x_wconf 74' lang='lat' dir='ltr'><strong>unctis</strong></span> <span class='ocrx_word' id='word_1_480' title='bbox 212 3192 298 3241; x_wconf 89' lang='lat' dir='ltr'><strong>tribuis</strong></span> <span class='ocrx_word' id='word_1_481' title='bbox 317 3194 412 3244; x_wconf 85' lang='lat' dir='ltr'><strong>inesse.</strong></span> <span class='ocrx_word' id='word_1_482' title='bbox 440 3207 471 3242; x_wconf 88' lang='lat' dir='ltr'><strong>an</strong></span> <span class='ocrx_word' id='word_1_483' title='bbox 491 3210 541 3243; x_wconf 90' lang='lat' dir='ltr'><strong>non</strong></span> <span class='ocrx_word' id='word_1_484' title='bbox 561 3210 589 3244; x_wconf 92' lang='lat' dir='ltr'><strong>eo</strong></span> <span class='ocrx_word' id='word_1_485' title='bbox 609 3197 662 3258; x_wconf 90' lang='lat' dir='ltr'><strong>ipso</strong></span> <span class='ocrx_word' id='word_1_486' title='bbox 682 3205 809 3245; x_wconf 84' lang='lat' dir='ltr'><strong>excessum</strong></span> <span class='ocrx_word' id='word_1_487' title='bbox 829 3201 854 3245; x_wconf 91' lang='lat' dir='ltr'><strong>et</strong></span> <span class='ocrx_word' id='word_1_488' title='bbox 873 3196 1011 3251; x_wconf 82' lang='lat' dir='ltr'><strong>deiectum,</strong></span> <span class='ocrx_word' id='word_1_489' title='bbox 1041 3195 1082 3259; x_wconf 88' lang='lat' dir='ltr'><strong>qni</strong></span> <span class='ocrx_word' id='word_1_490' title='bbox 1101 3195 1132 3244; x_wconf 93' lang='lat' dir='ltr'><strong>ab</strong></span> <span class='ocrx_word' id='word_1_491' title='bbox 1152 3193 1239 3244; x_wconf 88' lang='lat' dir='ltr'><strong>ethicis</strong></span> <span class='ocrx_word' id='word_1_492' title='bbox 1258 3209 1301 3257; x_wconf 90' lang='lat' dir='ltr'><strong>pro</strong></span> <span class='ocrx_word' id='word_1_493' title='bbox 1320 3194 1384 3242; x_wconf 90' lang='lat' dir='ltr'><strong>vitiis</strong></span> <span class='ocrx_word' id='word_1_494' title='bbox 1402 3191 1446 3240; x_wconf 87' lang='lat' dir='ltr'><strong>ha·</strong></span> 
     </span>
     <span class='ocr_line' id='line_1_41' title="bbox 106 3262 1447 3331; baseline -0.001 -19"><span class='ocrx_word' id='word_1_495' title='bbox 106 3268 189 3319; x_wconf 88' lang='lat' dir='ltr'><strong>mtur,</strong></span> <span class='ocrx_word' id='word_1_496' title='bbox 217 3263 288 3312; x_wconf 77' lang='lat' dir='ltr'><strong>sinim</strong></span> <span class='ocrx_word' id='word_1_497' title='bbox 307 3262 411 3314; x_wconf 77' lang='lat' dir='ltr'><strong>innues?</strong></span> <span class='ocrx_word' id='word_1_498' title='bbox 441 3262 617 3329; x_wconf 84' lang='lat' dir='ltr'><strong>(Keplerns</strong></span> <span class='ocrx_word' id='word_1_499' title='bbox 635 3267 660 3316; x_wconf 93' lang='lat' dir='ltr'><strong>in</strong></span> <span class='ocrx_word' id='word_1_500' title='bbox 679 3268 803 3331; x_wconf 84' lang='lat' dir='ltr'><strong>margine:</strong></span> <span class='ocrx_word' id='word_1_501' title='bbox 825 3267 935 3316; x_wconf 86' lang='lat' dir='ltr'><strong>deiectus</strong></span> <span class='ocrx_word' id='word_1_502' title='bbox 961 3274 1068 3315; x_wconf 92' lang='lat' dir='ltr'><strong>nonest</strong></span> <span class='ocrx_word' id='word_1_503' title='bbox 1090 3265 1191 3315; x_wconf 90' lang='lat' dir='ltr'><strong>malum.</strong></span> <span class='ocrx_word' id='word_1_504' title='bbox 1230 3264 1321 3314; x_wconf 89' lang='lat' dir='ltr'><strong>Omnia</strong></span> <span class='ocrx_word' id='word_1_505' title='bbox 1339 3265 1404 3314; x_wconf 89' lang='lat' dir='ltr'><strong>bona</strong></span> <span class='ocrx_word' id='word_1_506' title='bbox 1423 3266 1447 3312; x_wconf 90' lang='lat' dir='ltr'><strong>in</strong></span> 
     </span>
     <span class='ocr_line' id='line_1_42' title="bbox 106 3331 1448 3401; baseline -0.001 -16"><span class='ocrx_word' id='word_1_507' title='bbox 106 3331 199 3391; x_wconf 73' lang='grc' dir='ltr'><strong>ιιιιιι)</strong></span> <span class='ocrx_word' id='word_1_508' title='bbox 236 3334 333 3397; x_wconf 89' lang='lat' dir='ltr'><strong>Jupiter</strong></span> <span class='ocrx_word' id='word_1_509' title='bbox 357 3341 382 3384; x_wconf 89' lang='lat' dir='ltr'><strong>et</strong></span> <span class='ocrx_word' id='word_1_510' title='bbox 400 3335 486 3386; x_wconf 87' lang='lat' dir='ltr'><strong>Venus</strong></span> <span class='ocrx_word' id='word_1_511' title='bbox 505 3337 680 3387; x_wconf 88' lang='lat' dir='ltr'><strong>inclinationes</strong></span> <span class='ocrx_word' id='word_1_512' title='bbox 701 3340 825 3401; x_wconf 87' lang='lat' dir='ltr'><strong>jucundas</strong></span> <span class='ocrx_word' id='word_1_513' title='bbox 849 3345 873 3388; x_wconf 88' lang='lat' dir='ltr'><strong>et</strong></span> <span class='ocrx_word' id='word_1_514' title='bbox 897 3334 1012 3401; x_wconf 84' lang='lat' dir='ltr'><strong>pirlchrss</strong></span> <span class='ocrx_word' id='word_1_515' title='bbox 1038 3346 1081 3387; x_wconf 89' lang='lat' dir='ltr'><strong>tuo</strong></span> <span class='ocrx_word' id='word_1_516' title='bbox 1103 3337 1196 3400; x_wconf 89' lang='lat' dir='ltr'><strong>judicio</strong></span> <span class='ocrx_word' id='word_1_517' title='bbox 1215 3337 1288 3392; x_wconf 77' lang='lat' dir='ltr'><strong>dant3</strong></span> <span class='ocrx_word' id='word_1_518' title='bbox 1316 3337 1336 3385; x_wconf 91' lang='lat' dir='ltr'><strong>si</strong></span> <span class='ocrx_word' id='word_1_519' title='bbox 1356 3335 1448 3384; x_wconf 88' lang='lat' dir='ltr'><strong>debiles</strong></span> 
     </span>
     <span class='ocr_line' id='line_1_43' title="bbox 107 3406 1449 3472; baseline 0 -17"><span class='ocrx_word' id='word_1_520' title='bbox 107 3406 185 3461; x_wconf 86' lang='lat' dir='ltr'><strong>erint.</strong></span> <span class='ocrx_word' id='word_1_521' title='bbox 201 3407 277 3455; x_wconf 78' lang='grc' dir='ltr'><strong>ιιὶιιιιι</strong></span> <span class='ocrx_word' id='word_1_522' title='bbox 290 3420 348 3456; x_wconf 89' lang='lat' dir='ltr'><strong>snas</strong></span> <span class='ocrx_word' id='word_1_523' title='bbox 360 3407 535 3457; x_wconf 87' lang='lat' dir='ltr'><strong>inclinationes</strong></span> <span class='ocrx_word' id='word_1_524' title='bbox 549 3408 663 3471; x_wconf 90' lang='lat' dir='ltr'><strong>pulchras</strong></span> <span class='ocrx_word' id='word_1_525' title='bbox 677 3415 703 3458; x_wconf 88' lang='lat' dir='ltr'><strong>et</strong></span> <span class='ocrx_word' id='word_1_526' title='bbox 715 3410 816 3469; x_wconf 89' lang='lat' dir='ltr'><strong>debiles,</strong></span> <span class='ocrx_word' id='word_1_527' title='bbox 836 3410 874 3458; x_wconf 91' lang='lat' dir='ltr'><strong>vel</strong></span> <span class='ocrx_word' id='word_1_528' title='bbox 888 3409 1025 3458; x_wconf 86' lang='lat' dir='ltr'><strong>beneficam</strong></span> <span class='ocrx_word' id='word_1_529' title='bbox 1044 3410 1124 3472; x_wconf 89' lang='lat' dir='ltr'><strong>potins</strong></span> <span class='ocrx_word' id='word_1_530' title='bbox 1138 3414 1253 3457; x_wconf 89' lang='lat' dir='ltr'><strong>naturam</strong></span> <span class='ocrx_word' id='word_1_531' title='bbox 1272 3407 1375 3458; x_wconf 81' lang='lat' dir='ltr'><strong>debilius</strong></span> <span class='ocrx_word' id='word_1_532' title='bbox 1389 3412 1449 3456; x_wconf 89' lang='lat' dir='ltr'><strong>nato</strong></span> 
     </span>
     <span class='ocr_line' id='line_1_44' title="bbox 106 3476 1448 3542; baseline -0.001 -15"><span class='ocrx_word' id='word_1_533' title='bbox 106 3476 233 3527; x_wconf 69' lang='lat' dir='ltr'><strong>tribuunt.</strong></span> <span class='ocrx_word' id='word_1_534' title='bbox 271 3476 381 3526; x_wconf 83' lang='lat' dir='ltr'><strong>Necesse</strong></span> <span class='ocrx_word' id='word_1_535' title='bbox 400 3493 461 3529; x_wconf 90' lang='lat' dir='ltr'><strong>sane</strong></span> <span class='ocrx_word' id='word_1_536' title='bbox 480 3480 539 3537; x_wconf 90' lang='lat' dir='ltr'><strong>erit,</strong></span> <span class='ocrx_word' id='word_1_537' title='bbox 570 3481 667 3530; x_wconf 88' lang='lat' dir='ltr'><strong>exista</strong></span> <span class='ocrx_word' id='word_1_538' title='bbox 686 3481 814 3530; x_wconf 88' lang='lat' dir='ltr'><strong>debilitate</strong></span> <span class='ocrx_word' id='word_1_539' title='bbox 834 3481 959 3530; x_wconf 83' lang='lat' dir='ltr'><strong>deiectum</strong></span> <span class='ocrx_word' id='word_1_540' title='bbox 985 3481 1042 3529; x_wconf 88' lang='lat' dir='ltr'><strong>oriri</strong></span> <span class='ocrx_word' id='word_1_541' title='bbox 1060 3481 1085 3529; x_wconf 93' lang='lat' dir='ltr'><strong>in</strong></span> <span class='ocrx_word' id='word_1_542' title='bbox 1107 3480 1205 3533; x_wconf 85' lang='lat' dir='ltr'><strong>animo,</strong></span> <span class='ocrx_word' id='word_1_543' title='bbox 1232 3484 1258 3528; x_wconf 90' lang='lat' dir='ltr'><strong>et</strong></span> <span class='ocrx_word' id='word_1_544' title='bbox 1276 3478 1335 3528; x_wconf 89' lang='lat' dir='ltr'><strong>indo</strong></span> <span class='ocrx_word' id='word_1_545' title='bbox 1353 3493 1448 3542; x_wconf 88' lang='lat' dir='ltr'><strong>qnoque</strong></span> 
     </span>
     <span class='ocr_line' id='line_1_45' title="bbox 106 3548 1448 3612; baseline -0.001 -15"><span class='ocrx_word' id='word_1_546' title='bbox 106 3548 240 3597; x_wconf 74' lang='lat' dir='ltr'><strong>moniam</strong></span> <span class='ocrx_word' id='word_1_547' title='bbox 259 3549 384 3597; x_wconf 76' lang='lat' dir='ltr'><strong>senonum</strong></span> <span class='ocrx_word' id='word_1_548' title='bbox 405 3557 430 3598; x_wconf 87' lang='lat' dir='ltr'><strong>et</strong></span> <span class='ocrx_word' id='word_1_549' title='bbox 447 3550 635 3600; x_wconf 88' lang='lat' dir='ltr'><strong>inclinationum</strong></span> <span class='ocrx_word' id='word_1_550' title='bbox 655 3552 755 3601; x_wconf 87' lang='lat' dir='ltr'><strong>turbari.</strong></span> <span class='ocrx_word' id='word_1_551' title='bbox 795 3551 836 3601; x_wconf 89' lang='lat' dir='ltr'><strong>Sic</strong></span> <span class='ocrx_word' id='word_1_552' title='bbox 855 3551 886 3599; x_wconf 92' lang='lat' dir='ltr'><strong>de</strong></span> <span class='ocrx_word' id='word_1_553' title='bbox 906 3565 1008 3600; x_wconf 85' lang='lat' dir='ltr'><strong>excessu</strong></span> <span class='ocrx_word' id='word_1_554' title='bbox 1027 3550 1043 3604; x_wconf 69' lang='lat' dir='ltr'><strong>b</strong></span> <span class='ocrx_word' id='word_1_555' title='bbox 1062 3557 1088 3599; x_wconf 87' lang='lat' dir='ltr'><strong>et</strong></span> <span class='ocrx_word' id='word_1_556' title='bbox 1108 3549 1132 3609; x_wconf 73' lang='lat' dir='ltr'><strong>d</strong></span> <span class='ocrx_word' id='word_1_557' title='bbox 1151 3549 1314 3612; x_wconf 78' lang='lat' dir='ltr'><strong>iudicandum</strong></span> <span class='ocrx_word' id='word_1_558' title='bbox 1333 3551 1387 3606; x_wconf 89' lang='lat' dir='ltr'><strong>crit,</strong></span> <span class='ocrx_word' id='word_1_559' title='bbox 1407 3550 1448 3597; x_wconf 89' lang='lat' dir='ltr'><strong>ubi</strong></span> 
     </span>
     <span class='ocr_line' id='line_1_46' title="bbox 106 3617 1443 3686; baseline -0.001 -19"><span class='ocrx_word' id='word_1_560' title='bbox 106 3635 109 3666; x_wconf 74' lang='grc' dir='ltr'><strong>ι</strong></span> <span class='ocrx_word' id='word_1_561' title='bbox 127 3617 248 3668; x_wconf 78' lang='lat' dir='ltr'><strong>fortitudo</strong></span> <span class='ocrx_word' id='word_1_562' title='bbox 266 3619 291 3667; x_wconf 92' lang='lat' dir='ltr'><strong>in</strong></span> <span class='ocrx_word' id='word_1_563' title='bbox 310 3634 355 3668; x_wconf 89' lang='lat' dir='ltr'><strong>sno</strong></span> <span class='ocrx_word' id='word_1_564' title='bbox 372 3620 562 3671; x_wconf 87' lang='lat' dir='ltr'><strong>inclinationum</strong></span> <span class='ocrx_word' id='word_1_565' title='bbox 582 3637 673 3686; x_wconf 89' lang='lat' dir='ltr'><strong>genere</strong></span> <span class='ocrx_word' id='word_1_566' title='bbox 691 3624 777 3671; x_wconf 89' lang='lat' dir='ltr'><strong>vitium</strong></span> <span class='ocrx_word' id='word_1_567' title='bbox 796 3624 876 3686; x_wconf 89' lang='lat' dir='ltr'><strong>pariet</strong></span> <span class='ocrx_word' id='word_1_568' title='bbox 894 3621 1077 3685; x_wconf 83' lang='lat' dir='ltr'><strong>(Keplerus:</strong></span> <span class='ocrx_word' id='word_1_569' title='bbox 1097 3626 1124 3670; x_wconf 93' lang='lat' dir='ltr'><strong>at</strong></span> <span class='ocrx_word' id='word_1_570' title='bbox 1143 3620 1252 3669; x_wconf 89' lang='lat' dir='ltr'><strong>nondum</strong></span> <span class='ocrx_word' id='word_1_571' title='bbox 1272 3626 1311 3669; x_wconf 87' lang='lat' dir='ltr'><strong>est</strong></span> <span class='ocrx_word' id='word_1_572' title='bbox 1327 3618 1443 3676; x_wconf 85' lang='lat' dir='ltr'><strong>malitia).</strong></span> 
     </span>
     <span class='ocr_line' id='line_1_47' title="bbox 106 3690 1446 3756; baseline -0.002 -16"><span class='ocrx_word' id='word_1_573' title='bbox 106 3695 175 3746; x_wconf 81' lang='lat' dir='ltr'><strong>erto,</strong></span> <span class='ocrx_word' id='word_1_574' title='bbox 202 3691 223 3738; x_wconf 91' lang='lat' dir='ltr'><strong>si</strong></span> <span class='ocrx_word' id='word_1_575' title='bbox 242 3690 416 3741; x_wconf 87' lang='lat' dir='ltr'><strong>inclinationes</strong></span> <span class='ocrx_word' id='word_1_576' title='bbox 435 3692 503 3742; x_wconf 92' lang='lat' dir='ltr'><strong>coelo</strong></span> <span class='ocrx_word' id='word_1_577' title='bbox 523 3693 657 3750; x_wconf 88' lang='lat' dir='ltr'><strong>adscribis,</strong></span> <span class='ocrx_word' id='word_1_578' title='bbox 686 3709 735 3743; x_wconf 92' lang='lat' dir='ltr'><strong>non</strong></span> <span class='ocrx_word' id='word_1_579' title='bbox 761 3701 832 3756; x_wconf 89' lang='lat' dir='ltr'><strong>potes</strong></span> <span class='ocrx_word' id='word_1_580' title='bbox 858 3708 907 3742; x_wconf 91' lang='lat' dir='ltr'><strong>non</strong></span> <span class='ocrx_word' id='word_1_581' title='bbox 932 3695 1008 3741; x_wconf 92' lang='lat' dir='ltr'><strong>etiam</strong></span> <span class='ocrx_word' id='word_1_582' title='bbox 1026 3691 1160 3755; x_wconf 86' lang='lat' dir='ltr'><strong>qualitates</strong></span> <span class='ocrx_word' id='word_1_583' title='bbox 1185 3691 1283 3739; x_wconf 89' lang='lat' dir='ltr'><strong>illarum</strong></span> <span class='ocrx_word' id='word_1_584' title='bbox 1311 3691 1389 3740; x_wconf 87' lang='lat' dir='ltr'><strong>bonas</strong></span> <span class='ocrx_word' id='word_1_585' title='bbox 1409 3692 1446 3738; x_wconf 88' lang='lat' dir='ltr'><strong>vel</strong></span> 
     </span>
     <span class='ocr_line' id='line_1_48' title="bbox 106 3759 1446 3828; baseline -0.001 -18"><span class='ocrx_word' id='word_1_586' title='bbox 106 3759 164 3810; x_wconf 82' lang='lat' dir='ltr'><strong>alas</strong></span> <span class='ocrx_word' id='word_1_587' title='bbox 183 3760 253 3810; x_wconf 89' lang='lat' dir='ltr'><strong>coeio</strong></span> <span class='ocrx_word' id='word_1_588' title='bbox 273 3762 416 3812; x_wconf 89' lang='lat' dir='ltr'><strong>attribuere.</strong></span> <span class='ocrx_word' id='word_1_589' title='bbox 453 3763 538 3812; x_wconf 88' lang='lat' dir='ltr'><strong>Dicis:</strong></span> <span class='ocrx_word' id='word_1_590' title='bbox 566 3764 643 3822; x_wconf 78' lang='lat' dir='ltr'><strong>forte,</strong></span> <span class='ocrx_word' id='word_1_591' title='bbox 670 3764 810 3828; x_wconf 88' lang='lat' dir='ltr'><strong>pulchrum,</strong></span> <span class='ocrx_word' id='word_1_592' title='bbox 840 3765 979 3824; x_wconf 77' lang='lat' dir='ltr'><strong>abiectum,</strong></span> <span class='ocrx_word' id='word_1_593' title='bbox 1003 3763 1082 3812; x_wconf 91' lang='lat' dir='ltr'><strong>debile</strong></span> <span class='ocrx_word' id='word_1_594' title='bbox 1101 3769 1199 3811; x_wconf 85' lang='lat' dir='ltr'><strong>tantum</strong></span> <span class='ocrx_word' id='word_1_595' title='bbox 1217 3761 1263 3809; x_wconf 89' lang='lat' dir='ltr'><strong>illis</strong></span> <span class='ocrx_word' id='word_1_596' title='bbox 1282 3763 1379 3816; x_wconf 77' lang='lat' dir='ltr'><strong>inemo,</strong></span> <span class='ocrx_word' id='word_1_597' title='bbox 1397 3777 1446 3809; x_wconf 94' lang='lat' dir='ltr'><strong>non</strong></span> 
     </span>
     <span class='ocr_line' id='line_1_49' title="bbox 106 3831 1446 3900; baseline -0.001 -19"><span class='ocrx_word' id='word_1_598' title='bbox 106 3847 174 3881; x_wconf 79' lang='lat' dir='ltr'><strong>snum</strong></span> <span class='ocrx_word' id='word_1_599' title='bbox 195 3839 239 3881; x_wconf 89' lang='lat' dir='ltr'><strong>ant</strong></span> <span class='ocrx_word' id='word_1_600' title='bbox 257 3832 362 3889; x_wconf 84' lang='lat' dir='ltr'><strong>rnalum;</strong></span> <span class='ocrx_word' id='word_1_601' title='bbox 382 3833 471 3891; x_wconf 87' lang='lat' dir='ltr'><strong>audio;</strong></span> <span class='ocrx_word' id='word_1_602' title='bbox 490 3835 535 3885; x_wconf 92' lang='lat' dir='ltr'><strong>sed</strong></span> <span class='ocrx_word' id='word_1_603' title='bbox 554 3835 611 3900; x_wconf 82' lang='lat' dir='ltr'><strong>quid</strong></span> <span class='ocrx_word' id='word_1_604' title='bbox 631 3835 698 3885; x_wconf 91' lang='lat' dir='ltr'><strong>aliud</strong></span> <span class='ocrx_word' id='word_1_605' title='bbox 717 3837 743 3885; x_wconf 94' lang='lat' dir='ltr'><strong>id</strong></span> <span class='ocrx_word' id='word_1_606' title='bbox 762 3843 809 3886; x_wconf 81' lang='lat' dir='ltr'><strong>est.</strong></span> <span class='ocrx_word' id='word_1_607' title='bbox 830 3849 903 3899; x_wconf 92' lang='lat' dir='ltr'><strong>quam</strong></span> <span class='ocrx_word' id='word_1_608' title='bbox 923 3835 1017 3896; x_wconf 90' lang='lat' dir='ltr'><strong>reipsa</strong></span> <span class='ocrx_word' id='word_1_609' title='bbox 1035 3834 1125 3882; x_wconf 89' lang='lat' dir='ltr'><strong>bonum</strong></span> <span class='ocrx_word' id='word_1_610' title='bbox 1145 3841 1171 3882; x_wconf 89' lang='lat' dir='ltr'><strong>et</strong></span> <span class='ocrx_word' id='word_1_611' title='bbox 1189 3832 1289 3892; x_wconf 86' lang='lat' dir='ltr'><strong>malurn,</strong></span> <span class='ocrx_word' id='word_1_612' title='bbox 1308 3831 1382 3896; x_wconf 91' lang='lat' dir='ltr'><strong>idque</strong></span> <span class='ocrx_word' id='word_1_613' title='bbox 1402 3832 1446 3880; x_wconf 91' lang='lat' dir='ltr'><strong>ali·</strong></span> 
     </span>
     <span class='ocr_line' id='line_1_50' title="bbox 106 3903 1444 3967; baseline -0.004 -15"><span class='ocrx_word' id='word_1_614' title='bbox 106 3903 182 3952; x_wconf 81' lang='lat' dir='ltr'><strong>sando</strong></span> <span class='ocrx_word' id='word_1_615' title='bbox 200 3903 300 3956; x_wconf 76' lang='lat' dir='ltr'><strong>fortius.</strong></span> <span class='ocrx_word' id='word_1_616' title='bbox 321 3903 453 3967; x_wconf 87' lang='lat' dir='ltr'><strong>aliquando</strong></span> <span class='ocrx_word' id='word_1_617' title='bbox 473 3905 576 3954; x_wconf 91' lang='lat' dir='ltr'><strong>debilius</strong></span> <span class='ocrx_word' id='word_1_618' title='bbox 595 3913 714 3955; x_wconf 90' lang='lat' dir='ltr'><strong>statuere.</strong></span> <span class='ocrx_word' id='word_1_619' title='bbox 753 3905 833 3955; x_wconf 88' lang='lat' dir='ltr'><strong>Video</strong></span> <span class='ocrx_word' id='word_1_620' title='bbox 852 3913 877 3955; x_wconf 92' lang='lat' dir='ltr'><strong>te</strong></span> <span class='ocrx_word' id='word_1_621' title='bbox 897 3904 1018 3955; x_wconf 81' lang='lat' dir='ltr'><strong>vocabula</strong></span> <span class='ocrx_word' id='word_1_622' title='bbox 1035 3912 1149 3960; x_wconf 88' lang='lat' dir='ltr'><strong>mutare,</strong></span> <span class='ocrx_word' id='word_1_623' title='bbox 1168 3918 1217 3953; x_wconf 93' lang='lat' dir='ltr'><strong>non</strong></span> <span class='ocrx_word' id='word_1_624' title='bbox 1237 3919 1293 3952; x_wconf 91' lang='lat' dir='ltr'><strong>vero</strong></span> <span class='ocrx_word' id='word_1_625' title='bbox 1313 3917 1352 3953; x_wconf 86' lang='lat' dir='ltr'><strong>ros</strong></span> <span class='ocrx_word' id='word_1_626' title='bbox 1371 3903 1444 3966; x_wconf 86' lang='lat' dir='ltr'><strong>ipsas.</strong></span> 
     </span>
     <span class='ocr_line' id='line_1_51' title="bbox 106 3972 1448 4038; baseline -0.001 -14"><span class='ocrx_word' id='word_1_627' title='bbox 106 3972 292 4037; x_wconf 74' lang='lat' dir='ltr'><strong>Keplerus:</strong></span> <span class='ocrx_word' id='word_1_628' title='bbox 320 3973 488 4025; x_wconf 83' lang='lat' dir='ltr'><strong>Melanchoiia</strong></span> <span class='ocrx_word' id='word_1_629' title='bbox 512 3991 561 4025; x_wconf 91' lang='lat' dir='ltr'><strong>non</strong></span> <span class='ocrx_word' id='word_1_630' title='bbox 582 3984 619 4026; x_wconf 86' lang='lat' dir='ltr'><strong>est</strong></span> <span class='ocrx_word' id='word_1_631' title='bbox 647 3976 760 4038; x_wconf 80' lang='lat' dir='ltr'><strong>iustum)</strong></span> <span class='ocrx_word' id='word_1_632' title='bbox 797 3977 876 4032; x_wconf 83' lang='lat' dir='ltr'><strong>Vide.</strong></span> <span class='ocrx_word' id='word_1_633' title='bbox 901 3979 935 4026; x_wconf 92' lang='lat' dir='ltr'><strong>mi</strong></span> <span class='ocrx_word' id='word_1_634' title='bbox 965 3977 1060 4026; x_wconf 87' lang='lat' dir='ltr'><strong>erudito</strong></span> <span class='ocrx_word' id='word_1_635' title='bbox 1078 3976 1200 4038; x_wconf 84' lang='lat' dir='ltr'><strong>Keplere,</strong></span> <span class='ocrx_word' id='word_1_636' title='bbox 1227 3989 1302 4038; x_wconf 90' lang='lat' dir='ltr'><strong>quam</strong></span> <span class='ocrx_word' id='word_1_637' title='bbox 1330 3975 1413 4038; x_wconf 90' lang='lat' dir='ltr'><strong>procul</strong></span> <span class='ocrx_word' id='word_1_638' title='bbox 1434 3991 1448 4022; x_wconf 86' lang='lat' dir='ltr'><strong>u</strong></span> 
     </span>
     <span class='ocr_line' id='line_1_52' title="bbox 106 4045 1449 4111; baseline 0 -16"><span class='ocrx_word' id='word_1_639' title='bbox 106 4046 197 4095; x_wconf 81' lang='lat' dir='ltr'><strong>uitatis</strong></span> <span class='ocrx_word' id='word_1_640' title='bbox 215 4046 316 4095; x_wconf 89' lang='lat' dir='ltr'><strong>tramite</strong></span> <span class='ocrx_word' id='word_1_641' title='bbox 334 4061 413 4096; x_wconf 90' lang='lat' dir='ltr'><strong>novae</strong></span> <span class='ocrx_word' id='word_1_642' title='bbox 432 4053 491 4097; x_wconf 87' lang='lat' dir='ltr'><strong>tuae</strong></span> <span class='ocrx_word' id='word_1_643' title='bbox 511 4049 694 4111; x_wconf 88' lang='lat' dir='ltr'><strong>speculationes</strong></span> <span class='ocrx_word' id='word_1_644' title='bbox 714 4055 739 4098; x_wconf 91' lang='lat' dir='ltr'><strong>te</strong></span> <span class='ocrx_word' id='word_1_645' title='bbox 760 4049 900 4105; x_wconf 89' lang='lat' dir='ltr'><strong>abducant,</strong></span> <span class='ocrx_word' id='word_1_646' title='bbox 930 4054 955 4097; x_wconf 92' lang='lat' dir='ltr'><strong>et</strong></span> <span class='ocrx_word' id='word_1_647' title='bbox 973 4048 999 4096; x_wconf 93' lang='lat' dir='ltr'><strong>in</strong></span> <span class='ocrx_word' id='word_1_648' title='bbox 1018 4062 1082 4111; x_wconf 86' lang='lat' dir='ltr'><strong>quae</strong></span> <span class='ocrx_word' id='word_1_649' title='bbox 1102 4048 1174 4097; x_wconf 91' lang='lat' dir='ltr'><strong>devia</strong></span> <span class='ocrx_word' id='word_1_650' title='bbox 1193 4047 1319 4097; x_wconf 85' lang='lat' dir='ltr'><strong>devenias.</strong></span> <span class='ocrx_word' id='word_1_651' title='bbox 1359 4045 1449 4096; x_wconf 87' lang='lat' dir='ltr'><strong>Conier</strong></span> 
     </span>
     <span class='ocr_line' id='line_1_53' title="bbox 106 4115 1448 4183; baseline 0 -16"><span class='ocrx_word' id='word_1_652' title='bbox 106 4130 165 4167; x_wconf 72' lang='lat' dir='ltr'><strong>um</strong></span> <span class='ocrx_word' id='word_1_653' title='bbox 184 4119 334 4166; x_wconf 67' lang='lat' dir='ltr'><strong>mumadam</strong></span> <span class='ocrx_word' id='word_1_654' title='bbox 354 4132 409 4167; x_wconf 91' lang='lat' dir='ltr'><strong>cum</strong></span> <span class='ocrx_word' id='word_1_655' title='bbox 428 4126 473 4167; x_wconf 87' lang='lat' dir='ltr'><strong>tna</strong></span> <span class='ocrx_word' id='word_1_656' title='bbox 491 4124 517 4169; x_wconf 91' lang='lat' dir='ltr'><strong>et</strong></span> <span class='ocrx_word' id='word_1_657' title='bbox 534 4120 635 4179; x_wconf 91' lang='lat' dir='ltr'><strong>videbis,</strong></span> <span class='ocrx_word' id='word_1_658' title='bbox 656 4134 720 4183; x_wconf 88' lang='lat' dir='ltr'><strong>qnae</strong></span> <span class='ocrx_word' id='word_1_659' title='bbox 738 4122 818 4169; x_wconf 89' lang='lat' dir='ltr'><strong>minus</strong></span> <span class='ocrx_word' id='word_1_660' title='bbox 837 4119 948 4169; x_wconf 90' lang='lat' dir='ltr'><strong>absurdis</strong></span> <span class='ocrx_word' id='word_1_661' title='bbox 971 4126 1056 4168; x_wconf 88' lang='lat' dir='ltr'><strong>utatur</strong></span> <span class='ocrx_word' id='word_1_662' title='bbox 1074 4119 1218 4168; x_wconf 89' lang='lat' dir='ltr'><strong>rationibus.</strong></span> <span class='ocrx_word' id='word_1_663' title='bbox 1267 4115 1448 4181; x_wconf 84' lang='lat' dir='ltr'><strong>(Keplerus:</strong></span> 
     </span>
     <span class='ocr_line' id='line_1_54' title="bbox 106 4187 1448 4258; baseline 0 -20"><span class='ocrx_word' id='word_1_664' title='bbox 106 4188 208 4238; x_wconf 71' lang='lat' dir='ltr'><strong>asarta</strong></span> <span class='ocrx_word' id='word_1_665' title='bbox 227 4189 252 4237; x_wconf 92' lang='lat' dir='ltr'><strong>in</strong></span> <span class='ocrx_word' id='word_1_666' title='bbox 271 4188 462 4239; x_wconf 90' lang='lat' dir='ltr'><strong>melancholiam</strong></span> <span class='ocrx_word' id='word_1_667' title='bbox 481 4190 581 4240; x_wconf 83' lang='lat' dir='ltr'><strong>coniers</strong></span> <span class='ocrx_word' id='word_1_668' title='bbox 601 4197 646 4240; x_wconf 89' lang='lat' dir='ltr'><strong>aut</strong></span> <span class='ocrx_word' id='word_1_669' title='bbox 663 4206 760 4240; x_wconf 88' lang='lat' dir='ltr'><strong>mecam</strong></span> <span class='ocrx_word' id='word_1_670' title='bbox 779 4193 872 4241; x_wconf 90' lang='lat' dir='ltr'><strong>sentis:</strong></span> <span class='ocrx_word' id='word_1_671' title='bbox 892 4192 927 4241; x_wconf 91' lang='lat' dir='ltr'><strong>sic</strong></span> <span class='ocrx_word' id='word_1_672' title='bbox 947 4191 1089 4240; x_wconf 89' lang='lat' dir='ltr'><strong>excusanda</strong></span> <span class='ocrx_word' id='word_1_673' title='bbox 1108 4190 1205 4240; x_wconf 87' lang='lat' dir='ltr'><strong>scelera</strong></span> <span class='ocrx_word' id='word_1_674' title='bbox 1224 4187 1448 4258; x_wconf 86' lang='lat' dir='ltr'><strong>temperamentis.)</strong></span> 
     </span>
     <span class='ocr_line' id='line_1_55' title="bbox 106 4259 1448 4325; baseline 0 -17"><span class='ocrx_word' id='word_1_675' title='bbox 106 4259 161 4324; x_wconf 84' lang='lat' dir='ltr'><strong>apio</strong></span> <span class='ocrx_word' id='word_1_676' title='bbox 182 4265 267 4309; x_wconf 87' lang='lat' dir='ltr'><strong>tamen</strong></span> <span class='ocrx_word' id='word_1_677' title='bbox 286 4274 316 4310; x_wconf 86' lang='lat' dir='ltr'><strong>ex</strong></span> <span class='ocrx_word' id='word_1_678' title='bbox 334 4266 360 4309; x_wconf 89' lang='lat' dir='ltr'><strong>to</strong></span> <span class='ocrx_word' id='word_1_679' title='bbox 378 4261 481 4310; x_wconf 87' lang='lat' dir='ltr'><strong>meliora</strong></span> <span class='ocrx_word' id='word_1_680' title='bbox 500 4262 595 4317; x_wconf 69' lang='lat' dir='ltr'><strong>andus,</strong></span> <span class='ocrx_word' id='word_1_681' title='bbox 614 4263 635 4310; x_wconf 91' lang='lat' dir='ltr'><strong>si</strong></span> <span class='ocrx_word' id='word_1_682' title='bbox 653 4262 678 4310; x_wconf 92' lang='lat' dir='ltr'><strong>in</strong></span> <span class='ocrx_word' id='word_1_683' title='bbox 691 4269 788 4325; x_wconf 91' lang='lat' dir='ltr'><strong>promtu</strong></span> <span class='ocrx_word' id='word_1_684' title='bbox 801 4263 899 4312; x_wconf 86' lang='lat' dir='ltr'><strong>inerint.</strong></span> <span class='ocrx_word' id='word_1_685' title='bbox 937 4262 990 4311; x_wconf 92' lang='lat' dir='ltr'><strong>lmo</strong></span> <span class='ocrx_word' id='word_1_686' title='bbox 1003 4268 1028 4310; x_wconf 91' lang='lat' dir='ltr'><strong>te</strong></span> <span class='ocrx_word' id='word_1_687' title='bbox 1043 4261 1167 4318; x_wconf 87' lang='lat' dir='ltr'><strong>adhortor,</strong></span> <span class='ocrx_word' id='word_1_688' title='bbox 1186 4269 1215 4310; x_wconf 91' lang='lat' dir='ltr'><strong>nt</strong></span> <span class='ocrx_word' id='word_1_689' title='bbox 1226 4262 1257 4311; x_wconf 88' lang='lat' dir='ltr'><strong>ad</strong></span> <span class='ocrx_word' id='word_1_690' title='bbox 1272 4261 1448 4311; x_wconf 85' lang='lat' dir='ltr'><strong>excutiendum</strong></span> 
     </span>
     <span class='ocr_line' id='line_1_56' title="bbox 106 4330 1448 4397; baseline -0.001 -18"><span class='ocrx_word' id='word_1_691' title='bbox 106 4330 195 4380; x_wconf 68' lang='lat' dir='ltr'><strong>ritads</strong></span> <span class='ocrx_word' id='word_1_692' title='bbox 214 4332 297 4395; x_wconf 87' lang='lat' dir='ltr'><strong>ignem</strong></span> <span class='ocrx_word' id='word_1_693' title='bbox 316 4345 414 4381; x_wconf 90' lang='lat' dir='ltr'><strong>omnem</strong></span> <span class='ocrx_word' id='word_1_694' title='bbox 433 4331 586 4396; x_wconf 88' lang='lat' dir='ltr'><strong>diligentiam</strong></span> <span class='ocrx_word' id='word_1_695' title='bbox 606 4332 733 4388; x_wconf 85' lang='lat' dir='ltr'><strong>adhibeas,</strong></span> <span class='ocrx_word' id='word_1_696' title='bbox 760 4341 786 4383; x_wconf 84' lang='lat' dir='ltr'><strong>et</strong></span> <span class='ocrx_word' id='word_1_697' title='bbox 803 4333 891 4383; x_wconf 88' lang='lat' dir='ltr'><strong>validis</strong></span> <span class='ocrx_word' id='word_1_698' title='bbox 911 4334 1089 4382; x_wconf 87' lang='lat' dir='ltr'><strong>contrariorum</strong></span> <span class='ocrx_word' id='word_1_699' title='bbox 1108 4338 1310 4397; x_wconf 90' lang='lat' dir='ltr'><strong>argumentorum</strong></span> <span class='ocrx_word' id='word_1_700' title='bbox 1329 4332 1448 4382; x_wconf 81' lang='lat' dir='ltr'><strong>anetibns</strong></span> 
     </span>
     <span class='ocr_line' id='line_1_57' title="bbox 106 4402 1365 4468; baseline -0.001 -16"><span class='ocrx_word' id='word_1_701' title='bbox 106 4408 185 4452; x_wconf 70' lang='lat' dir='ltr'><strong>»trae</strong></span> <span class='ocrx_word' id='word_1_702' title='bbox 210 4402 350 4452; x_wconf 72' lang='lat' dir='ltr'><strong>tentamine</strong></span> <span class='ocrx_word' id='word_1_703' title='bbox 368 4417 450 4452; x_wconf 88' lang='lat' dir='ltr'><strong>muros</strong></span> <span class='ocrx_word' id='word_1_704' title='bbox 469 4417 609 4468; x_wconf 88' lang='lat' dir='ltr'><strong>oppugnes,</strong></span> <span class='ocrx_word' id='word_1_705' title='bbox 630 4412 656 4454; x_wconf 93' lang='lat' dir='ltr'><strong>et</strong></span> <span class='ocrx_word' id='word_1_706' title='bbox 674 4407 694 4453; x_wconf 92' lang='lat' dir='ltr'><strong>si</strong></span> <span class='ocrx_word' id='word_1_707' title='bbox 713 4411 785 4468; x_wconf 90' lang='lat' dir='ltr'><strong>potes</strong></span> <span class='ocrx_word' id='word_1_708' title='bbox 804 4405 915 4467; x_wconf 70' lang='lat' dir='ltr'><strong>delicias.</strong></span> <span class='ocrx_word' id='word_1_709' title='bbox 953 4404 1007 4468; x_wconf 85' lang='lat' dir='ltr'><strong>Ego</strong></span> <span class='ocrx_word' id='word_1_710' title='bbox 1026 4405 1125 4454; x_wconf 83' lang='lat' dir='ltr'><strong>veritati</strong></span> <span class='ocrx_word' id='word_1_711' title='bbox 1143 4403 1250 4454; x_wconf 92' lang='lat' dir='ltr'><strong>libenter</strong></span> <span class='ocrx_word' id='word_1_712' title='bbox 1269 4403 1365 4454; x_wconf 86' lang='lat' dir='ltr'><strong>cedam.</strong></span> 
     </span>
    </p>
   </div>
   <div class='ocr_carea' id='block_1_4' title="bbox 106 4472 1447 4906">
    <p class='ocr_par' dir='ltr' id='par_1_7' title="bbox 106 4472 1447 4906">
     <span class='ocr_line' id='line_1_58' title="bbox 174 4472 1447 4560; baseline 0 -28"><span class='ocrx_word' id='word_1_713' title='bbox 174 4472 377 4552; x_wconf 89' lang='lat' dir='ltr'><strong>Keplerus:</strong></span> <span class='ocrx_word' id='word_1_714' title='bbox 403 4475 449 4534; x_wconf 90' lang='lat' dir='ltr'><strong>De</strong></span> <span class='ocrx_word' id='word_1_715' title='bbox 475 4474 787 4560; x_wconf 79' lang='lat' dir='ltr'><strong>inclinationibus</strong></span> <span class='ocrx_word' id='word_1_716' title='bbox 812 4475 975 4537; x_wconf 84' lang='lat' dir='ltr'><strong>confudisti</strong></span> <span class='ocrx_word' id='word_1_717' title='bbox 1000 4495 1046 4536; x_wconf 83' lang='lat' dir='ltr'><strong>ine</strong></span> <span class='ocrx_word' id='word_1_718' title='bbox 1070 4476 1148 4538; x_wconf 89' lang='lat' dir='ltr'><strong>inter</strong></span> <span class='ocrx_word' id='word_1_719' title='bbox 1170 4476 1341 4551; x_wconf 81' lang='lat' dir='ltr'><strong>legendum.</strong></span> <span class='ocrx_word' id='word_1_720' title='bbox 1380 4473 1447 4533; x_wconf 90' lang='lat' dir='ltr'><strong>Ve-</strong></span> 
     </span>
     <span class='ocr_line' id='line_1_59' title="bbox 106 4562 1445 4644; baseline -0.001 -20"><span class='ocrx_word' id='word_1_721' title='bbox 106 4580 136 4624; x_wconf 88' lang='lat' dir='ltr'><strong>m</strong></span> <span class='ocrx_word' id='word_1_722' title='bbox 160 4562 329 4641; x_wconf 87' lang='lat' dir='ltr'><strong>respiceres</strong></span> <span class='ocrx_word' id='word_1_723' title='bbox 354 4563 392 4623; x_wconf 89' lang='lat' dir='ltr'><strong>ad</strong></span> <span class='ocrx_word' id='word_1_724' title='bbox 418 4583 502 4624; x_wconf 84' lang='lat' dir='ltr'><strong>meas</strong></span> <span class='ocrx_word' id='word_1_725' title='bbox 527 4564 631 4625; x_wconf 85' lang='lat' dir='ltr'><strong>literas</strong></span> <span class='ocrx_word' id='word_1_726' title='bbox 655 4565 787 4643; x_wconf 87' lang='lat' dir='ltr'><strong>priores,</strong></span> <span class='ocrx_word' id='word_1_727' title='bbox 818 4565 887 4644; x_wconf 87' lang='lat' dir='ltr'><strong>quid</strong></span> <span class='ocrx_word' id='word_1_728' title='bbox 912 4564 1031 4625; x_wconf 85' lang='lat' dir='ltr'><strong>omnino</strong></span> <span class='ocrx_word' id='word_1_729' title='bbox 1057 4564 1237 4642; x_wconf 82' lang='lat' dir='ltr'><strong>scripserim.</strong></span> <span class='ocrx_word' id='word_1_730' title='bbox 1285 4563 1365 4625; x_wconf 89' lang='lat' dir='ltr'><strong>Nam</strong></span> <span class='ocrx_word' id='word_1_731' title='bbox 1391 4563 1445 4623; x_wconf 91' lang='lat' dir='ltr'><strong>hoc</strong></span> 
     </span>
     <span class='ocr_line' id='line_1_60' title="bbox 106 4649 1446 4733; baseline -0.001 -21"><span class='ocrx_word' id='word_1_732' title='bbox 106 4649 212 4724; x_wconf 88' lang='lat' dir='ltr'><strong>uidem,</strong></span> <span class='ocrx_word' id='word_1_733' title='bbox 238 4651 315 4731; x_wconf 89' lang='lat' dir='ltr'><strong>quod</strong></span> <span class='ocrx_word' id='word_1_734' title='bbox 341 4661 373 4713; x_wconf 93' lang='lat' dir='ltr'><strong>tu</strong></span> <span class='ocrx_word' id='word_1_735' title='bbox 398 4653 524 4724; x_wconf 78' lang='lat' dir='ltr'><strong>refutas,</strong></span> <span class='ocrx_word' id='word_1_736' title='bbox 547 4654 636 4732; x_wconf 89' lang='lat' dir='ltr'><strong>plane</strong></span> <span class='ocrx_word' id='word_1_737' title='bbox 662 4672 717 4714; x_wconf 92' lang='lat' dir='ltr'><strong>non</strong></span> <span class='ocrx_word' id='word_1_738' title='bbox 744 4654 862 4733; x_wconf 90' lang='lat' dir='ltr'><strong>scripsi.</strong></span> <span class='ocrx_word' id='word_1_739' title='bbox 911 4652 997 4727; x_wconf 79' lang='lat' dir='ltr'><strong>Diri,</strong></span> <span class='ocrx_word' id='word_1_740' title='bbox 1033 4653 1245 4714; x_wconf 83' lang='lat' dir='ltr'><strong>inclinationes</strong></span> <span class='ocrx_word' id='word_1_741' title='bbox 1274 4652 1446 4730; x_wconf 88' lang='lat' dir='ltr'><strong>implantari</strong></span> 
     </span>
     <span class='ocr_line' id='line_1_61' title="bbox 106 4738 1443 4822; baseline 0.001 -21"><span class='ocrx_word' id='word_1_742' title='bbox 106 4738 140 4801; x_wconf 71' lang='lat' dir='ltr'><strong>»si</strong></span> <span class='ocrx_word' id='word_1_743' title='bbox 163 4739 282 4803; x_wconf 86' lang='lat' dir='ltr'><strong>animae</strong></span> <span class='ocrx_word' id='word_1_744' title='bbox 307 4758 345 4801; x_wconf 83' lang='lat' dir='ltr'><strong>ex</strong></span> <span class='ocrx_word' id='word_1_745' title='bbox 369 4750 518 4802; x_wconf 89' lang='lat' dir='ltr'><strong>astrorum</strong></span> <span class='ocrx_word' id='word_1_746' title='bbox 543 4760 725 4815; x_wconf 88' lang='lat' dir='ltr'><strong>commensu,</strong></span> <span class='ocrx_word' id='word_1_747' title='bbox 752 4743 879 4814; x_wconf 81' lang='lat' dir='ltr'><strong>honest,</strong></span> <span class='ocrx_word' id='word_1_748' title='bbox 906 4741 1036 4803; x_wconf 87' lang='lat' dir='ltr'><strong>animum</strong></span> <span class='ocrx_word' id='word_1_749' title='bbox 1053 4741 1149 4822; x_wconf 85' lang='lat' dir='ltr'><strong>ipsum</strong></span> <span class='ocrx_word' id='word_1_750' title='bbox 1174 4739 1304 4806; x_wconf 77' lang='lat' dir='ltr'><strong>transite</strong></span> <span class='ocrx_word' id='word_1_751' title='bbox 1323 4740 1353 4802; x_wconf 91' lang='lat' dir='ltr'><strong>in</strong></span> <span class='ocrx_word' id='word_1_752' title='bbox 1369 4741 1443 4802; x_wconf 88' lang='lat' dir='ltr'><strong>cha·</strong></span> 
     </span>
     <span class='ocr_line' id='line_1_62' title="bbox 106 4828 1447 4906; baseline -0.002 -14"><span class='ocrx_word' id='word_1_753' title='bbox 106 4837 233 4892; x_wconf 83' lang='lat' dir='ltr'><strong>soterem</strong></span> <span class='ocrx_word' id='word_1_754' title='bbox 258 4829 422 4902; x_wconf 87' lang='lat' dir='ltr'><strong>thematis;</strong></span> <span class='ocrx_word' id='word_1_755' title='bbox 447 4838 551 4892; x_wconf 89' lang='lat' dir='ltr'><strong>notam</strong></span> <span class='ocrx_word' id='word_1_756' title='bbox 575 4829 619 4893; x_wconf 89' lang='lat' dir='ltr'><strong>tui</strong></span> <span class='ocrx_word' id='word_1_757' title='bbox 642 4831 788 4893; x_wconf 87' lang='lat' dir='ltr'><strong>thematis</strong></span> <span class='ocrx_word' id='word_1_758' title='bbox 812 4840 843 4894; x_wconf 89' lang='lat' dir='ltr'><strong>et</strong></span> <span class='ocrx_word' id='word_1_759' title='bbox 867 4831 897 4893; x_wconf 90' lang='lat' dir='ltr'><strong>in</strong></span> <span class='ocrx_word' id='word_1_760' title='bbox 922 4837 952 4892; x_wconf 88' lang='lat' dir='ltr'><strong>te</strong></span> <span class='ocrx_word' id='word_1_761' title='bbox 976 4831 1078 4906; x_wconf 85' lang='lat' dir='ltr'><strong>fluere,</strong></span> <span class='ocrx_word' id='word_1_762' title='bbox 1103 4829 1211 4892; x_wconf 90' lang='lat' dir='ltr'><strong>deinde</strong></span> <span class='ocrx_word' id='word_1_763' title='bbox 1236 4828 1447 4893; x_wconf 86' lang='lat' dir='ltr'><strong>inclinationes</strong></span> 
     </span>
    </p>
   </div>
   <div class='ocr_carea' id='block_1_5' title="bbox 0 0 1644 5542">
    <p class='ocr_par' dir='ltr' id='par_1_8' title="bbox 0 0 1644 5542">
     <span class='ocr_line' id='line_1_63' title="bbox 0 0 1644 5542; baseline 0 0"><span class='ocrx_word' id='word_1_764' title='bbox 0 0 1644 5542; x_wconf 95' lang='lat' dir='ltr'><strong> </strong></span> 
     </span>
    </p>
   </div>
  </div>
 </body>
</html>
