3278 5542
741 317 825 384 &rut
841 318 897 370 xli.
1440 318 1501 389 tlt

134 482 254 553 planum
267 482 368 537 dietum
380 480 532 536 invidentes
555 479 711 552 distingrm
730 479 871 535 commum
892 480 921 535 in
941 481 1128 544 irrationalia,
1154 486 1234 552 petet
1252 484 1325 538 hanc
1343 483 1502 539 &udonem

135 579 191 617 nnn
215 580 280 618 esse
298 562 441 633 propriam
459 560 578 632 quinque
597 560 758 634 figurarum.
798 561 868 615 Eam
890 560 977 632 igitur
1000 562 1027 616 in
1040 562 1161 632 Epirum.
1177 565 1254 619 Astr.
1268 563 1317 618 lih.
1332 564 1367 618 ll.
1390 566 1500 620 demon·

135 643 225 697 stram
239 642 383 714 propriam
395 658 458 696 esse
470 642 622 713 figurarum
631 640 786 710 planarum,
805 640 977 713 regularium
991 642 1251 708 demonstrabilium,
1272 643 1296 697 si
1316 644 1383 698 illae
1399 644 1501 699 circulo

135 723 326 778 inscribantur
339 722 376 777 ab
389 737 445 777 unc
459 721 520 791 ejus
533 727 646 791 puncto.
1449 745 1460 757 =

215 818 246 887 e)
267 820 341 876 Solis
360 819 490 891 intellige
504 834 614 874 aunum.
643 818 714 873 Nam
726 819 790 872 dum
804 817 851 872 Sol
866 833 967 873 annum
980 827 1114 889 permeat,
1136 819 1216 873 Luna
1234 820 1374 874 duodecim
1392 836 1500 875 menses

135 902 248 957 unhcit
268 902 337 956 t'ere.
364 901 496 972 Adeoque
514 899 588 954 hanc
608 898 829 952 distributionem
852 899 917 953 anni
941 906 971 952 et
991 900 1268 954 accommodationem
1287 907 1408 954 motuum
1427 901 1499 955 Solis

136 989 166 1037 et
177 982 292 1047 Lunae,
316 979 417 1035 saltem
439 980 467 1034 in
488 979 575 1050 primo
595 977 781 1048 proportionis
800 977 910 1033 illorum
923 984 1073 1048 conceptu,
1095 996 1149 1050 ego
1171 980 1379 1052 archetypicam
1392 986 1496 1045 statuo,

135 1078 228 1133 exque
250 1059 305 1115 hae
324 1060 496 1116 ordinatione
520 1065 550 1113 et
572 1076 609 1113 ex
630 1074 773 1123 concursu
786 1058 956 1114 naturalium
978 1074 1125 1114 causarum
1147 1059 1290 1114 metricum
1310 1075 1409 1114 causas
1432 1076 1499 1115 eruc

135 1143 310 1214 quarundam
329 1140 563 1211 inaequalitatum
583 1139 611 1193 in
624 1139 719 1193 Luna:
737 1146 771 1193 ut
783 1138 876 1193 monui
889 1139 916 1193 in
929 1137 1133 1210 prolegomenis
1146 1138 1357 1209 Ephemeridum
1372 1147 1402 1194 et
1415 1141 1498 1194 doceo

135 1222 219 1292 plene
233 1223 264 1276 in
276 1220 353 1291 Epit
368 1223 444 1274 Astr.
458 1220 507 1274 lib.
523 1220 569 1273 lV.
598 1217 692 1274 Simile
706 1219 770 1290 quid
784 1218 884 1273 ibidem
901 1218 1023 1272 invenies
1037 1217 1123 1273 etiem
1143 1220 1177 1272 de
1191 1219 1368 1290 proportione
1383 1221 1449 1274 anni
1464 1222 1499 1274 sd

134 1301 325 1356 revolutiones
338 1299 450 1354 diurnas
466 1299 525 1354 aaa
545 1294 588 1368 (in
601 1299 692 1369 prima
709 1293 876 1365 intentione)
898 1297 995 1369 quihus
1015 1300 1149 1354 accedunt
1169 1299 1266 1354 deinde
1285 1300 1320 1352 ob
1341 1312 1500 1353 concursum

135 1396 286 1437 natamus
297 1380 485 1435 revolutiones
500 1375 572 1438 5¹10:
586 1380 659 1433 unde
672 1379 782 1433 elicitur
795 1392 869 1433 nova
882 1379 1013 1449 aequatio
1028 1380 1167 1449 temporis.
1195 1379 1258 1433 Etsi
1272 1379 1395 1434 delibero
1410 1381 1500 1435 adhuc

134 1462 401 1531 ehsemtionesque
423 1461 561 1530 expendo.

214 1555 241 1628 0
270 1559 332 1612 Hoc
350 1557 456 1629 widem
471 1556 750 1618 accidentariumest,
769 1572 825 1609 non
839 1555 1055 1627 archetypicum.
1083 1556 1155 1611 Nam
1168 1563 1200 1611 ut
1213 1557 1297 1610 doceo
1312 1557 1360 1612 lib.
1374 1555 1409 1612 V.
1425 1557 1496 1610 Har·

133 1640 317 1703 manicarum,
348 1636 489 1707 periodica
509 1637 688 1707 planetarum
709 1642 836 1704 tempora
858 1643 925 1689 sunt
948 1653 985 1691 ex
1012 1635 1176 1691 harmonicis
1200 1636 1498 1707 contemperationibus

133 1726 261 1774 motum
281 1726 483 1774 extremorum:
512 1715 540 1770 in
564 1716 683 1787 apheliis
706 1715 778 1769 enim
799 1715 895 1770 debuit
917 1732 978 1769 esse
1006 1722 1128 1770 motuum
1156 1716 1299 1786 proportio
1326 1733 1398 1789 quae
1422 1716 1440 1770 2
1464 1717 1499 1770 nd

133 1799 238 1863 trere,
261 1797 289 1852 iu
302 1796 446 1868 periheliis
459 1812 541 1860 vero,
566 1812 638 1867 quae
658 1795 675 1850 5
698 1797 733 1849 ad
757 1794 802 1859 l2,
827 1802 859 1849 ut
877 1794 985 1850 scilicet
1005 1796 1077 1851 inter
1090 1795 1203 1851 Saturni
1224 1797 1366 1867 aphelium
1379 1804 1409 1850 et
1421 1797 1498 1851 Jovis

133 1877 303 1951 perihelium
324 1884 423 1948 posset
444 1891 506 1930 esse
537 1875 874 1946 diapente-epidiapascu
904 1873 1016 1947 (quinta
1039 1892 1124 1947 supra
1146 1870 1304 1945 octavam),
1333 1876 1405 1931 iuter
1432 1893 1498 1931 vero

132 1958 251 2015 Secum
271 1957 434 2027 perihelium
455 1956 574 2010 etJovis
598 1954 740 2025 aphelium
762 1955 915 2026 perfectum
938 1957 1072 2025 diapason
1094 1952 1239 2026 (octava),
1264 1957 1329 2027 quia
1349 1956 1403 2010 hae
1427 1957 1498 2010 duae

131 2036 297 2094 harmoniae
312 2036 382 2091 cubo
397 2041 536 2107 cognatae
550 2043 626 2091 suut.
653 2037 731 2090 Haec
745 2036 816 2089 enim
830 2035 920 2105 prima
933 2044 963 2089 et
977 2036 1158 2106 archetypica
1171 2036 1199 2090 in
1212 2037 1331 2091 motibus
1346 2043 1390 2091 eat
1403 2053 1497 2090 causa.

133 2119 213 2182 Quod
229 2117 355 2189 eiigitur
367 2123 401 2171 ut
414 2116 587 2186 apheliorum
601 2121 735 2179 motuum,
758 2117 797 2169 sic
816 2123 938 2170 totarum
955 2115 1129 2186 periodorum
1148 2117 1290 2185 proportio
1305 2123 1381 2170 esset
1394 2131 1465 2187 quae
1480 2115 1497 2169 2

134 2200 169 2253 nd
184 2198 217 2263 5,
241 2205 309 2251 tunc
323 2198 352 2250 iu
365 2196 444 2251 annis
459 2197 498 2250 60
512 2197 707 2267 contingerent
719 2197 846 2265 praecise
860 2197 931 2249 duae
950 2196 1137 2249 revolutiones
1151 2195 1277 2260 Saturni,
1299 2196 1417 2267 quinque
1432 2213 1498 2249 vero

132 2278 225 2341 Joris3
242 2278 270 2330 in
284 2277 364 2331 annis
381 2274 417 2330 12
432 2291 488 2330 une
500 2277 594 2329 Joris:
616 2282 646 2330 et
658 2274 794 2331 Saturnus
808 2282 839 2330 et
851 2277 962 2346 Jupiter
976 2275 1115 2345 conjuncti
1128 2276 1206 2329 verbi
1221 2292 1306 2330 causa
1319 2276 1347 2329 iu
1363 2275 1497 2345 principio

133 2356 232 2412 arietis
252 2358 377 2426 praecise
391 2363 457 2425 post
470 2355 508 2410 20
523 2372 609 2410 aunos
624 2356 652 2409 in
667 2355 727 2425 ipso
741 2356 876 2425 principio
890 2357 1031 2428 sagittarii
1047 2356 1152 2410 coirent
1165 2356 1274 2410 iterum.
1302 2356 1413 2425 Jupiter
1426 2356 1498 2410 enim

132 2444 266 2508 superato
280 2437 402 2491 Saturno
421 2437 484 2491 dum
504 2436 646 2490 zodiacum
659 2452 786 2490 emensus
800 2436 950 2490 Saturnum
963 2437 1117 2507 lugientem
1128 2437 1311 2507 persequitur,
1327 2435 1375 2489 ille
1390 2435 1498 2490 interim

132 2534 170 2572 ex
185 2519 276 2572 ariete
293 2516 363 2570 abiit
376 2523 493 2580 tantum,
515 2523 549 2570 ut
561 2517 672 2586 Jupiter
686 2517 714 2569 in
728 2516 846 2587 quinque
860 2515 1079 2571 revolutionibus
1093 2525 1137 2570 ter
1152 2517 1318 2570 solummodo
1333 2523 1499 2586 assequatur

132 2598 238 2668 ipsum,
261 2596 326 2668 quia
346 2596 447 2667 eregit
459 2595 595 2650 Saturnus
607 2613 661 2666 per
674 2598 743 2650 duas
758 2613 795 2651 ex
810 2596 943 2668 quinque;
968 2597 1009 2651 ita
1029 2604 1140 2650 restant
1161 2604 1218 2650 mes
1241 2596 1447 2665 conjunctiones
1470 2596 1498 2649 in

133 2679 256 2748 quinque
268 2675 425 2730 Jorialibus
442 2676 562 2746 periodis
581 2677 705 2746 perfecto
726 2677 868 2747 triurgulo
888 2676 1063 2731 distributae.
1091 2677 1177 2740 Ecce,
1201 2683 1234 2730 ut
1251 2677 1296 2729 hic
1315 2676 1497 2748 triangularis

132 2757 359 2828 conjunctionum
381 2755 451 2810 situs
475 2756 513 2810 sit
535 2758 722 2811 necessarium
748 2772 917 2827 consequeus
941 2772 1043 2811 causae
1067 2756 1265 2827 archetypicae
1288 2773 1326 2810 ex
1348 2755 1496 2810 harmoniis

131 2838 294 2900 desumtae;
316 2836 425 2891 accidat
437 2852 503 2890 vero
518 2837 671 2891 misectioui
685 2837 803 2901 zodiaci,
823 2853 872 2890 seu
886 2853 938 2906 per
951 2837 1107 2907 pyramide,
1130 2854 1181 2890 seu
1198 2854 1249 2906 per
1262 2837 1448 2907 triangulum,
1473 2835 1496 2889 si

132 2918 192 2990 quis
212 2917 305 2980 illam,
330 2924 364 2970 ut
384 2916 413 2970 in
436 2916 489 2970 hoc
512 2917 604 2987 capite
626 2918 777 2987 ponebam,
802 2917 1010 2987 archetypicam
1031 2934 1092 2970 esse
1111 2918 1292 2971 contenderit.
1324 2916 1452 2970 Vicissim
1473 2915 1496 2968 si

131 3005 257 3053 totarum
270 2996 446 3066 periodorum
458 2995 474 3059 i
489 3002 519 3050 et
531 3002 554 3063 lt
568 2997 710 3067 proportio
725 3005 801 3051 esset
814 2997 876 3062 illa,
899 3013 970 3068 quae
990 3006 1105 3067 propter
1119 2997 1293 3051 harmonicas
1308 3005 1494 3065 contempera·

131 3077 223 3133 Senes
238 3076 337 3130 debuit
349 3092 411 3130 esse
425 3083 548 3130 motuum
560 3077 765 3146 periheliorum,
780 3094 818 3131 sc.
836 3077 853 3131 5
869 3079 904 3131 ad
922 3077 966 3140 12,
989 3084 1055 3132 tunc
1069 3078 1097 3131 in
1111 3079 1190 3133 annis
1208 3077 1264 3132 150
1278 3077 1389 3147 Jupiter
1401 3092 1494 3130 rever·

131 3163 242 3213 teretur
254 3156 409 3221 duodecies,
425 3157 511 3213 semel
525 3156 553 3209 in
567 3157 647 3211 annis
665 3152 746 3218 12¹1..
774 3157 886 3211 ablatis
901 3158 988 3228 igitur
1003 3158 1019 3211 5
1034 3159 1068 3211 de
1086 3158 1134 3222 12,
1153 3165 1295 3212 restarent
1310 3157 1337 3222 l,
1359 3157 1442 3211 toties
1457 3173 1496 3210 sc.

129 3237 244 3308 Jupiter
257 3244 454 3307 assequeretur
467 3235 624 3292 Saturnum.
652 3238 751 3309 Itaque
772 3238 900 3292 zodiacus
918 3254 970 3306 per
989 3238 1039 3292 has
1058 3238 1264 3308 conjunctiones
1286 3238 1454 3292 divideretur
1468 3236 1495 3289 in

130 3325 228 3389 partes
244 3315 271 3380 l,
287 3332 402 3387 quarum
416 3316 520 3387 quinis,
541 3318 567 3370 id
582 3325 628 3371 est
640 3316 698 3372 257
713 3317 860 3390 gradibus,
882 3319 964 3372 binae
979 3317 1186 3387 conjunctiones
1202 3336 1264 3374 sse
1279 3317 1393 3372 invicem
1407 3333 1495 3371 remc-

129 3405 279 3458 rerentnr;
294 3397 373 3451 serbi
386 3412 479 3460 causa,
494 3403 655 3467 postumam
669 3399 697 3451 in
712 3391 746 3453 0⁰
760 3397 786 3459 Υ
800 3399 983 3469 contingeret
1001 3399 1093 3452 altera
1108 3400 1135 3452 in
1152 3394 1203 3454 17ο
1212 3395 1249 3464 ol,
1265 3399 1352 3452 tertia
1365 3398 1393 3451 in
1407 3392 1440 3451 4⁰
1452 3393 1494 3469 tp,

129 3476 183 3532 Sed
198 3477 267 3547 quia
280 3476 420 3546 periodica
440 3485 567 3546 tempora
587 3487 786 3549 componuntur
805 3496 843 3533 ex
861 3479 980 3533 motibus
1001 3486 1059 3534 tam
1083 3479 1215 3548 apheliis,
1241 3494 1323 3550 quam
1342 3476 1494 3549 periheliis,

130 3574 223 3629 exque
237 3556 391 3626 interjectis
406 3556 546 3620 omuibus,
567 3557 630 3612 hinc
648 3559 772 3614 nascitur
786 3558 873 3614 etiarn
886 3558 1048 3614 intermedia
1062 3559 1235 3628 periodorum
1253 3558 1408 3628 proportio,
1431 3574 1494 3610 con·

124 3637 355 3707 jncticuumque
368 3652 420 3706 per
433 3637 576 3692 zodiacum
590 3638 763 3702 distributim
787 3647 821 3694 ut
837 3639 926 3709 prima
946 3639 974 3692 in
994 3638 1128 3708 principio
1152 3639 1247 3693 arietis
1271 3638 1426 3701 collocata,
1450 3653 1493 3689 se·

127 3720 220 3773 unda
233 3733 324 3788 neque
338 3716 366 3770 in
379 3718 469 3786 ipsum
481 3717 645 3788 principium
659 3719 801 3791 sagittarii
815 3718 910 3772 veniat
928 3735 978 3772 nec
992 3718 1076 3771 etiam
1095 3735 1182 3789 usque
1201 3718 1229 3772 in
1246 3711 1296 3771 1⁷⁰
1309 3712 1337 3777 ,δ’
1352 3724 1492 3780 excurrat,

128 3800 178 3852 sed
191 3798 285 3852 media
298 3803 329 3850 et
342 3797 482 3868 aequabili
497 3797 606 3851 ratione
620 3800 656 3852 ad
670 3807 727 3853 tres
747 3802 850 3871 gradus
870 3799 948 3852 ultra
968 3796 1169 3869 triangularem
1183 3799 1272 3852 locum
1286 3795 1491 3868 progrediatur.

128 3878 247 3942 Quodsi
268 3876 332 3948 ipsa
352 3877 456 3931 zodiaci
476 3877 615 3932 distinctio
636 3879 664 3933 iu
686 3888 742 3934 tres
767 3879 882 3934 trientes
910 3895 961 3948 per
983 3879 1087 3949 figuras
1109 3877 1291 3951 geometricas
1321 3877 1445 3949 genuina
1464 3881 1494 3928 et

127 3958 313 4029 ardretypica
326 3971 413 4011 causa
425 3956 526 4011 fuisset
546 3957 629 4027 hujus
650 3959 837 4029 dispositionis
856 3957 1090 4028 conjunctionum,
1115 3959 1210 4029 utique
1232 3958 1420 4028 expressisset
1443 3957 1494 4010 illa

124 4038 284 4109 perlectum
298 4037 484 4108 triangulum
507 4055 561 4092 non
582 4039 698 4094 aberrat
711 4041 783 4094 enim
797 4039 916 4093 divinum
931 4054 999 4108 opus
1015 4038 1051 4092 ab
1066 4040 1220 4110 archetypo
1234 4056 1292 4093 suo.
1325 4038 1387 4092 Non
1407 4037 1493 4109 igitur

126 4118 247 4187 amplius
270 4117 368 4173 mirum
389 4134 452 4172 esse
475 4118 571 4183 dehet,
594 4136 643 4174 cur
656 4120 768 4175 Saturni
782 4120 913 4190 Jovisque
932 4134 1098 4190 congressus
1113 4122 1147 4173 ad
1164 4119 1334 4191 triangulum
1349 4118 1492 4180 alludant;

125 4197 195 4270 quia
217 4216 270 4252 uec
292 4198 420 4268 perlecta
441 4205 472 4252 et
494 4200 578 4268 plane
601 4201 789 4255 accidentaria
809 4209 853 4256 est
875 4199 984 4254 allusio.

208 4274 244 4350 g)
265 4279 319 4333 Hic
337 4287 403 4333 sunt
415 4278 554 4348 ipsissima
567 4279 703 4351 principia
721 4281 773 4335 mei
788 4281 879 4351 operis
893 4279 1063 4344 Harmonici,
1091 4296 1180 4350 eaque
1199 4296 1253 4334 uon
1269 4286 1377 4334 tantum
1395 4277 1491 4347 opina·
1604 4282 1611 4305 ¹

126 4358 249 4424 tionum,
273 4375 345 4430 quae
368 4358 568 4428 posterioribus
584 4362 755 4431 temporibus
776 4361 958 4432 corrigendae
972 4359 1088 4426 fuerint,
1113 4361 1161 4415 sed
1184 4361 1269 4415 etiam
1288 4358 1431 4413 verissima
1451 4357 1491 4411 rei

122 4439 224 4510 §prim
252 4439 347 4494 Omnis
361 4439 434 4494 euim
446 4438 640 4510 philosophica
660 4442 816 4512 speculatio
839 4443 922 4495 debet
945 4439 1052 4495 initium
1075 4457 1176 4511 capere
1198 4457 1216 4495 a
1233 4457 1362 4496 sensuum
1380 4436 1491 4506 experi-

122 4519 242 4575 mus:
262 4519 400 4584 hisvero,
423 4535 496 4590 quae
515 4535 612 4575 sensus
627 4522 736 4576 auditus
753 4529 873 4577 testetur
886 4523 920 4574 de
934 4537 1046 4576 numero
1060 4539 1157 4577 rocum
1176 4538 1236 4576 cum
1249 4536 1306 4574 una
1320 4519 1414 4589 aliqua
1427 4533 1491 4571 con·

122 4600 301 4666 muntium,
320 4614 393 4670 quae
406 4599 474 4655 item
486 4615 584 4654 sensus
599 4603 738 4657 oculorum
752 4604 786 4657 de
800 4600 973 4674 longitudine
987 4601 1150 4657 chordarum
1163 4600 1384 4664 consonantium,
1399 4614 1490 4652 emen·

123 4680 272 4736 deliniris
293 4686 324 4735 et
344 4680 428 4751 plene
450 4695 615 4751 expressum
636 4684 734 4739 habes.

207 4755 244 4830 h)
269 4760 370 4815 hlirurn
386 4767 433 4815 est
451 4758 589 4832 equidem,
613 4779 674 4818 cum
691 4770 735 4818 tot
753 4779 790 4816 ex
810 4760 925 4833 antiquo
939 4761 1088 4818 extiterint
1100 4759 1248 4831 scriptores
1262 4759 1489 4824 harmonicorum,

119 4842 256 4913 nnspiem
272 4854 361 4912 penes
381 4839 457 4912 ipsos
479 4856 623 4898 secum
643 4841 866 4899 ohssnstionem
887 4844 960 4898 hane
987 4845 1022 4898 ds
1043 4858 1156 4899 numero
1178 4841 1332 4897 sectioumn
1353 4839 1491 4896 harmasti·
