3262 5550
229 478 259 540 io
284 476 485 557 descriptione
509 475 607 537 latina
630 474 800 548 monuisse,
835 493 902 536 esse
934 475 1006 537 milri
1038 475 1067 537 in
1096 486 1218 555 promtu
1246 492 1386 541 numeres
1411 476 1585 548 minutiores,

231 568 284 628 sed
309 567 416 647 quibus
441 566 521 627 iutra
545 561 610 626 200
634 582 729 623 annos
753 564 872 625 circiter
895 558 936 626 8⁰
958 582 1041 626 error
1064 566 1268 628 committatur
1291 565 1321 629 iu
1337 567 1437 633 reditu
1459 565 1496 638 Q.
1534 563 1585 628 (ls-

230 666 326 718 terum
352 654 468 716 facilius
493 661 541 713 est
564 653 661 732 perito
687 652 794 714 artifici
817 662 881 715 tam
904 652 999 714 exiles
1028 654 1187 732 effingere,
1215 673 1305 734 quam
1332 654 1407 717 mibi
1434 654 1586 734 partiriiu

230 752 314 805 rotas
336 745 449 824 plures.
495 741 618 803 Numeri
643 740 722 802 enim
746 741 824 801 inter
846 761 880 802 ee
903 741 989 821 primi
1014 751 1103 803 sunt:
1129 751 1195 804 tota
1219 762 1289 805 vero
1313 744 1414 807 forma
1435 752 1470 805 et
1492 743 1586 823 dispo·

231 833 301 894 sitio
325 851 391 894 eum
416 832 445 893 iu
469 832 587 892 modum
612 837 767 908 suscepta,
801 831 849 908 qui
879 849 936 895 nou
961 831 1061 909 possit
1084 850 1138 910 pro
1161 851 1221 893 una
1245 833 1321 894 duas
1345 843 1432 895 rotas
1457 830 1585 912 adipisci,

230 923 272 982 uti
298 921 412 1001 tejam
436 920 606 998 intelligere
631 919 730 979 credo.

318 1012 351 1072 lu
378 1009 485 1069 eadem
509 1009 603 1070 latina
628 1007 827 1086 descriptione
852 1026 956 1068 secure
980 1008 1172 1086 scrupulosus
1201 1008 1261 1069 fui:
1296 1027 1332 1069 eo
1357 1009 1438 1090 qued
1470 1007 1526 1070 tibi
1547 1028 1586 1070 me

228 1100 285 1160 soli
301 1099 433 1160 scribere
448 1116 612 1158 censerem.
645 1097 812 1175 Propterea
832 1097 923 1157 etiam
948 1096 1041 1158 latine
1066 1097 1181 1175 scripsi,
1208 1105 1241 1158 et
1264 1097 1291 1158 in
1315 1096 1495 1176 germanico
1518 1098 1586 1168 cari,

230 1207 266 1248 ne
290 1187 386 1248 latina
409 1186 571 1265 descriptio
596 1186 624 1245 in
649 1186 764 1247 alienas
789 1203 894 1246 manus
919 1185 1069 1247 deveniat.
1109 1184 1161 1247 Sic
1184 1185 1262 1247 euim
1286 1186 1474 1260 existimavi,
1500 1186 1585 1247 nemi-

229 1296 295 1337 nem
320 1296 358 1337 ex
382 1274 562 1336 consiliariis
587 1275 667 1344 iore,
699 1274 830 1353 quinon
855 1284 939 1336 tuum
963 1275 1056 1335 solius
1081 1274 1236 1335 consilium
1260 1275 1381 1352 expeti,
1416 1294 1508 1355 quam
1531 1275 1585 1354 ipse

230 1365 461 1446 prolixissimum
477 1363 622 1443 scriptum
641 1363 762 1440 ignotae
778 1363 935 1435 materiae,
961 1382 1066 1424 manus
1090 1364 1344 1438 intricatissimae,
1370 1365 1474 1443 legere
1498 1365 1585 1425 malit.

227 1455 336 1532 ltaque
361 1453 456 1514 adbuc
480 1470 536 1531 ego
560 1452 597 1512 de
621 1451 760 1512 sollicitis
781 1452 848 1511 istis
867 1452 1055 1513 cautionibus
1076 1472 1198 1512 securus
1218 1471 1293 1514 sum.
1332 1450 1423 1523 Quod
1448 1452 1476 1514 si
1501 1453 1585 1514 etiam

231 1543 341 1621 legant,
368 1542 511 1602 videbunt
535 1560 581 1602 me
605 1550 741 1619 apertum
766 1560 833 1602 esse
858 1552 889 1601 et
912 1541 1102 1619 diligentem,
1127 1540 1176 1620 qui
1201 1541 1300 1602 omnia
1323 1541 1510 1620 expendam,
1536 1561 1584 1602 uec

229 1641 379 1703 metuent,
402 1638 437 1691 ut
460 1650 506 1690 me
530 1630 600 1710 quid
626 1630 717 1690 latere
742 1631 852 1707 possit,
879 1630 957 1709 quod
981 1631 1019 1690 ad
1044 1631 1087 1690 rei
1111 1648 1256 1691 sunnuam
1280 1637 1411 1708 spectet.

319 1717 407 1790 Quod
432 1719 540 1780 adme
565 1718 612 1778 hic
637 1718 849 1797 increpandum
873 1727 925 1780 tuo
950 1719 1086 1797 exemplo
1111 1717 1219 1791 uteris,
1249 1720 1343 1792 scito,
1368 1718 1450 1781 idem
1475 1719 1515 1780 ad
1538 1737 1587 1778 uu-

230 1827 316 1889 guem
341 1808 410 1870 mihi
437 1808 483 1869 hic
507 1807 663 1868 accidisse.
697 1806 810 1870 Rector
826 1817 928 1868 noster
943 1808 1020 1868 male
1035 1808 1106 1869 mihi
1127 1807 1276 1887 cupiebat,
1303 1807 1370 1887 ejus
1394 1826 1454 1887 ego
1479 1809 1587 1869 calum-

230 1897 295 1959 nias
320 1899 356 1958 de
382 1897 515 1958 novitate
540 1897 644 1957 odiosa
668 1897 846 1957 metuebam.
891 1898 987 1974 Igitur
1011 1897 1167 1959 consilium
1191 1897 1257 1976 cepi
1286 1896 1472 1959 extenuaudi
1496 1915 1589 1958 coram

231 1987 280 2048 illo
305 1986 362 2047 mei
388 1986 510 2057 inventi,
536 1996 567 2047 ut
583 1985 661 2064 quod
685 2004 742 2045 non
768 2004 878 2046 novum
902 1986 955 2045 sed
971 1986 1136 2065 antiquitus
1160 1994 1263 2046 uotum
1289 1986 1389 2047 fuerit.
1432 1980 1543 2048 lucidit
1564 1985 1588 2045 in

230 2075 362 2157 Scyllam
392 2075 514 2154 cupiens
548 2074 645 2136 vitare
672 2071 854 2154 Charybdin.
902 2074 981 2136 Nem
1013 2074 1140 2153 arripuit
1161 2072 1236 2135 illud
1261 2075 1297 2134 de
1323 2073 1508 2155 antiquitate
1532 2094 1590 2135 nra-

224 2165 381 2244 joremque
406 2183 443 2225 ex
467 2184 503 2224 ea
527 2163 704 2224 calumniam
734 2163 763 2223 in
793 2182 838 2223 me
872 2163 1039 2234 derivavit,
1073 2182 1162 2242 quam
1197 2182 1232 2224 ex
1262 2164 1381 2224 curiosa
1411 2172 1444 2225 et
1469 2163 1590 2243 superba

229 2253 365 2314 novitate
389 2253 539 2332 potuisset
564 2270 713 2332 unquam:
738 2260 770 2312 et
794 2259 894 2313 tamen
918 2272 986 2313 mea
1008 2253 1105 2314 vitula
1128 2250 1244 2313 arabat

300 2425 696 2478 Maestlinusd.22.lau.1599
715 2427 779 2478 haee
797 2430 935 2492 respoudit:
959 2428 1098 2478 Mirabilem
1115 2429 1185 2478 rideo
1204 2429 1309 2491 priorum
1327 2427 1459 2478 literarum
1488 2443 1590 2478 mearum

229 2501 354 2551 inmunem
364 2502 389 2549 iu
400 2501 496 2552 itinere.
507 2500 712 2563 quemadmodum
720 2499 977 2550 tabellariusJacobus
990 2501 1152 2563 superioribus
1162 2500 1286 2549 mensibus
1296 2499 1355 2548 mihi
1368 2515 1467 2564 quoque
1478 2502 1590 2564 exposuit.

227 2571 321 2621 Vemm
341 2587 383 2620 res
398 2572 460 2620 bene
483 2571 575 2627 habet,
601 2570 720 2635 siquidem
740 2570 777 2620 rei
796 2573 898 2621 tandem
917 2573 1023 2620 traditae
1046 2571 1153 2620 fuerunt.
1191 2570 1279 2620 Mense
1299 2570 1400 2620 Octobri
1419 2571 1503 2621 nullas
1522 2570 1552 2620 ad
1569 2578 1590 2618 te

229 2644 316 2706 scripsi
334 2642 491 2691 literas...
511 2641 609 2691 Literas
627 2649 684 2691 tuas
704 2644 848 2705 superiores,
868 2658 930 2708 quas
949 2643 979 2692 de
998 2643 1122 2707 horologio
1142 2642 1175 2691 ad
1193 2657 1253 2705 opus
1270 2643 1464 2692 astronomicum
1484 2641 1591 2691 addendo

228 2728 280 2763 uua
299 2727 354 2762 curn
373 2714 457 2762 rotulis
476 2714 565 2762 dedisti
584 2714 618 2763 ad
634 2728 674 2762 me
694 2714 826 2763 admodum
843 2715 965 2778 prolixas,
985 2714 1065 2763 adhuc
1084 2728 1181 2763 mecum
1200 2714 1304 2763 retineo.
1342 2712 1419 2762 Ratio
1439 2720 1488 2770 est,
1506 2713 1590 2763 Krata-

229 2799 345 2847 mayerus
363 2787 497 2849 praeterito
516 2800 600 2834 meuse
620 2785 686 2850 apud
709 2800 754 2833 nos
778 2785 838 2842 luit,
867 2788 905 2835 cui
934 2786 1018 2835 literas
1038 2787 1186 2841 monstrari,
1214 2798 1346 2849 earumque
1372 2791 1497 2836 contenta
1515 2798 1591 2834 coram

229 2856 260 2906 D.
283 2856 314 2905 D.
336 2856 508 2906 Halenreffero
528 2858 635 2920 exposui.
673 2855 723 2906 Sed
742 2857 827 2913 video,
856 2858 978 2906 homiuem
1006 2857 1037 2905 ab
1063 2857 1109 2906 hoc
1133 2857 1232 2920 negotio
1258 2852 1331 2919 plane
1351 2856 1494 2906 abhorrere.
1532 2855 1589 2904 Goa-

227 2928 357 2977 sulueruut
375 2943 432 2993 ergo
452 2942 545 2983 omues,
564 2929 727 2977 mutationem
744 2927 838 2976 nullam
851 2943 905 2978 esse
919 2927 1108 2991 suscipiendam.
1139 2927 1248 2991 Cumque
1263 2942 1312 2982 me,
1332 2941 1364 2975 ue
1383 2928 1501 2990 princeps
1519 2925 1590 2978 offen·

228 2999 334 3055 deretur,
353 3006 464 3048 metuere
483 2999 596 3058 dicerem,
616 2998 658 3048 ille
676 2998 810 3062 respoudit.
830 2999 889 3049 nihil
903 2999 935 3047 ibi
949 3000 1050 3048 subesse
1062 2999 1180 3061 periculi;
1199 2999 1245 3046 sibi
1264 3000 1329 3047 euim
1348 2999 1467 3061 principia
1487 3000 1589 3048 animum

227 3072 263 3118 sic
282 3071 408 3135 cognitum
427 3085 497 3126 esse,
522 3071 570 3118 nisi
589 3085 672 3120 coram
691 3070 767 3119 oculis
785 3071 884 3123 rideat,
912 3077 956 3121 aut
976 3070 1044 3119 hisce
1067 3071 1164 3133 scriptis
1189 3076 1335 3127 moneatur,
1363 3069 1442 3132 ipsius
1463 3069 1528 3120 Cels.
1546 3083 1591 3117 uon

226 3141 329 3190 ulterius
347 3141 378 3190 de
397 3156 426 3191 eo
445 3142 576 3204 quicquam
599 3156 654 3191 esse
675 3148 804 3190 maturam.
843 3142 956 3206 inprimis
979 3156 1049 3197 roro,
1076 3141 1141 3205 quod
1163 3141 1220 3190 mihi
1244 3155 1339 3205 quoque
1363 3140 1508 3197 ridebatur,
1534 3142 1592 3189 siem

228 3212 392 3275 superioribus
410 3213 488 3261 literis
507 3213 600 3275 scripsi,
619 3214 752 3261 immanem
774 3213 952 3263 denticulorum
974 3226 1101 3262 numerum
1121 3213 1220 3262 dicebat
1238 3225 1395 3276 nequaquam
1414 3213 1591 3277 repraesentari

227 3297 307 3346 posse.
345 3282 486 3332 Parendum
505 3298 563 3347 ergo
584 3284 631 3332 fuit
650 3299 733 3332 eorum
752 3282 862 3339 consilio.
883 3291 908 3332 et
926 3285 955 3340 si,
975 3284 1039 3346 quod
1057 3299 1096 3332 res
1116 3291 1162 3339 est,
1182 3283 1262 3332 denuo
1282 3284 1364 3332 dicere
1384 3282 1468 3340 velim,
1488 3285 1554 3333 suasi
1570 3281 1592 3330 id

228 3354 299 3402 initio
326 3353 403 3410 ultro,
429 3354 541 3418 idemque
560 3353 641 3403 adhuc
661 3355 776 3404 iacerem.
815 3354 864 3405 Sed
883 3356 954 3404 nimia
973 3356 1107 3417 pretiosum
1127 3368 1186 3418 opus
1211 3363 1264 3411 est;
1291 3361 1368 3403 antea
1393 3361 1482 3406 samm
1501 3356 1591 3405 dissue

229 3424 288 3473 dere
306 3425 367 3473 illud
384 3424 453 3474 haud
470 3427 547 3488 potui.
567 3426 626 3489 quia
643 3427 775 3489 putabant,
795 3440 826 3476 ea
844 3428 960 3475 universa
978 3439 994 3475 a
1012 3433 1037 3475 te
1053 3429 1107 3488 jam
1119 3432 1179 3476 aute
1192 3428 1283 3490 optime
1296 3426 1379 3485 luisse,
1400 3428 1525 3489 quomodo
1542 3440 1590 3490 per·

227 3494 268 3546 dei
287 3503 395 3559 possent.
414 3496 605 3559 praemeditata

300 3567 436 3617 Excusatio
455 3575 499 3616 tua
518 3568 549 3616 de
567 3569 639 3632 priori
659 3569 749 3632 scripto
767 3575 810 3618 tuo
830 3568 862 3618 ad
881 3582 920 3617 me
940 3566 998 3617 dato
1018 3568 1094 3617 etsie
1114 3566 1233 3617 adornato
1254 3566 1318 3630 apud
1332 3582 1371 3616 me
1384 3568 1505 3619 facillime
1518 3569 1592 3619 locum

227 3637 316 3696 habet,
342 3654 426 3689 rerum
445 3639 702 3696 metuendumesset,
729 3648 757 3688 ut
776 3640 841 3704 apud
861 3639 934 3697 alios,
959 3640 1046 3704 quibus
1064 3639 1112 3689 hae
1131 3645 1191 3688 tuae
1210 3639 1318 3687 rationes
1336 3639 1441 3703 ignotae
1461 3647 1521 3689 suut
1539 3638 1592 3702 (uec

228 3711 293 3759 enim
312 3711 423 3759 omnibus
445 3725 488 3760 eas
508 3725 629 3774 exponere
648 3709 769 3774 possem),
790 3726 829 3760 res
849 3710 921 3759 aliter
939 3712 1100 3774 acciperetur.
1139 3709 1189 3760 Sed
1207 3724 1245 3758 res
1264 3709 1328 3759 bene
1346 3709 1440 3766 habet,
1461 3713 1521 3776 quia
1537 3711 1593 3761 illud

226 3782 344 3845 seriptum
368 3788 467 3845 propter
491 3796 593 3831 causam
619 3783 710 3831 dictam
734 3784 759 3831 in
784 3783 1000 3831 aliomm.mauus
1024 3797 1073 3830 uon
1097 3783 1172 3830 venit.
1211 3779 1305 3841 Quodsi
1322 3780 1360 3830 rel
1380 3782 1497 3846 princeps
1515 3798 1592 3833 rursus

226 3855 361 3910 monuerit,
380 3853 417 3902 vel
436 3854 480 3902 tibi
499 3868 537 3902 res
556 3853 628 3903 aliter
646 3854 772 3914 rideatur,
789 3862 831 3903 sat
853 3855 971 3916 temporis
991 3854 1037 3902 erit
1055 3853 1086 3902 de
1105 3854 1204 3918 negotio
1223 3851 1289 3901 ultra
1307 3852 1444 3918 cogitandi.
1464 3879 1502 3890 -

299 4010 339 4060 Ad
356 4010 418 4060 haec
438 4010 615 4075 Keplerus:

319 4118 364 4177 De
380 4117 605 4197 Stuggardiano
630 4122 751 4200 negotio
775 4120 836 4181 tuis
855 4121 1013 4199 acquiesco
1034 4119 1177 4190 consiliis.
1217 4118 1319 4179 Velim
1343 4127 1458 4194 tamen,
1484 4139 1593 4199 argeu-

229 4213 300 4276 tum,
327 4207 406 4284 quod
425 4207 488 4284 jam
513 4207 678 4285 impensum
702 4218 759 4282 est,
785 4211 952 4282 asservari,
979 4228 1036 4271 uon
1061 4210 1141 4270 iuter
1164 4208 1301 4288 privatos
1326 4207 1473 4284 distrahi,
1500 4218 1548 4283 ut,
1572 4209 1594 4268 si

230 4294 348 4373 quando
364 4312 448 4373 opus,
474 4295 561 4374 quale
586 4295 641 4357 tibi
666 4297 821 4375 descripsi,
848 4298 923 4359 meis
946 4300 995 4360 vel
1018 4298 1147 4376 alicujus
1167 4297 1281 4376 opiliois
1302 4296 1453 4359 sumtibus
1476 4298 1594 4378 periec-

229 4391 292 4443 tum
316 4391 349 4444 et
372 4384 542 4445 absolutum
566 4385 693 4464 principi
715 4404 769 4466 pro
793 4406 877 4449 meae
903 4388 1002 4448 lamae
1029 4387 1203 4448 defensione
1224 4386 1372 4460 obtulero,
1398 4386 1538 4449 rationes
1561 4387 1594 4449 de

230 4480 356 4549 argento
380 4471 422 4532 illi
448 4472 507 4534 sint
531 4474 701 4552 expeditae.
749 4473 865 4546 Quodsi
895 4477 1086 4537 metuendum
1114 4475 1168 4536 tibi
1197 4493 1255 4535 nou
1285 4483 1351 4546 est,
1385 4483 1420 4536 ut
1449 4477 1535 4539 ultra
1562 4495 1595 4538 ex

230 4561 300 4620 aula
323 4560 540 4640 interpelletis,
565 4563 685 4625 remitte
709 4565 781 4627 mihi
805 4564 1038 4642 descriptionem
1061 4563 1188 4625 latinam
1212 4563 1339 4637 saltem,
1373 4575 1538 4627 reservata
1561 4564 1596 4627 ad

230 4667 348 4709 omnem
371 4658 510 4711 eventum
534 4653 720 4731 germanica,
747 4654 817 4734 quia
840 4656 994 4733 exemplar
1018 4672 1076 4714 uon
1101 4653 1207 4714 habeo.

952 4736 955 4742 ’
1006 4740 1039 4803 (Ε
1057 4741 1134 4791 literis
1154 4740 1177 4789 d.
1198 4741 1221 4791 d.
1242 4737 1284 4809 26.
1303 4739 1374 4789 Febr.
1398 4736 1492 4803 159⁹.)
