<?xml version="1.0" encoding="UTF-8"?>
<!DOCTYPE html PUBLIC "-//W3C//DTD XHTML 1.0 Transitional//EN"
    "http://www.w3.org/TR/xhtml1/DTD/xhtml1-transitional.dtd">
<html xmlns="http://www.w3.org/1999/xhtml" xml:lang="en" lang="en">
 <head>
  <title>
</title>
<meta http-equiv="Content-Type" content="text/html;charset=utf-8" />
  <meta name='ocr-system' content='tesseract 3.04.00' />
  <meta name='ocr-capabilities' content='ocr_page ocr_carea ocr_par ocr_line ocrx_word'/>
</head>
<body>
  <div class='ocr_page' id='page_1' title='image "./joanniskepleria17frisgoog_0095.png"; bbox 0 0 3278 5542; ppageno 0'>
   <div class='ocr_carea' id='block_1_1' title="bbox 138 263 899 330">
    <p class='ocr_par' dir='ltr' id='par_1_1' title="bbox 138 263 899 330">
     <span class='ocr_line' id='line_1_1' title="bbox 138 263 899 330; baseline 0.001 -2"><span class='ocrx_word' id='word_1_1' title='bbox 138 263 182 330; x_wconf 79' lang='lat'><strong>⁷2</strong></span> <span class='ocrx_word' id='word_1_2' title='bbox 736 263 899 316; x_wconf 67' lang='lat' dir='ltr'><strong>Pmlm</strong></span> 
     </span>
    </p>
   </div>
   <div class='ocr_carea' id='block_1_2' title="bbox 77 419 1509 4596">
    <p class='ocr_par' dir='ltr' id='par_1_2' title="bbox 137 419 1502 595">
     <span class='ocr_line' id='line_1_2' title="bbox 137 419 1502 505; baseline -0.004 -15"><span class='ocrx_word' id='word_1_3' title='bbox 137 423 329 490; x_wconf 80' lang='lat' dir='ltr'><strong>Banathlsam</strong></span> <span class='ocrx_word' id='word_1_4' title='bbox 350 423 430 488; x_wconf 90' lang='lat' dir='ltr'><strong>veni.</strong></span> <span class='ocrx_word' id='word_1_5' title='bbox 478 422 527 487; x_wconf 81' lang='lat' dir='ltr'><strong>Ab</strong></span> <span class='ocrx_word' id='word_1_6' title='bbox 551 442 587 485; x_wconf 88' lang='lat' dir='ltr'><strong>eo</strong></span> <span class='ocrx_word' id='word_1_7' title='bbox 611 423 659 485; x_wconf 86' lang='lat' dir='ltr'><strong>die</strong></span> <span class='ocrx_word' id='word_1_8' title='bbox 684 443 776 504; x_wconf 91' lang='lat' dir='ltr'><strong>usque</strong></span> <span class='ocrx_word' id='word_1_9' title='bbox 800 424 840 485; x_wconf 91' lang='lat' dir='ltr'><strong>ad</strong></span> <span class='ocrx_word' id='word_1_10' title='bbox 864 421 931 487; x_wconf 80' lang='lat' dir='ltr'><strong>Cal.</strong></span> <span class='ocrx_word' id='word_1_11' title='bbox 955 422 1041 499; x_wconf 83' lang='lat' dir='ltr'><strong>lun,</strong></span> <span class='ocrx_word' id='word_1_12' title='bbox 1072 423 1099 486; x_wconf 92' lang='lat' dir='ltr'><strong>si</strong></span> <span class='ocrx_word' id='word_1_13' title='bbox 1122 419 1143 486; x_wconf 88' lang='grc'>3</span> <span class='ocrx_word' id='word_1_14' title='bbox 1166 421 1288 486; x_wconf 78' lang='lat' dir='ltr'><strong>circiter</strong></span> <span class='ocrx_word' id='word_1_15' title='bbox 1310 420 1502 505; x_wconf 84' lang='lat' dir='ltr'><strong>septimanas</strong></span> 
     </span>
     <span class='ocr_line' id='line_1_3' title="bbox 139 513 1141 595; baseline -0.005 -18"><span class='ocrx_word' id='word_1_16' title='bbox 139 515 264 589; x_wconf 88' lang='lat' dir='ltr'><strong>eximas,</strong></span> <span class='ocrx_word' id='word_1_17' title='bbox 288 513 427 576; x_wconf 86' lang='lat' dir='ltr'><strong>continue</strong></span> <span class='ocrx_word' id='word_1_18' title='bbox 451 532 518 574; x_wconf 90' lang='lat' dir='ltr'><strong>curn</strong></span> <span class='ocrx_word' id='word_1_19' title='bbox 542 513 683 593; x_wconf 87' lang='lat' dir='ltr'><strong>Tychone</strong></span> <span class='ocrx_word' id='word_1_20' title='bbox 708 513 796 595; x_wconf 91' lang='lat' dir='ltr'><strong>inque</strong></span> <span class='ocrx_word' id='word_1_21' title='bbox 819 513 957 575; x_wconf 87' lang='lat' dir='ltr'><strong>convictu</strong></span> <span class='ocrx_word' id='word_1_22' title='bbox 981 513 1045 593; x_wconf 90' lang='lat' dir='ltr'><strong>ejus</strong></span> <span class='ocrx_word' id='word_1_23' title='bbox 1069 513 1141 574; x_wconf 83' lang='lat' dir='ltr'><strong>vixi.</strong></span> 
     </span>
    </p>

    <p class='ocr_par' dir='ltr' id='par_1_3' title="bbox 135 598 1502 2460">
     <span class='ocr_line' id='line_1_4' title="bbox 226 598 1499 681; baseline -0.002 -17"><span class='ocrx_word' id='word_1_24' title='bbox 226 601 416 664; x_wconf 85' lang='lat' dir='ltr'><strong>Invitaverat</strong></span> <span class='ocrx_word' id='word_1_25' title='bbox 438 603 464 664; x_wconf 90' lang='lat' dir='ltr'><strong>ie</strong></span> <span class='ocrx_word' id='word_1_26' title='bbox 488 621 534 663; x_wconf 88' lang='lat' dir='ltr'><strong>me</strong></span> <span class='ocrx_word' id='word_1_27' title='bbox 559 603 655 663; x_wconf 88' lang='lat' dir='ltr'><strong>altera</strong></span> <span class='ocrx_word' id='word_1_28' title='bbox 678 602 743 664; x_wconf 89' lang='lat' dir='ltr'><strong>vioe</strong></span> <span class='ocrx_word' id='word_1_29' title='bbox 775 603 828 676; x_wconf 90' lang='lat' dir='ltr'><strong>(de</strong></span> <span class='ocrx_word' id='word_1_30' title='bbox 851 603 949 681; x_wconf 90' lang='lat' dir='ltr'><strong>prima</strong></span> <span class='ocrx_word' id='word_1_31' title='bbox 972 601 1050 663; x_wconf 91' lang='lat' dir='ltr'><strong>enim</strong></span> <span class='ocrx_word' id='word_1_32' title='bbox 1080 600 1260 664; x_wconf 90' lang='lat' dir='ltr'><strong>invitatione</strong></span> <span class='ocrx_word' id='word_1_33' title='bbox 1282 598 1338 661; x_wconf 90' lang='lat' dir='ltr'><strong>tibi</strong></span> <span class='ocrx_word' id='word_1_34' title='bbox 1363 600 1499 670; x_wconf 67' lang='lat' dir='ltr'><strong>conant)</strong></span> 
     </span>
     <span class='ocr_line' id='line_1_5' title="bbox 138 685 1496 772; baseline -0.004 -19"><span class='ocrx_word' id='word_1_35' title='bbox 138 709 282 772; x_wconf 88' lang='lat' dir='ltr'><strong>perquam</strong></span> <span class='ocrx_word' id='word_1_36' title='bbox 305 691 441 753; x_wconf 89' lang='lat' dir='ltr'><strong>humanis</strong></span> <span class='ocrx_word' id='word_1_37' title='bbox 475 691 583 751; x_wconf 90' lang='lat' dir='ltr'><strong>adme</strong></span> <span class='ocrx_word' id='word_1_38' title='bbox 616 690 736 770; x_wconf 90' lang='lat' dir='ltr'><strong>scriptis</strong></span> <span class='ocrx_word' id='word_1_39' title='bbox 764 692 871 753; x_wconf 90' lang='lat' dir='ltr'><strong>literis.</strong></span> <span class='ocrx_word' id='word_1_40' title='bbox 919 689 1053 752; x_wconf 89' lang='lat' dir='ltr'><strong>Sedeas</strong></span> <span class='ocrx_word' id='word_1_41' title='bbox 1081 708 1138 770; x_wconf 84' lang='lat' dir='ltr'><strong>ago</strong></span> <span class='ocrx_word' id='word_1_42' title='bbox 1162 690 1267 752; x_wconf 77' lang='lat' dir='ltr'>literas</span> <span class='ocrx_word' id='word_1_43' title='bbox 1294 688 1322 750; x_wconf 94' lang='lat' dir='ltr'><strong>d.</strong></span> <span class='ocrx_word' id='word_1_44' title='bbox 1355 685 1404 752; x_wconf 80' lang='lat'><strong>10.</strong></span> <span class='ocrx_word' id='word_1_45' title='bbox 1427 686 1496 750; x_wconf 88' lang='lat' dir='ltr'><strong>Jun.</strong></span> 
     </span>
     <span class='ocr_line' id='line_1_6' title="bbox 140 774 1499 860; baseline -0.005 -16"><span class='ocrx_word' id='word_1_46' title='bbox 140 782 259 844; x_wconf 92' lang='lat' dir='ltr'><strong>demum</strong></span> <span class='ocrx_word' id='word_1_47' title='bbox 282 780 421 842; x_wconf 81' lang='lat' dir='ltr'>Viennae</span> <span class='ocrx_word' id='word_1_48' title='bbox 444 780 474 841; x_wconf 91' lang='lat' dir='ltr'><strong>in</strong></span> <span class='ocrx_word' id='word_1_49' title='bbox 503 780 601 842; x_wconf 89' lang='lat' dir='ltr'><strong>reditu</strong></span> <span class='ocrx_word' id='word_1_50' title='bbox 636 780 748 858; x_wconf 90' lang='lat' dir='ltr'><strong>accepi.</strong></span> <span class='ocrx_word' id='word_1_51' title='bbox 800 779 852 842; x_wconf 89' lang='lat' dir='ltr'><strong>Sic</strong></span> <span class='ocrx_word' id='word_1_52' title='bbox 880 799 950 860; x_wconf 84' lang='lat' dir='ltr'><strong>ergo</strong></span> <span class='ocrx_word' id='word_1_53' title='bbox 983 799 1040 841; x_wconf 94' lang='lat' dir='ltr'><strong>non</strong></span> <span class='ocrx_word' id='word_1_54' title='bbox 1070 788 1187 842; x_wconf 90' lang='lat' dir='ltr'><strong>tanturn</strong></span> <span class='ocrx_word' id='word_1_55' title='bbox 1218 786 1325 858; x_wconf 84' lang='lat' dir='ltr'><strong>gratus</strong></span> <span class='ocrx_word' id='word_1_56' title='bbox 1360 776 1416 839; x_wconf 89' lang='lat' dir='ltr'><strong>sed</strong></span> <span class='ocrx_word' id='word_1_57' title='bbox 1445 774 1499 837; x_wconf 80' lang='lat' dir='ltr'><strong>ex-</strong></span> 
     </span>
     <span class='ocr_line' id='line_1_7' title="bbox 137 864 1498 951; baseline -0.004 -20"><span class='ocrx_word' id='word_1_58' title='bbox 137 876 279 951; x_wconf 89' lang='lat' dir='ltr'><strong>pectatus</strong></span> <span class='ocrx_word' id='word_1_59' title='bbox 310 869 403 931; x_wconf 88' lang='lat' dir='ltr'><strong>etiarn</strong></span> <span class='ocrx_word' id='word_1_60' title='bbox 436 869 493 931; x_wconf 87' lang='lat' dir='ltr'><strong>fuit</strong></span> <span class='ocrx_word' id='word_1_61' title='bbox 522 869 671 930; x_wconf 87' lang='lat' dir='ltr'><strong>adventus</strong></span> <span class='ocrx_word' id='word_1_62' title='bbox 694 888 789 931; x_wconf 88' lang='lat' dir='ltr'><strong>meus.</strong></span> <span class='ocrx_word' id='word_1_63' title='bbox 836 867 921 939; x_wconf 84' lang='lat' dir='ltr'><strong>Quae</strong></span> <span class='ocrx_word' id='word_1_64' title='bbox 947 869 1085 942; x_wconf 91' lang='lat' dir='ltr'><strong>viderim,</strong></span> <span class='ocrx_word' id='word_1_65' title='bbox 1111 888 1187 949; x_wconf 88' lang='lat' dir='ltr'><strong>qnae</strong></span> <span class='ocrx_word' id='word_1_66' title='bbox 1211 867 1383 942; x_wconf 84' lang='lat' dir='ltr'><strong>didicerim,</strong></span> <span class='ocrx_word' id='word_1_67' title='bbox 1412 864 1498 927; x_wconf 90' lang='lat' dir='ltr'><strong>nimie</strong></span> 
     </span>
     <span class='ocr_line' id='line_1_8' title="bbox 135 953 1499 1040; baseline -0.002 -20"><span class='ocrx_word' id='word_1_68' title='bbox 135 959 201 1040; x_wconf 86' lang='lat' dir='ltr'><strong>jam</strong></span> <span class='ocrx_word' id='word_1_69' title='bbox 232 957 355 1038; x_wconf 84' lang='lat' dir='ltr'><strong>longum</strong></span> <span class='ocrx_word' id='word_1_70' title='bbox 383 967 466 1019; x_wconf 89' lang='lat' dir='ltr'><strong>esset</strong></span> <span class='ocrx_word' id='word_1_71' title='bbox 498 976 664 1019; x_wconf 89' lang='lat' dir='ltr'><strong>recensere.</strong></span> <span class='ocrx_word' id='word_1_72' title='bbox 725 956 881 1020; x_wconf 83' lang='lat' dir='ltr'><strong>Summam</strong></span> <span class='ocrx_word' id='word_1_73' title='bbox 916 957 1097 1020; x_wconf 80' lang='lat' dir='ltr'><strong>narrationis</strong></span> <span class='ocrx_word' id='word_1_74' title='bbox 1132 955 1197 1037; x_wconf 91' lang='lat' dir='ltr'><strong>ipse</strong></span> <span class='ocrx_word' id='word_1_75' title='bbox 1233 955 1306 1018; x_wconf 87' lang='lat' dir='ltr'><strong>mibi</strong></span> <span class='ocrx_word' id='word_1_76' title='bbox 1339 953 1499 1018; x_wconf 77' lang='lat' dir='ltr'><strong>delineasti</strong></span> 
     </span>
     <span class='ocr_line' id='line_1_9' title="bbox 138 1042 1498 1127; baseline -0.001 -20"><span class='ocrx_word' id='word_1_77' title='bbox 138 1046 305 1110; x_wconf 80' lang='lat' dir='ltr'><strong>verissimis</strong></span> <span class='ocrx_word' id='word_1_78' title='bbox 329 1046 449 1108; x_wconf 86' lang='lat' dir='ltr'><strong>verbis:</strong></span> <span class='ocrx_word' id='word_1_79' title='bbox 474 1066 531 1108; x_wconf 94' lang='lat' dir='ltr'><strong>non</strong></span> <span class='ocrx_word' id='word_1_80' title='bbox 556 1053 669 1110; x_wconf 89' lang='lat' dir='ltr'><strong>metum</strong></span> <span class='ocrx_word' id='word_1_81' title='bbox 692 1065 769 1120; x_wconf 87' lang='lat' dir='ltr'><strong>esse,</strong></span> <span class='ocrx_word' id='word_1_82' title='bbox 804 1055 838 1109; x_wconf 91' lang='lat' dir='ltr'><strong>ut</strong></span> <span class='ocrx_word' id='word_1_83' title='bbox 869 1067 916 1109; x_wconf 90' lang='lat' dir='ltr'><strong>me</strong></span> <span class='ocrx_word' id='word_1_84' title='bbox 946 1046 1102 1127; x_wconf 88' lang='lat' dir='ltr'><strong>poeniteat</strong></span> <span class='ocrx_word' id='word_1_85' title='bbox 1130 1045 1257 1108; x_wconf 90' lang='lat' dir='ltr'><strong>itineris.</strong></span> <span class='ocrx_word' id='word_1_86' title='bbox 1299 1045 1381 1108; x_wconf 89' lang='lat' dir='ltr'><strong>Nam</strong></span> <span class='ocrx_word' id='word_1_87' title='bbox 1405 1051 1438 1106; x_wconf 89' lang='lat' dir='ltr'><strong>et</strong></span> <span class='ocrx_word' id='word_1_88' title='bbox 1464 1042 1498 1105; x_wconf 91' lang='lat' dir='ltr'><strong>de</strong></span> 
     </span>
     <span class='ocr_line' id='line_1_10' title="bbox 140 1132 1498 1209; baseline -0.004 -11"><span class='ocrx_word' id='word_1_89' title='bbox 140 1135 287 1199; x_wconf 80' lang='lat' dir='ltr'><strong>sumtibus</strong></span> <span class='ocrx_word' id='word_1_90' title='bbox 311 1154 452 1197; x_wconf 87' lang='lat' dir='ltr'><strong>accessus</strong></span> <span class='ocrx_word' id='word_1_91' title='bbox 476 1135 535 1197; x_wconf 90' lang='lat' dir='ltr'><strong>mei</strong></span> <span class='ocrx_word' id='word_1_92' title='bbox 559 1144 680 1198; x_wconf 91' lang='lat' dir='ltr'><strong>cautum</strong></span> <span class='ocrx_word' id='word_1_93' title='bbox 703 1155 771 1197; x_wconf 90' lang='lat' dir='ltr'><strong>esse</strong></span> <span class='ocrx_word' id='word_1_94' title='bbox 795 1136 867 1199; x_wconf 92' lang='lat' dir='ltr'><strong>mihi</strong></span> <span class='ocrx_word' id='word_1_95' title='bbox 889 1136 994 1209; x_wconf 89' lang='lat' dir='ltr'><strong>voluit,</strong></span> <span class='ocrx_word' id='word_1_96' title='bbox 1019 1137 1045 1198; x_wconf 89' lang='lat' dir='ltr'><strong>si</strong></span> <span class='ocrx_word' id='word_1_97' title='bbox 1068 1134 1247 1209; x_wconf 88' lang='lat' dir='ltr'><strong>voluissem,</strong></span> <span class='ocrx_word' id='word_1_98' title='bbox 1271 1143 1305 1195; x_wconf 89' lang='lat' dir='ltr'><strong>ct</strong></span> <span class='ocrx_word' id='word_1_99' title='bbox 1327 1134 1365 1195; x_wconf 90' lang='lat' dir='ltr'><strong>de</strong></span> <span class='ocrx_word' id='word_1_100' title='bbox 1389 1132 1498 1195; x_wconf 87' lang='lat' dir='ltr'><strong>viatico</strong></span> 
     </span>
     <span class='ocr_line' id='line_1_11' title="bbox 139 1221 1498 1305; baseline -0.003 -18"><span class='ocrx_word' id='word_1_101' title='bbox 139 1225 178 1287; x_wconf 93' lang='lat' dir='ltr'><strong>ad</strong></span> <span class='ocrx_word' id='word_1_102' title='bbox 201 1224 330 1286; x_wconf 90' lang='lat' dir='ltr'><strong>reditum</strong></span> <span class='ocrx_word' id='word_1_103' title='bbox 354 1225 525 1286; x_wconf 91' lang='lat' dir='ltr'><strong>necessario</strong></span> <span class='ocrx_word' id='word_1_104' title='bbox 550 1223 699 1286; x_wconf 85' lang='lat' dir='ltr'><strong>Viennam</strong></span> <span class='ocrx_word' id='word_1_105' title='bbox 723 1243 817 1303; x_wconf 91' lang='lat' dir='ltr'><strong>usque</strong></span> <span class='ocrx_word' id='word_1_106' title='bbox 840 1225 1005 1305; x_wconf 85' lang='lat' dir='ltr'><strong>prospexit.</strong></span> <span class='ocrx_word' id='word_1_107' title='bbox 1057 1222 1180 1286; x_wconf 90' lang='lat' dir='ltr'><strong>Summa</strong></span> <span class='ocrx_word' id='word_1_108' title='bbox 1208 1242 1279 1285; x_wconf 90' lang='lat' dir='ltr'><strong>vero</strong></span> <span class='ocrx_word' id='word_1_109' title='bbox 1307 1221 1498 1285; x_wconf 73' lang='lat' dir='ltr'><strong>tractationis</strong></span> 
     </span>
     <span class='ocr_line' id='line_1_12' title="bbox 139 1310 1498 1396; baseline -0.001 -21"><span class='ocrx_word' id='word_1_110' title='bbox 139 1320 261 1375; x_wconf 90' lang='lat' dir='ltr'><strong>nostrae</strong></span> <span class='ocrx_word' id='word_1_111' title='bbox 287 1313 344 1376; x_wconf 83' lang='lat' dir='ltr'><strong>fuit</strong></span> <span class='ocrx_word' id='word_1_112' title='bbox 365 1313 450 1385; x_wconf 90' lang='lat' dir='ltr'><strong>haec,</strong></span> <span class='ocrx_word' id='word_1_113' title='bbox 473 1321 508 1374; x_wconf 89' lang='lat' dir='ltr'><strong>nt</strong></span> <span class='ocrx_word' id='word_1_114' title='bbox 530 1322 706 1392; x_wconf 89' lang='lat' dir='ltr'><strong>procuraret</strong></span> <span class='ocrx_word' id='word_1_115' title='bbox 729 1313 801 1375; x_wconf 92' lang='lat' dir='ltr'><strong>rnibi</strong></span> <span class='ocrx_word' id='word_1_116' title='bbox 825 1315 926 1396; x_wconf 83' lang='lat' dir='ltr'><strong>Tycha</strong></span> <span class='ocrx_word' id='word_1_117' title='bbox 951 1314 1055 1375; x_wconf 84' lang='lat' dir='ltr'><strong>literne</strong></span> <span class='ocrx_word' id='word_1_118' title='bbox 1080 1311 1234 1386; x_wconf 86' lang='lat' dir='ltr'><strong>Caesaris,</strong></span> <span class='ocrx_word' id='word_1_119' title='bbox 1259 1310 1366 1392; x_wconf 91' lang='lat' dir='ltr'><strong>quibus</strong></span> <span class='ocrx_word' id='word_1_120' title='bbox 1391 1319 1424 1373; x_wconf 90' lang='lat' dir='ltr'><strong>et</strong></span> <span class='ocrx_word' id='word_1_121' title='bbox 1445 1330 1498 1373; x_wconf 90' lang='lat' dir='ltr'><strong>vo·</strong></span> 
     </span>
     <span class='ocr_line' id='line_1_13' title="bbox 139 1398 1498 1484; baseline -0.003 -19"><span class='ocrx_word' id='word_1_122' title='bbox 139 1421 223 1465; x_wconf 88' lang='lat' dir='ltr'><strong>carer</strong></span> <span class='ocrx_word' id='word_1_123' title='bbox 246 1400 276 1464; x_wconf 95' lang='lat' dir='ltr'><strong>in</strong></span> <span class='ocrx_word' id='word_1_124' title='bbox 301 1401 450 1464; x_wconf 85' lang='lat' dir='ltr'><strong>biennium</strong></span> <span class='ocrx_word' id='word_1_125' title='bbox 476 1401 503 1463; x_wconf 91' lang='lat' dir='ltr'><strong>in</strong></span> <span class='ocrx_word' id='word_1_126' title='bbox 527 1402 721 1477; x_wconf 89' lang='lat' dir='ltr'><strong>Bohemiam,</strong></span> <span class='ocrx_word' id='word_1_127' title='bbox 747 1402 934 1464; x_wconf 88' lang='lat' dir='ltr'><strong>maturandis</strong></span> <span class='ocrx_word' id='word_1_128' title='bbox 950 1401 1101 1484; x_wconf 85' lang='lat' dir='ltr'><strong>Tychonie</strong></span> <span class='ocrx_word' id='word_1_129' title='bbox 1125 1399 1317 1474; x_wconf 89' lang='lat' dir='ltr'><strong>editionibus,</strong></span> <span class='ocrx_word' id='word_1_130' title='bbox 1338 1408 1372 1461; x_wconf 92' lang='lat' dir='ltr'><strong>et</strong></span> <span class='ocrx_word' id='word_1_131' title='bbox 1390 1398 1498 1463; x_wconf 90' lang='lat' dir='ltr'><strong>nibilo-</strong></span> 
     </span>
     <span class='ocr_line' id='line_1_14' title="bbox 139 1488 1499 1573; baseline -0.003 -20"><span class='ocrx_word' id='word_1_132' title='bbox 139 1490 236 1554; x_wconf 90' lang='lat' dir='ltr'><strong>minns</strong></span> <span class='ocrx_word' id='word_1_133' title='bbox 266 1491 410 1553; x_wconf 89' lang='lat' dir='ltr'><strong>salarium</strong></span> <span class='ocrx_word' id='word_1_134' title='bbox 441 1510 539 1553; x_wconf 87' lang='lat' dir='ltr'><strong>meum</strong></span> <span class='ocrx_word' id='word_1_135' title='bbox 567 1490 595 1552; x_wconf 90' lang='lat' dir='ltr'><strong>in</strong></span> <span class='ocrx_word' id='word_1_136' title='bbox 624 1490 728 1573; x_wconf 88' lang='lat' dir='ltr'><strong>Styria</strong></span> <span class='ocrx_word' id='word_1_137' title='bbox 757 1491 891 1553; x_wconf 90' lang='lat' dir='ltr'><strong>obtinere</strong></span> <span class='ocrx_word' id='word_1_138' title='bbox 919 1510 1059 1571; x_wconf 90' lang='lat' dir='ltr'><strong>possem:</strong></span> <span class='ocrx_word' id='word_1_139' title='bbox 1092 1488 1301 1571; x_wconf 84' lang='lat' dir='ltr'><strong>suppeditaret</strong></span> <span class='ocrx_word' id='word_1_140' title='bbox 1329 1496 1363 1551; x_wconf 90' lang='lat' dir='ltr'><strong>et</strong></span> <span class='ocrx_word' id='word_1_141' title='bbox 1387 1496 1499 1551; x_wconf 89' lang='lat' dir='ltr'><strong>sumtus</strong></span> 
     </span>
     <span class='ocr_line' id='line_1_15' title="bbox 139 1576 1499 1660; baseline -0.003 -18"><span class='ocrx_word' id='word_1_142' title='bbox 139 1579 240 1642; x_wconf 89' lang='lat' dir='ltr'><strong>itineri</strong></span> <span class='ocrx_word' id='word_1_143' title='bbox 263 1581 450 1642; x_wconf 88' lang='lat' dir='ltr'><strong>necessarios</strong></span> <span class='ocrx_word' id='word_1_144' title='bbox 475 1580 513 1641; x_wconf 92' lang='lat' dir='ltr'><strong>ad</strong></span> <span class='ocrx_word' id='word_1_145' title='bbox 538 1580 681 1641; x_wconf 87' lang='lat' dir='ltr'><strong>familiam</strong></span> <span class='ocrx_word' id='word_1_146' title='bbox 711 1581 973 1642; x_wconf 85' lang='lat' dir='ltr'><strong>transferendam:</strong></span> <span class='ocrx_word' id='word_1_147' title='bbox 1003 1579 1153 1660; x_wconf 88' lang='lat' dir='ltr'><strong>quibusa</strong></span> <span class='ocrx_word' id='word_1_148' title='bbox 1184 1597 1230 1639; x_wconf 91' lang='lat' dir='ltr'><strong>me</strong></span> <span class='ocrx_word' id='word_1_149' title='bbox 1258 1577 1426 1659; x_wconf 90' lang='lat' dir='ltr'><strong>propositis</strong></span> <span class='ocrx_word' id='word_1_150' title='bbox 1455 1576 1499 1638; x_wconf 92' lang='lat' dir='ltr'><strong>in·</strong></span> 
     </span>
     <span class='ocr_line' id='line_1_16' title="bbox 141 1666 1501 1749; baseline -0.004 -17"><span class='ocrx_word' id='word_1_151' title='bbox 141 1668 368 1749; x_wconf 89' lang='lat' dir='ltr'><strong>superadjecit</strong></span> <span class='ocrx_word' id='word_1_152' title='bbox 395 1677 565 1731; x_wconf 88' lang='lat' dir='ltr'><strong>curaturum</strong></span> <span class='ocrx_word' id='word_1_153' title='bbox 593 1689 641 1745; x_wconf 90' lang='lat' dir='ltr'><strong>se,</strong></span> <span class='ocrx_word' id='word_1_154' title='bbox 666 1677 701 1730; x_wconf 92' lang='lat' dir='ltr'><strong>ut</strong></span> <span class='ocrx_word' id='word_1_155' title='bbox 722 1668 875 1731; x_wconf 90' lang='lat' dir='ltr'><strong>minimum</strong></span> <span class='ocrx_word' id='word_1_156' title='bbox 902 1667 964 1732; x_wconf 88' lang='lat'><strong>100</strong></span> <span class='ocrx_word' id='word_1_157' title='bbox 988 1669 1110 1749; x_wconf 89' lang='lat' dir='ltr'><strong>iusuper</strong></span> <span class='ocrx_word' id='word_1_158' title='bbox 1132 1667 1267 1730; x_wconf 88' lang='lat' dir='ltr'><strong>thaleros</strong></span> <span class='ocrx_word' id='word_1_159' title='bbox 1297 1666 1326 1728; x_wconf 92' lang='lat' dir='ltr'><strong>in</strong></span> <span class='ocrx_word' id='word_1_160' title='bbox 1355 1666 1501 1729; x_wconf 87' lang='lat' dir='ltr'><strong>Bobemia</strong></span> 
     </span>
     <span class='ocr_line' id='line_1_17' title="bbox 141 1777 297 1838; baseline 0.006 -17"><span class='ocrx_word' id='word_1_161' title='bbox 141 1777 297 1838; x_wconf 82' lang='lat' dir='ltr'><strong>accrpram.</strong></span> 
     </span>
     <span class='ocr_line' id='line_1_18' title="bbox 147 1844 1500 1928; baseline -0.002 -18"><span class='ocrx_word' id='word_1_162' title='bbox 147 1922 150 1928; x_wconf 26' lang='lat'><em>¹</em></span> <span class='ocrx_word' id='word_1_163' title='bbox 228 1847 305 1910; x_wconf 86' lang='lat' dir='ltr'><strong>Huic</strong></span> <span class='ocrx_word' id='word_1_164' title='bbox 337 1853 440 1909; x_wconf 89' lang='lat' dir='ltr'><strong>nostro</strong></span> <span class='ocrx_word' id='word_1_165' title='bbox 477 1853 567 1927; x_wconf 87' lang='lat' dir='ltr'><strong>pacto</strong></span> <span class='ocrx_word' id='word_1_166' title='bbox 603 1866 660 1908; x_wconf 92' lang='lat' dir='ltr'><strong>non</strong></span> <span class='ocrx_word' id='word_1_167' title='bbox 684 1847 788 1908; x_wconf 90' lang='lat' dir='ltr'><strong>dubito</strong></span> <span class='ocrx_word' id='word_1_168' title='bbox 822 1847 891 1926; x_wconf 91' lang='lat' dir='ltr'><strong>quin</strong></span> <span class='ocrx_word' id='word_1_169' title='bbox 922 1848 1037 1908; x_wconf 82' lang='lat' dir='ltr'><strong>faveas.</strong></span> <span class='ocrx_word' id='word_1_170' title='bbox 1084 1844 1199 1907; x_wconf 90' lang='lat' dir='ltr'><strong>Verum</strong></span> <span class='ocrx_word' id='word_1_171' title='bbox 1228 1862 1298 1906; x_wconf 88' lang='lat' dir='ltr'><strong>ecce</strong></span> <span class='ocrx_word' id='word_1_172' title='bbox 1323 1844 1380 1908; x_wconf 91' lang='lat' dir='ltr'><strong>tibi</strong></span> <span class='ocrx_word' id='word_1_173' title='bbox 1405 1845 1500 1926; x_wconf 83' lang='lat' dir='ltr'><strong>imps-</strong></span> 
     </span>
     <span class='ocr_line' id='line_1_19' title="bbox 141 1933 1502 2015; baseline -0.001 -17"><span class='ocrx_word' id='word_1_174' title='bbox 141 1936 306 1999; x_wconf 90' lang='lat' dir='ltr'><strong>dimentnm</strong></span> <span class='ocrx_word' id='word_1_175' title='bbox 330 1944 362 1997; x_wconf 91' lang='lat' dir='ltr'><strong>et</strong></span> <span class='ocrx_word' id='word_1_176' title='bbox 385 1935 614 1998; x_wconf 81' lang='lat' dir='ltr'><strong>faciem-rerum</strong></span> <span class='ocrx_word' id='word_1_177' title='bbox 648 1953 781 1999; x_wconf 86' lang='lat' dir='ltr'><strong>mearum</strong></span> <span class='ocrx_word' id='word_1_178' title='bbox 810 1938 899 2015; x_wconf 89' lang='lat' dir='ltr'><strong>plane</strong></span> <span class='ocrx_word' id='word_1_179' title='bbox 928 1934 1119 1999; x_wconf 86' lang='lat' dir='ltr'><strong>contrariam.</strong></span> <span class='ocrx_word' id='word_1_180' title='bbox 1166 1935 1264 1996; x_wconf 89' lang='lat' dir='ltr'><strong>Domo</strong></span> <span class='ocrx_word' id='word_1_181' title='bbox 1293 1933 1408 1997; x_wconf 84' lang='lat' dir='ltr'><strong>diecesi</strong></span> <span class='ocrx_word' id='word_1_182' title='bbox 1438 1952 1502 1997; x_wconf 90' lang='lat' dir='ltr'><strong>cum</strong></span> 
     </span>
     <span class='ocr_line' id='line_1_20' title="bbox 139 2022 1501 2106; baseline 0.001 -22"><span class='ocrx_word' id='word_1_183' title='bbox 139 2024 227 2088; x_wconf 88' lang='lat' dir='ltr'><strong>venia</strong></span> <span class='ocrx_word' id='word_1_184' title='bbox 249 2026 447 2106; x_wconf 82' lang='lat' dir='ltr'><strong>magistratus</strong></span> <span class='ocrx_word' id='word_1_185' title='bbox 471 2025 529 2086; x_wconf 90' lang='lat' dir='ltr'><strong>mei</strong></span> <span class='ocrx_word' id='word_1_186' title='bbox 540 2045 549 2100; x_wconf 92' lang='lat'>;</span> <span class='ocrx_word' id='word_1_187' title='bbox 574 2026 701 2088; x_wconf 90' lang='lat' dir='ltr'><strong>reditum</strong></span> <span class='ocrx_word' id='word_1_188' title='bbox 726 2043 823 2087; x_wconf 92' lang='lat' dir='ltr'><strong>meum</strong></span> <span class='ocrx_word' id='word_1_189' title='bbox 841 2026 891 2087; x_wconf 89' lang='lat' dir='ltr'><strong>nbi</strong></span> <span class='ocrx_word' id='word_1_190' title='bbox 910 2026 972 2087; x_wconf 92' lang='lat' dir='ltr'><strong>illis</strong></span> <span class='ocrx_word' id='word_1_191' title='bbox 987 2022 1163 2101; x_wconf 80' lang='lat' dir='ltr'><strong>significavi,</strong></span> <span class='ocrx_word' id='word_1_192' title='bbox 1182 2022 1370 2102; x_wconf 83' lang='lat' dir='ltr'><strong>diligentiam</strong></span> <span class='ocrx_word' id='word_1_193' title='bbox 1385 2024 1501 2105; x_wconf 88' lang='lat' dir='ltr'><strong>quidem</strong></span> 
     </span>
     <span class='ocr_line' id='line_1_21' title="bbox 140 2111 1501 2194; baseline -0.003 -17"><span class='ocrx_word' id='word_1_194' title='bbox 140 2115 367 2188; x_wconf 88' lang='lat' dir='ltr'><strong>collaudamnt,</strong></span> <span class='ocrx_word' id='word_1_195' title='bbox 394 2123 525 2176; x_wconf 90' lang='lat' dir='ltr'><strong>ceterum</strong></span> <span class='ocrx_word' id='word_1_196' title='bbox 549 2117 732 2177; x_wconf 88' lang='lat' dir='ltr'><strong>verbotenus</strong></span> <span class='ocrx_word' id='word_1_197' title='bbox 756 2123 935 2186; x_wconf 89' lang='lat' dir='ltr'><strong>suaserunt,</strong></span> <span class='ocrx_word' id='word_1_198' title='bbox 970 2133 1000 2175; x_wconf 91' lang='lat' dir='ltr'><strong>re</strong></span> <span class='ocrx_word' id='word_1_199' title='bbox 1028 2114 1096 2194; x_wconf 90' lang='lat' dir='ltr'><strong>ipsa</strong></span> <span class='ocrx_word' id='word_1_200' title='bbox 1119 2111 1174 2173; x_wconf 89' lang='lat' dir='ltr'><strong>sub</strong></span> <span class='ocrx_word' id='word_1_201' title='bbox 1198 2111 1383 2175; x_wconf 87' lang='lat' dir='ltr'><strong>dimissionis</strong></span> <span class='ocrx_word' id='word_1_202' title='bbox 1408 2113 1501 2175; x_wconf 91' lang='lat' dir='ltr'><strong>inter·</strong></span> 
     </span>
     <span class='ocr_line' id='line_1_22' title="bbox 140 2201 1501 2283; baseline -0.001 -18"><span class='ocrx_word' id='word_1_203' title='bbox 140 2204 303 2266; x_wconf 89' lang='lat' dir='ltr'><strong>minatione</strong></span> <span class='ocrx_word' id='word_1_204' title='bbox 328 2203 528 2282; x_wconf 88' lang='lat' dir='ltr'><strong>imperarunt,</strong></span> <span class='ocrx_word' id='word_1_205' title='bbox 564 2212 599 2265; x_wconf 93' lang='lat' dir='ltr'><strong>ut</strong></span> <span class='ocrx_word' id='word_1_206' title='bbox 621 2202 756 2283; x_wconf 91' lang='lat' dir='ltr'><strong>reposita</strong></span> <span class='ocrx_word' id='word_1_207' title='bbox 784 2203 814 2265; x_wconf 95' lang='lat' dir='ltr'><strong>in</strong></span> <span class='ocrx_word' id='word_1_208' title='bbox 836 2222 983 2282; x_wconf 92' lang='lat' dir='ltr'><strong>praesens</strong></span> <span class='ocrx_word' id='word_1_209' title='bbox 1013 2201 1199 2264; x_wconf 87' lang='lat' dir='ltr'><strong>astronomia</strong></span> <span class='ocrx_word' id='word_1_210' title='bbox 1228 2201 1409 2264; x_wconf 87' lang='lat' dir='ltr'><strong>medicinam</strong></span> <span class='ocrx_word' id='word_1_211' title='bbox 1437 2221 1501 2263; x_wconf 89' lang='lat' dir='ltr'><strong>am-</strong></span> 
     </span>
     <span class='ocr_line' id='line_1_23' title="bbox 141 2288 1501 2372; baseline -0.002 -18"><span class='ocrx_word' id='word_1_212' title='bbox 141 2292 309 2372; x_wconf 89' lang='lat' dir='ltr'><strong>plecterer,</strong></span> <span class='ocrx_word' id='word_1_213' title='bbox 335 2291 524 2372; x_wconf 87' lang='lat' dir='ltr'><strong>animumque</strong></span> <span class='ocrx_word' id='word_1_214' title='bbox 549 2314 567 2354; x_wconf 93' lang='lat' dir='ltr'><strong>a</strong></span> <span class='ocrx_word' id='word_1_215' title='bbox 595 2292 852 2372; x_wconf 84' lang='lat' dir='ltr'><strong>speculationibus</strong></span> <span class='ocrx_word' id='word_1_216' title='bbox 885 2292 1019 2371; x_wconf 89' lang='lat' dir='ltr'><strong>pulchris</strong></span> <span class='ocrx_word' id='word_1_217' title='bbox 1046 2291 1143 2369; x_wconf 81' lang='lat' dir='ltr'><strong>magis</strong></span> <span class='ocrx_word' id='word_1_218' title='bbox 1185 2308 1273 2371; x_wconf 88' lang='lat' dir='ltr'><strong>quam</strong></span> <span class='ocrx_word' id='word_1_219' title='bbox 1305 2291 1361 2353; x_wconf 91' lang='lat' dir='ltr'><strong>boc</strong></span> <span class='ocrx_word' id='word_1_220' title='bbox 1391 2288 1501 2352; x_wconf 84' lang='lat' dir='ltr'><strong>difficili</strong></span> 
     </span>
     <span class='ocr_line' id='line_1_24' title="bbox 140 2380 1229 2460; baseline -0.003 -16"><span class='ocrx_word' id='word_1_221' title='bbox 140 2389 275 2460; x_wconf 88' lang='lat' dir='ltr'><strong>tempore</strong></span> <span class='ocrx_word' id='word_1_222' title='bbox 299 2381 483 2443; x_wconf 87' lang='lat' dir='ltr'><strong>salutaribus</strong></span> <span class='ocrx_word' id='word_1_223' title='bbox 516 2382 554 2442; x_wconf 95' lang='lat' dir='ltr'><strong>ad</strong></span> <span class='ocrx_word' id='word_1_224' title='bbox 578 2400 680 2442; x_wconf 90' lang='lat' dir='ltr'><strong>curam</strong></span> <span class='ocrx_word' id='word_1_225' title='bbox 703 2380 845 2442; x_wconf 89' lang='lat' dir='ltr'><strong>utilitatis</strong></span> <span class='ocrx_word' id='word_1_226' title='bbox 868 2381 1007 2460; x_wconf 91' lang='lat' dir='ltr'><strong>publicae</strong></span> <span class='ocrx_word' id='word_1_227' title='bbox 1031 2381 1229 2441; x_wconf 88' lang='lat' dir='ltr'><strong>traducerem.</strong></span> 
     </span>
    </p>

    <p class='ocr_par' dir='ltr' id='par_1_4' title="bbox 77 2465 1505 3440">
     <span class='ocr_line' id='line_1_25' title="bbox 228 2465 1501 2549; baseline -0.001 -19"><span class='ocrx_word' id='word_1_228' title='bbox 228 2469 272 2532; x_wconf 83' lang='lat' dir='ltr'><strong>Et</strong></span> <span class='ocrx_word' id='word_1_229' title='bbox 295 2469 365 2549; x_wconf 90' lang='lat' dir='ltr'><strong>quia</strong></span> <span class='ocrx_word' id='word_1_230' title='bbox 388 2471 592 2548; x_wconf 82' lang='lat' dir='ltr'><strong>experimento</strong></span> <span class='ocrx_word' id='word_1_231' title='bbox 614 2470 824 2549; x_wconf 86' lang='lat' dir='ltr'><strong>probaveram,</strong></span> <span class='ocrx_word' id='word_1_232' title='bbox 848 2487 938 2548; x_wconf 89' lang='lat' dir='ltr'><strong>posse</strong></span> <span class='ocrx_word' id='word_1_233' title='bbox 964 2489 1012 2531; x_wconf 88' lang='lat' dir='ltr'><strong>me</strong></span> <span class='ocrx_word' id='word_1_234' title='bbox 1036 2470 1125 2530; x_wconf 90' lang='lat' dir='ltr'><strong>domo</strong></span> <span class='ocrx_word' id='word_1_235' title='bbox 1149 2487 1216 2532; x_wconf 85' lang='lat' dir='ltr'><strong>mea</strong></span> <span class='ocrx_word' id='word_1_236' title='bbox 1240 2486 1354 2541; x_wconf 88' lang='lat' dir='ltr'><strong>carere,</strong></span> <span class='ocrx_word' id='word_1_237' title='bbox 1380 2465 1501 2531; x_wconf 88' lang='lat' dir='ltr'><strong>5men-</strong></span> 
     </span>
     <span class='ocr_line' id='line_1_26' title="bbox 140 2556 1502 2637; baseline -0.004 -14"><span class='ocrx_word' id='word_1_238' title='bbox 140 2559 223 2623; x_wconf 88' lang='lat' dir='ltr'><strong>sibus</strong></span> <span class='ocrx_word' id='word_1_239' title='bbox 246 2557 354 2622; x_wconf 88' lang='lat' dir='ltr'><strong>itinere</strong></span> <span class='ocrx_word' id='word_1_240' title='bbox 378 2558 542 2620; x_wconf 87' lang='lat' dir='ltr'><strong>Bohemicc</strong></span> <span class='ocrx_word' id='word_1_241' title='bbox 570 2558 753 2632; x_wconf 90' lang='lat' dir='ltr'><strong>consumtis,</strong></span> <span class='ocrx_word' id='word_1_242' title='bbox 793 2567 971 2628; x_wconf 84' lang='lat' dir='ltr'><strong>euaserunt,</strong></span> <span class='ocrx_word' id='word_1_243' title='bbox 1010 2567 1044 2620; x_wconf 92' lang='lat' dir='ltr'><strong>ut</strong></span> <span class='ocrx_word' id='word_1_244' title='bbox 1075 2558 1131 2619; x_wconf 86' lang='lat' dir='ltr'><strong>sub</strong></span> <span class='ocrx_word' id='word_1_245' title='bbox 1160 2557 1294 2619; x_wconf 88' lang='lat' dir='ltr'><strong>autumni</strong></span> <span class='ocrx_word' id='word_1_246' title='bbox 1322 2564 1444 2637; x_wconf 88' lang='lat' dir='ltr'><strong>tempus</strong></span> <span class='ocrx_word' id='word_1_247' title='bbox 1474 2556 1502 2618; x_wconf 94' lang='lat' dir='ltr'><strong>in</strong></span> 
     </span>
     <span class='ocr_line' id='line_1_27' title="bbox 140 2646 1502 2727; baseline -0.001 -17"><span class='ocrx_word' id='word_1_248' title='bbox 140 2647 261 2710; x_wconf 86' lang='lat' dir='ltr'><strong>ltaliam</strong></span> <span class='ocrx_word' id='word_1_249' title='bbox 285 2647 368 2720; x_wconf 92' lang='lat' dir='ltr'><strong>irem,</strong></span> <span class='ocrx_word' id='word_1_250' title='bbox 394 2647 560 2710; x_wconf 89' lang='lat' dir='ltr'><strong>medicinae</strong></span> <span class='ocrx_word' id='word_1_251' title='bbox 584 2667 687 2710; x_wconf 88' lang='lat' dir='ltr'><strong>cauea.</strong></span> <span class='ocrx_word' id='word_1_252' title='bbox 735 2646 768 2709; x_wconf 90' lang='lat' dir='ltr'><strong>Si</strong></span> <span class='ocrx_word' id='word_1_253' title='bbox 793 2666 901 2709; x_wconf 87' lang='lat' dir='ltr'><strong>caueae</strong></span> <span class='ocrx_word' id='word_1_254' title='bbox 926 2666 1028 2708; x_wconf 90' lang='lat' dir='ltr'><strong>omnes</strong></span> <span class='ocrx_word' id='word_1_255' title='bbox 1058 2647 1209 2727; x_wconf 82' lang='lat' dir='ltr'><strong>explicare</strong></span> <span class='ocrx_word' id='word_1_256' title='bbox 1238 2646 1365 2720; x_wconf 87' lang='lat' dir='ltr'><strong>vellem,</strong></span> <span class='ocrx_word' id='word_1_257' title='bbox 1397 2646 1502 2725; x_wconf 85' lang='lat' dir='ltr'><strong>quibus</strong></span> 
     </span>
     <span class='ocr_line' id='line_1_28' title="bbox 138 2734 1502 2817; baseline -0.001 -20"><span class='ocrx_word' id='word_1_258' title='bbox 138 2736 204 2817; x_wconf 91' lang='lat' dir='ltr'><strong>jam</strong></span> <span class='ocrx_word' id='word_1_259' title='bbox 228 2736 258 2797; x_wconf 93' lang='lat' dir='ltr'><strong>in</strong></span> <span class='ocrx_word' id='word_1_260' title='bbox 281 2735 458 2797; x_wconf 87' lang='lat' dir='ltr'><strong>Bohemiam</strong></span> <span class='ocrx_word' id='word_1_261' title='bbox 482 2738 591 2817; x_wconf 90' lang='lat' dir='ltr'><strong>rapior,</strong></span> <span class='ocrx_word' id='word_1_262' title='bbox 613 2736 680 2816; x_wconf 91' lang='lat' dir='ltr'><strong>jam</strong></span> <span class='ocrx_word' id='word_1_263' title='bbox 704 2737 731 2798; x_wconf 90' lang='lat' dir='ltr'><strong>in</strong></span> <span class='ocrx_word' id='word_1_264' title='bbox 757 2737 888 2810; x_wconf 88' lang='lat' dir='ltr'><strong>ltaliam,</strong></span> <span class='ocrx_word' id='word_1_265' title='bbox 911 2744 1029 2816; x_wconf 89' lang='lat' dir='ltr'><strong>tempus</strong></span> <span class='ocrx_word' id='word_1_266' title='bbox 1053 2746 1191 2798; x_wconf 89' lang='lat' dir='ltr'><strong>tererem.</strong></span> <span class='ocrx_word' id='word_1_267' title='bbox 1237 2734 1362 2815; x_wconf 86' lang='lat' dir='ltr'><strong>Summa</strong></span> <span class='ocrx_word' id='word_1_268' title='bbox 1387 2734 1502 2796; x_wconf 89' lang='lat' dir='ltr'><strong>delibe-</strong></span> 
     </span>
     <span class='ocr_line' id='line_1_29' title="bbox 139 2823 1501 2907; baseline -0.003 -19"><span class='ocrx_word' id='word_1_269' title='bbox 139 2824 266 2888; x_wconf 88' lang='lat' dir='ltr'><strong>rationis</strong></span> <span class='ocrx_word' id='word_1_270' title='bbox 290 2844 375 2887; x_wconf 91' lang='lat' dir='ltr'><strong>meae</strong></span> <span class='ocrx_word' id='word_1_271' title='bbox 399 2826 474 2888; x_wconf 87' lang='lat' dir='ltr'><strong>haec</strong></span> <span class='ocrx_word' id='word_1_272' title='bbox 498 2835 565 2889; x_wconf 88' lang='lat' dir='ltr'><strong>est:</strong></span> <span class='ocrx_word' id='word_1_273' title='bbox 599 2826 685 2907; x_wconf 90' lang='lat' dir='ltr'><strong>cupio</strong></span> <span class='ocrx_word' id='word_1_274' title='bbox 718 2827 815 2889; x_wconf 88' lang='lat' dir='ltr'><strong>adhuc</strong></span> <span class='ocrx_word' id='word_1_275' title='bbox 846 2845 940 2888; x_wconf 87' lang='lat' dir='ltr'><strong>annos</strong></span> <span class='ocrx_word' id='word_1_276' title='bbox 965 2827 1080 2906; x_wconf 87' lang='lat' dir='ltr'><strong>aliquot</strong></span> <span class='ocrx_word' id='word_1_277' title='bbox 1102 2825 1131 2886; x_wconf 92' lang='lat' dir='ltr'><strong>in</strong></span> <span class='ocrx_word' id='word_1_278' title='bbox 1156 2823 1366 2886; x_wconf 88' lang='lat' dir='ltr'><strong>astronomicis</strong></span> <span class='ocrx_word' id='word_1_279' title='bbox 1392 2842 1501 2886; x_wconf 91' lang='lat' dir='ltr'><strong>consu-</strong></span> 
     </span>
     <span class='ocr_line' id='line_1_30' title="bbox 140 2911 1503 2996; baseline -0.003 -19"><span class='ocrx_word' id='word_1_280' title='bbox 140 2933 232 2989; x_wconf 87' lang='lat' dir='ltr'><strong>mere,</strong></span> <span class='ocrx_word' id='word_1_281' title='bbox 256 2922 379 2995; x_wconf 92' lang='lat' dir='ltr'><strong>propter</strong></span> <span class='ocrx_word' id='word_1_282' title='bbox 403 2915 575 2996; x_wconf 87' lang='lat' dir='ltr'><strong>Tycbonem</strong></span> <span class='ocrx_word' id='word_1_283' title='bbox 599 2915 780 2977; x_wconf 86' lang='lat' dir='ltr'><strong>ditissimum</strong></span> <span class='ocrx_word' id='word_1_284' title='bbox 805 2934 902 2977; x_wconf 92' lang='lat' dir='ltr'><strong>rerum</strong></span> <span class='ocrx_word' id='word_1_285' title='bbox 926 2916 1030 2977; x_wconf 86' lang='lat' dir='ltr'><strong>harum</strong></span> <span class='ocrx_word' id='word_1_286' title='bbox 1054 2932 1282 2993; x_wconf 89' lang='lat' dir='ltr'><strong>possessorem:</strong></span> <span class='ocrx_word' id='word_1_287' title='bbox 1307 2911 1371 2974; x_wconf 86' lang='lat' dir='ltr'><strong>sive</strong></span> <span class='ocrx_word' id='word_1_288' title='bbox 1400 2913 1430 2975; x_wconf 95' lang='lat' dir='ltr'><strong>id</strong></span> <span class='ocrx_word' id='word_1_289' title='bbox 1452 2913 1503 2974; x_wconf 86' lang='lat' dir='ltr'><strong>liat</strong></span> 
     </span>
     <span class='ocr_line' id='line_1_31' title="bbox 141 3000 1505 3085; baseline -0.001 -20"><span class='ocrx_word' id='word_1_290' title='bbox 141 3004 170 3065; x_wconf 94' lang='lat' dir='ltr'><strong>in</strong></span> <span class='ocrx_word' id='word_1_291' title='bbox 194 3003 357 3072; x_wconf 87' lang='lat' dir='ltr'><strong>Bohemia,</strong></span> <span class='ocrx_word' id='word_1_292' title='bbox 382 3004 455 3080; x_wconf 90' lang='lat' dir='ltr'><strong>eive,</strong></span> <span class='ocrx_word' id='word_1_293' title='bbox 482 3006 560 3085; x_wconf 90' lang='lat' dir='ltr'><strong>quod</strong></span> <span class='ocrx_word' id='word_1_294' title='bbox 584 3004 700 3081; x_wconf 87' lang='lat' dir='ltr'><strong>malim,</strong></span> <span class='ocrx_word' id='word_1_295' title='bbox 726 3004 773 3065; x_wconf 92' lang='lat' dir='ltr'><strong>hic</strong></span> <span class='ocrx_word' id='word_1_296' title='bbox 799 3004 929 3066; x_wconf 89' lang='lat' dir='ltr'><strong>Graetii.</strong></span> <span class='ocrx_word' id='word_1_297' title='bbox 977 3005 1100 3066; x_wconf 86' lang='lat' dir='ltr'><strong>Interea</strong></span> <span class='ocrx_word' id='word_1_298' title='bbox 1120 3002 1281 3083; x_wconf 88' lang='lat' dir='ltr'><strong>paullatim</strong></span> <span class='ocrx_word' id='word_1_299' title='bbox 1304 3000 1334 3062; x_wconf 94' lang='lat' dir='ltr'><strong>in</strong></span> <span class='ocrx_word' id='word_1_300' title='bbox 1358 3001 1505 3064; x_wconf 80' lang='lat' dir='ltr'><strong>medicina</strong></span> 
     </span>
     <span class='ocr_line' id='line_1_32' title="bbox 139 3089 1502 3173; baseline -0.001 -20"><span class='ocrx_word' id='word_1_301' title='bbox 139 3093 348 3171; x_wconf 78' lang='lat' dir='ltr'><strong>progrederer.</strong></span> <span class='ocrx_word' id='word_1_302' title='bbox 395 3093 446 3154; x_wconf 88' lang='lat' dir='ltr'><strong>Ad</strong></span> <span class='ocrx_word' id='word_1_303' title='bbox 479 3095 535 3156; x_wconf 91' lang='lat' dir='ltr'><strong>hoc</strong></span> <span class='ocrx_word' id='word_1_304' title='bbox 564 3093 736 3155; x_wconf 88' lang='lat' dir='ltr'><strong>institutum</strong></span> <span class='ocrx_word' id='word_1_305' title='bbox 765 3113 839 3173; x_wconf 91' lang='lat' dir='ltr'><strong>opus</strong></span> <span class='ocrx_word' id='word_1_306' title='bbox 863 3094 934 3155; x_wconf 90' lang='lat' dir='ltr'><strong>mihi</strong></span> <span class='ocrx_word' id='word_1_307' title='bbox 964 3102 1012 3154; x_wconf 89' lang='lat' dir='ltr'><strong>eet</strong></span> <span class='ocrx_word' id='word_1_308' title='bbox 1040 3091 1263 3154; x_wconf 89' lang='lat' dir='ltr'><strong>continuatione</strong></span> <span class='ocrx_word' id='word_1_309' title='bbox 1287 3090 1402 3164; x_wconf 91' lang='lat' dir='ltr'><strong>salarii,</strong></span> <span class='ocrx_word' id='word_1_310' title='bbox 1427 3089 1502 3171; x_wconf 91' lang='lat' dir='ltr'><strong>qnod</strong></span> 
     </span>
     <span class='ocr_line' id='line_1_33' title="bbox 141 3178 1501 3263; baseline -0.002 -20"><span class='ocrx_word' id='word_1_311' title='bbox 141 3180 180 3243; x_wconf 90' lang='lat' dir='ltr'><strong>ab</strong></span> <span class='ocrx_word' id='word_1_312' title='bbox 204 3178 368 3244; x_wconf 91' lang='lat' dir='ltr'><strong>Ordinibus</strong></span> <span class='ocrx_word' id='word_1_313' title='bbox 389 3181 478 3261; x_wconf 90' lang='lat' dir='ltr'><strong>hujus</strong></span> <span class='ocrx_word' id='word_1_314' title='bbox 502 3182 672 3263; x_wconf 89' lang='lat' dir='ltr'><strong>provinciae</strong></span> <span class='ocrx_word' id='word_1_315' title='bbox 697 3181 802 3257; x_wconf 91' lang='lat' dir='ltr'><strong>habeo,</strong></span> <span class='ocrx_word' id='word_1_316' title='bbox 825 3201 899 3261; x_wconf 91' lang='lat' dir='ltr'><strong>opus</strong></span> <span class='ocrx_word' id='word_1_317' title='bbox 923 3191 954 3244; x_wconf 89' lang='lat' dir='ltr'><strong>et</strong></span> <span class='ocrx_word' id='word_1_318' title='bbox 968 3183 1132 3245; x_wconf 87' lang='lat' dir='ltr'><strong>securitate</strong></span> <span class='ocrx_word' id='word_1_319' title='bbox 1151 3182 1179 3243; x_wconf 92' lang='lat' dir='ltr'><strong>in</strong></span> <span class='ocrx_word' id='word_1_320' title='bbox 1200 3180 1354 3260; x_wconf 83' lang='lat' dir='ltr'><strong>religionis</strong></span> <span class='ocrx_word' id='word_1_321' title='bbox 1369 3180 1501 3259; x_wconf 82' lang='lat' dir='ltr'><strong>negotio,</strong></span> 
     </span>
     <span class='ocr_line' id='line_1_34' title="bbox 77 3267 1504 3352; baseline -0.001 -21"><span class='ocrx_word' id='word_1_322' title='bbox 77 3278 79 3283; x_wconf 83' lang='grc'>’</span> <span class='ocrx_word' id='word_1_323' title='bbox 141 3288 230 3350; x_wconf 90' lang='lat' dir='ltr'><strong>qnam</strong></span> <span class='ocrx_word' id='word_1_324' title='bbox 252 3278 410 3348; x_wconf 89' lang='lat' dir='ltr'><strong>praestare</strong></span> <span class='ocrx_word' id='word_1_325' title='bbox 433 3271 573 3351; x_wconf 90' lang='lat' dir='ltr'><strong>princeps</strong></span> <span class='ocrx_word' id='word_1_326' title='bbox 595 3277 712 3351; x_wconf 91' lang='lat' dir='ltr'><strong>potest,</strong></span> <span class='ocrx_word' id='word_1_327' title='bbox 743 3272 821 3352; x_wconf 87' lang='lat' dir='ltr'><strong>quali</strong></span> <span class='ocrx_word' id='word_1_328' title='bbox 846 3273 938 3333; x_wconf 87' lang='lat' dir='ltr'><strong>etiam</strong></span> <span class='ocrx_word' id='word_1_329' title='bbox 962 3271 1065 3352; x_wconf 85' lang='lat' dir='ltr'><strong>Tyoho</strong></span> <span class='ocrx_word' id='word_1_330' title='bbox 1089 3270 1144 3332; x_wconf 89' lang='lat' dir='ltr'><strong>sub</strong></span> <span class='ocrx_word' id='word_1_331' title='bbox 1169 3267 1303 3332; x_wconf 84' lang='lat' dir='ltr'><strong>Caesare</strong></span> <span class='ocrx_word' id='word_1_332' title='bbox 1328 3269 1438 3331; x_wconf 80' lang='lat' dir='ltr'><strong>fruitur</strong></span> <span class='ocrx_word' id='word_1_333' title='bbox 1460 3268 1504 3341; x_wconf 92' lang='lat' dir='ltr'><strong>(in</strong></span> 
     </span>
     <span class='ocr_line' id='line_1_35' title="bbox 141 3359 980 3440; baseline 0 -20"><span class='ocrx_word' id='word_1_334' title='bbox 141 3376 243 3439; x_wconf 77' lang='lat' dir='ltr'><strong>marg:</strong></span> <span class='ocrx_word' id='word_1_335' title='bbox 267 3359 405 3440; x_wconf 89' lang='lat' dir='ltr'><strong>utrinque</strong></span> <span class='ocrx_word' id='word_1_336' title='bbox 430 3379 476 3421; x_wconf 91' lang='lat' dir='ltr'><strong>me</strong></span> <span class='ocrx_word' id='word_1_337' title='bbox 497 3368 584 3422; x_wconf 87' lang='lat' dir='ltr'><strong>extra</strong></span> <span class='ocrx_word' id='word_1_338' title='bbox 607 3368 718 3421; x_wconf 89' lang='lat' dir='ltr'><strong>metum</strong></span> <span class='ocrx_word' id='word_1_339' title='bbox 742 3379 809 3421; x_wconf 90' lang='lat' dir='ltr'><strong>esse</strong></span> <span class='ocrx_word' id='word_1_340' title='bbox 834 3363 980 3440; x_wconf 88' lang='lat' dir='ltr'><strong>oportet).</strong></span> 
     </span>
    </p>

    <p class='ocr_par' dir='ltr' id='par_1_5' title="bbox 139 3445 1505 3884">
     <span class='ocr_line' id='line_1_36' title="bbox 228 3445 1503 3530; baseline -0.002 -22"><span class='ocrx_word' id='word_1_341' title='bbox 228 3446 259 3508; x_wconf 81' lang='lat' dir='ltr'>A</span> <span class='ocrx_word' id='word_1_342' title='bbox 282 3454 313 3509; x_wconf 87' lang='lat' dir='ltr'><strong>te</strong></span> <span class='ocrx_word' id='word_1_343' title='bbox 337 3466 418 3523; x_wconf 90' lang='lat' dir='ltr'><strong>vero,</strong></span> <span class='ocrx_word' id='word_1_344' title='bbox 442 3449 486 3512; x_wconf 89' lang='lat' dir='ltr'><strong>M.</strong></span> <span class='ocrx_word' id='word_1_345' title='bbox 511 3449 582 3524; x_wconf 91' lang='lat' dir='ltr'><strong>Vir,</strong></span> <span class='ocrx_word' id='word_1_346' title='bbox 607 3449 663 3510; x_wconf 92' lang='lat' dir='ltr'><strong>hoc</strong></span> <span class='ocrx_word' id='word_1_347' title='bbox 686 3456 777 3529; x_wconf 90' lang='lat' dir='ltr'><strong>pcto,</strong></span> <span class='ocrx_word' id='word_1_348' title='bbox 800 3451 926 3530; x_wconf 89' lang='lat' dir='ltr'><strong>primum</strong></span> <span class='ocrx_word' id='word_1_349' title='bbox 950 3458 985 3512; x_wconf 90' lang='lat' dir='ltr'><strong>ut</strong></span> <span class='ocrx_word' id='word_1_350' title='bbox 1007 3449 1161 3511; x_wconf 87' lang='lat' dir='ltr'><strong>consultor</strong></span> <span class='ocrx_word' id='word_1_351' title='bbox 1184 3447 1255 3509; x_wconf 88' lang='lat' dir='ltr'><strong>mibi</strong></span> <span class='ocrx_word' id='word_1_352' title='bbox 1279 3445 1412 3526; x_wconf 89' lang='lat' dir='ltr'><strong>optimus</strong></span> <span class='ocrx_word' id='word_1_353' title='bbox 1437 3464 1503 3508; x_wconf 86' lang='lat' dir='ltr'><strong>esec</strong></span> 
     </span>
     <span class='ocr_line' id='line_1_37' title="bbox 139 3534 1505 3619; baseline 0.002 -25"><span class='ocrx_word' id='word_1_354' title='bbox 139 3535 231 3610; x_wconf 89' lang='lat' dir='ltr'><strong>velis,</strong></span> <span class='ocrx_word' id='word_1_355' title='bbox 256 3535 378 3611; x_wconf 89' lang='lat' dir='ltr'><strong>deinde,</strong></span> <span class='ocrx_word' id='word_1_356' title='bbox 402 3536 467 3599; x_wconf 90' lang='lat' dir='ltr'><strong>eivs</strong></span> <span class='ocrx_word' id='word_1_357' title='bbox 491 3537 587 3611; x_wconf 87' lang='lat' dir='ltr'><strong>aliud,</strong></span> <span class='ocrx_word' id='word_1_358' title='bbox 612 3537 676 3600; x_wconf 90' lang='lat' dir='ltr'><strong>sive</strong></span> <span class='ocrx_word' id='word_1_359' title='bbox 700 3538 773 3611; x_wconf 89' lang='lat' dir='ltr'><strong>boc,</strong></span> <span class='ocrx_word' id='word_1_360' title='bbox 797 3540 875 3619; x_wconf 91' lang='lat' dir='ltr'><strong>quod</strong></span> <span class='ocrx_word' id='word_1_361' title='bbox 900 3557 956 3617; x_wconf 85' lang='lat' dir='ltr'><strong>ego</strong></span> <span class='ocrx_word' id='word_1_362' title='bbox 980 3539 1077 3618; x_wconf 81' lang='lat' dir='ltr'><strong>elegi,</strong></span> <span class='ocrx_word' id='word_1_363' title='bbox 1101 3535 1247 3610; x_wconf 90' lang='lat' dir='ltr'><strong>suaseris,</strong></span> <span class='ocrx_word' id='word_1_364' title='bbox 1283 3534 1326 3598; x_wconf 90' lang='lat' dir='ltr'><strong>uti</strong></span> <span class='ocrx_word' id='word_1_365' title='bbox 1349 3536 1452 3598; x_wconf 87' lang='lat' dir='ltr'><strong>media</strong></span> <span class='ocrx_word' id='word_1_366' title='bbox 1474 3543 1505 3597; x_wconf 89' lang='lat' dir='ltr'><strong>et</strong></span> 
     </span>
     <span class='ocr_line' id='line_1_38' title="bbox 140 3623 1503 3709; baseline 0 -23"><span class='ocrx_word' id='word_1_367' title='bbox 140 3624 255 3687; x_wconf 91' lang='lat' dir='ltr'><strong>indices</strong></span> <span class='ocrx_word' id='word_1_368' title='bbox 279 3632 311 3688; x_wconf 92' lang='lat' dir='ltr'><strong>et</strong></span> <span class='ocrx_word' id='word_1_369' title='bbox 334 3626 562 3701; x_wconf 87' lang='lat' dir='ltr'><strong>subministres,</strong></span> <span class='ocrx_word' id='word_1_370' title='bbox 588 3645 711 3709; x_wconf 92' lang='lat' dir='ltr'><strong>qnorum</strong></span> <span class='ocrx_word' id='word_1_371' title='bbox 735 3628 863 3689; x_wconf 89' lang='lat' dir='ltr'><strong>alterum</strong></span> <span class='ocrx_word' id='word_1_372' title='bbox 885 3628 978 3708; x_wconf 89' lang='lat' dir='ltr'><strong>probe</strong></span> <span class='ocrx_word' id='word_1_373' title='bbox 1001 3627 1097 3701; x_wconf 90' lang='lat' dir='ltr'><strong>nosti,</strong></span> <span class='ocrx_word' id='word_1_374' title='bbox 1123 3627 1249 3688; x_wconf 90' lang='lat' dir='ltr'><strong>alterum</strong></span> <span class='ocrx_word' id='word_1_375' title='bbox 1273 3625 1370 3704; x_wconf 89' lang='lat' dir='ltr'><strong>polles</strong></span> <span class='ocrx_word' id='word_1_376' title='bbox 1394 3623 1503 3686; x_wconf 86' lang='lat' dir='ltr'><strong>illustri</strong></span> 
     </span>
     <span class='ocr_line' id='line_1_39' title="bbox 140 3709 1504 3796; baseline -0.001 -20"><span class='ocrx_word' id='word_1_377' title='bbox 140 3714 207 3776; x_wconf 90' lang='lat' dir='ltr'><strong>loco</strong></span> <span class='ocrx_word' id='word_1_378' title='bbox 230 3715 424 3790; x_wconf 88' lang='lat' dir='ltr'><strong>constitutus,</strong></span> <span class='ocrx_word' id='word_1_379' title='bbox 448 3716 477 3778; x_wconf 92' lang='lat' dir='ltr'><strong>in</strong></span> <span class='ocrx_word' id='word_1_380' title='bbox 503 3716 560 3777; x_wconf 91' lang='lat' dir='ltr'><strong>hac</strong></span> <span class='ocrx_word' id='word_1_381' title='bbox 584 3716 762 3796; x_wconf 90' lang='lat' dir='ltr'><strong>praesertim</strong></span> <span class='ocrx_word' id='word_1_382' title='bbox 785 3716 1026 3785; x_wconf 89' lang='lat' dir='ltr'><strong>Mouachieneie,</strong></span> <span class='ocrx_word' id='word_1_383' title='bbox 1052 3715 1234 3778; x_wconf 88' lang='lat' dir='ltr'><strong>Graezeneis</strong></span> <span class='ocrx_word' id='word_1_384' title='bbox 1268 3723 1299 3775; x_wconf 90' lang='lat' dir='ltr'><strong>et</strong></span> <span class='ocrx_word' id='word_1_385' title='bbox 1321 3709 1504 3775; x_wconf 88' lang='lat' dir='ltr'><strong>Bohemicas</strong></span> 
     </span>
     <span class='ocr_line' id='line_1_40' title="bbox 140 3803 1345 3884; baseline -0.001 -19"><span class='ocrx_word' id='word_1_386' title='bbox 140 3803 228 3865; x_wconf 84' lang='lat' dir='ltr'><strong>aulae</strong></span> <span class='ocrx_word' id='word_1_387' title='bbox 252 3811 357 3866; x_wconf 91' lang='lat' dir='ltr'><strong>mutua</strong></span> <span class='ocrx_word' id='word_1_388' title='bbox 379 3807 563 3867; x_wconf 82' lang='lat' dir='ltr'><strong>connexione</strong></span> <span class='ocrx_word' id='word_1_389' title='bbox 587 3813 619 3866; x_wconf 92' lang='lat' dir='ltr'><strong>et</strong></span> <span class='ocrx_word' id='word_1_390' title='bbox 641 3805 861 3884; x_wconf 87' lang='lat' dir='ltr'><strong>praestantium</strong></span> <span class='ocrx_word' id='word_1_391' title='bbox 885 3808 1048 3869; x_wconf 87' lang='lat' dir='ltr'><strong>autoritate</strong></span> <span class='ocrx_word' id='word_1_392' title='bbox 1073 3805 1202 3866; x_wconf 89' lang='lat' dir='ltr'><strong>virorum</strong></span> <span class='ocrx_word' id='word_1_393' title='bbox 1227 3803 1345 3864; x_wconf 91' lang='lat' dir='ltr'><strong>notitia.</strong></span> 
     </span>
    </p>

    <p class='ocr_par' dir='ltr' id='par_1_6' title="bbox 141 3890 1509 4596">
     <span class='ocr_line' id='line_1_41' title="bbox 230 3890 1505 3974; baseline 0.001 -21"><span class='ocrx_word' id='word_1_394' title='bbox 230 3890 372 3967; x_wconf 84' lang='lat' dir='ltr'><strong>Quaeris,</strong></span> <span class='ocrx_word' id='word_1_395' title='bbox 398 3894 440 3969; x_wconf 90' lang='lat' dir='ltr'><strong>si,</strong></span> <span class='ocrx_word' id='word_1_396' title='bbox 467 3895 543 3974; x_wconf 90' lang='lat' dir='ltr'><strong>quod</strong></span> <span class='ocrx_word' id='word_1_397' title='bbox 574 3894 622 3956; x_wconf 92' lang='lat' dir='ltr'><strong>hic</strong></span> <span class='ocrx_word' id='word_1_398' title='bbox 655 3894 751 3956; x_wconf 89' lang='lat' dir='ltr'><strong>habeo</strong></span> <span class='ocrx_word' id='word_1_399' title='bbox 775 3895 932 3969; x_wconf 90' lang='lat' dir='ltr'><strong>salarium,</strong></span> <span class='ocrx_word' id='word_1_400' title='bbox 967 3915 1033 3957; x_wconf 90' lang='lat' dir='ltr'><strong>cum</strong></span> <span class='ocrx_word' id='word_1_401' title='bbox 1057 3911 1199 3955; x_wconf 89' lang='lat' dir='ltr'><strong>caesareo</strong></span> <span class='ocrx_word' id='word_1_402' title='bbox 1229 3893 1330 3953; x_wconf 83' lang='lat' dir='ltr'><strong>forsan</strong></span> <span class='ocrx_word' id='word_1_403' title='bbox 1360 3892 1505 3972; x_wconf 87' lang='lat' dir='ltr'><strong>ampliore</strong></span> 
     </span>
     <span class='ocr_line' id='line_1_42' title="bbox 142 3978 1507 4063; baseline -0.001 -21"><span class='ocrx_word' id='word_1_404' title='bbox 142 3986 396 4056; x_wconf 87' lang='lat' dir='ltr'><strong>commutaretur,</strong></span> <span class='ocrx_word' id='word_1_405' title='bbox 428 3982 478 4062; x_wconf 91' lang='lat' dir='ltr'><strong>qui</strong></span> <span class='ocrx_word' id='word_1_406' title='bbox 510 3984 541 4044; x_wconf 93' lang='lat' dir='ltr'><strong>id</strong></span> <span class='ocrx_word' id='word_1_407' title='bbox 573 3983 645 4046; x_wconf 91' lang='lat' dir='ltr'><strong>mihi</strong></span> <span class='ocrx_word' id='word_1_408' title='bbox 678 3984 719 4045; x_wconf 91' lang='lat' dir='ltr'><strong>eit</strong></span> <span class='ocrx_word' id='word_1_409' title='bbox 752 3992 910 4063; x_wconf 88' lang='lat' dir='ltr'><strong>acceptum</strong></span> <span class='ocrx_word' id='word_1_410' title='bbox 939 3983 1092 4046; x_wconf 89' lang='lat' dir='ltr'><strong>futurum?</strong></span> <span class='ocrx_word' id='word_1_411' title='bbox 1138 3981 1271 4043; x_wconf 88' lang='lat' dir='ltr'><strong>Primum</strong></span> <span class='ocrx_word' id='word_1_412' title='bbox 1299 3978 1460 4060; x_wconf 83' lang='lat' dir='ltr'><strong>separarer</strong></span> <span class='ocrx_word' id='word_1_413' title='bbox 1488 4001 1507 4041; x_wconf 87' lang='lat' dir='ltr'><strong>a</strong></span> 
     </span>
     <span class='ocr_line' id='line_1_43' title="bbox 146 4066 1509 4151; baseline 0.001 -21"><span class='ocrx_word' id='word_1_414' title='bbox 146 4066 262 4151; x_wconf 87' lang='lat' dir='ltr'><strong>Styria,</strong></span> <span class='ocrx_word' id='word_1_415' title='bbox 288 4071 334 4133; x_wconf 90' lang='lat' dir='ltr'><strong>cni</strong></span> <span class='ocrx_word' id='word_1_416' title='bbox 358 4090 424 4132; x_wconf 90' lang='lat' dir='ltr'><strong>sum</strong></span> <span class='ocrx_word' id='word_1_417' title='bbox 448 4072 592 4134; x_wconf 87' lang='lat' dir='ltr'><strong>astrictus</strong></span> <span class='ocrx_word' id='word_1_418' title='bbox 615 4073 717 4135; x_wconf 92' lang='lat' dir='ltr'><strong>multis</strong></span> <span class='ocrx_word' id='word_1_419' title='bbox 741 4072 1021 4135; x_wconf 88' lang='lat' dir='ltr'><strong>necessitudinibus.</strong></span> <span class='ocrx_word' id='word_1_420' title='bbox 1047 4072 1081 4133; x_wconf 92' lang='lat' dir='ltr'><strong>ld</strong></span> <span class='ocrx_word' id='word_1_421' title='bbox 1105 4069 1255 4132; x_wconf 89' lang='lat' dir='ltr'><strong>vinculum</strong></span> <span class='ocrx_word' id='word_1_422' title='bbox 1278 4070 1308 4133; x_wconf 94' lang='lat' dir='ltr'><strong>iu</strong></span> <span class='ocrx_word' id='word_1_423' title='bbox 1331 4089 1425 4132; x_wconf 87' lang='lat' dir='ltr'><strong>uxore</strong></span> <span class='ocrx_word' id='word_1_424' title='bbox 1440 4090 1509 4131; x_wconf 86' lang='lat' dir='ltr'><strong>mea</strong></span> 
     </span>
     <span class='ocr_line' id='line_1_44' title="bbox 142 4157 1507 4242; baseline 0.001 -25"><span class='ocrx_word' id='word_1_425' title='bbox 142 4157 268 4238; x_wconf 90' lang='lat' dir='ltr'><strong>ejusque</strong></span> <span class='ocrx_word' id='word_1_426' title='bbox 300 4158 388 4221; x_wconf 91' lang='lat' dir='ltr'><strong>bonis</strong></span> <span class='ocrx_word' id='word_1_427' title='bbox 421 4158 587 4240; x_wconf 84' lang='lat' dir='ltr'><strong>stringitur.</strong></span> <span class='ocrx_word' id='word_1_428' title='bbox 634 4161 751 4222; x_wconf 91' lang='lat' dir='ltr'><strong>Deinde</strong></span> <span class='ocrx_word' id='word_1_429' title='bbox 784 4181 831 4224; x_wconf 91' lang='lat' dir='ltr'><strong>me</strong></span> <span class='ocrx_word' id='word_1_430' title='bbox 865 4162 995 4242; x_wconf 78' lang='lat' dir='ltr'><strong>vestigia</strong></span> <span class='ocrx_word' id='word_1_431' title='bbox 1025 4168 1148 4223; x_wconf 89' lang='lat' dir='ltr'><strong>terrent.</strong></span> <span class='ocrx_word' id='word_1_432' title='bbox 1196 4159 1317 4241; x_wconf 86' lang='lat' dir='ltr'><strong>Tycha,</strong></span> <span class='ocrx_word' id='word_1_433' title='bbox 1350 4161 1398 4221; x_wconf 89' lang='lat' dir='ltr'><strong>vir</strong></span> <span class='ocrx_word' id='word_1_434' title='bbox 1429 4157 1507 4222; x_wconf 87' lang='lat' dir='ltr'><strong>tanti</strong></span> 
     </span>
     <span class='ocr_line' id='line_1_45' title="bbox 143 4245 1506 4331; baseline 0.003 -24"><span class='ocrx_word' id='word_1_435' title='bbox 143 4245 281 4320; x_wconf 90' lang='lat' dir='ltr'><strong>nominis,</strong></span> <span class='ocrx_word' id='word_1_436' title='bbox 305 4255 394 4309; x_wconf 89' lang='lat' dir='ltr'><strong>tauta</strong></span> <span class='ocrx_word' id='word_1_437' title='bbox 418 4246 562 4311; x_wconf 85' lang='lat' dir='ltr'><strong>Caesaris</strong></span> <span class='ocrx_word' id='word_1_438' title='bbox 585 4249 695 4329; x_wconf 81' lang='lat' dir='ltr'><strong>gratia,</strong></span> <span class='ocrx_word' id='word_1_439' title='bbox 722 4269 819 4311; x_wconf 90' lang='lat' dir='ltr'><strong>annuo</strong></span> <span class='ocrx_word' id='word_1_440' title='bbox 843 4271 896 4313; x_wconf 91' lang='lat' dir='ltr'><strong>suc</strong></span> <span class='ocrx_word' id='word_1_441' title='bbox 921 4250 1071 4331; x_wconf 89' lang='lat' dir='ltr'><strong>stipendio</strong></span> <span class='ocrx_word' id='word_1_442' title='bbox 1096 4249 1307 4311; x_wconf 76' lang='lat' dir='ltr'><strong>maximarum</strong></span> <span class='ocrx_word' id='word_1_443' title='bbox 1327 4248 1506 4311; x_wconf 83' lang='lat' dir='ltr'><strong>difficultate</strong></span> 
     </span>
     <span class='ocr_line' id='line_1_46' title="bbox 142 4334 1506 4421; baseline 0.004 -27"><span class='ocrx_word' id='word_1_444' title='bbox 142 4334 193 4396; x_wconf 90' lang='lat' dir='ltr'><strong>vix</strong></span> <span class='ocrx_word' id='word_1_445' title='bbox 216 4336 350 4415; x_wconf 90' lang='lat' dir='ltr'><strong>potitur,</strong></span> <span class='ocrx_word' id='word_1_446' title='bbox 374 4356 410 4398; x_wconf 89' lang='lat' dir='ltr'><strong>ac</strong></span> <span class='ocrx_word' id='word_1_447' title='bbox 434 4357 508 4398; x_wconf 89' lang='lat' dir='ltr'><strong>sane</strong></span> <span class='ocrx_word' id='word_1_448' title='bbox 533 4338 653 4411; x_wconf 90' lang='lat' dir='ltr'><strong>nescio,</strong></span> <span class='ocrx_word' id='word_1_449' title='bbox 678 4359 714 4399; x_wconf 90' lang='lat' dir='ltr'><strong>an</strong></span> <span class='ocrx_word' id='word_1_450' title='bbox 739 4340 854 4418; x_wconf 82' lang='lat' dir='ltr'><strong>potitus</strong></span> <span class='ocrx_word' id='word_1_451' title='bbox 878 4340 938 4401; x_wconf 92' lang='lat' dir='ltr'><strong>sit:</strong></span> <span class='ocrx_word' id='word_1_452' title='bbox 972 4359 1048 4421; x_wconf 89' lang='lat' dir='ltr'><strong>quae</strong></span> <span class='ocrx_word' id='word_1_453' title='bbox 1080 4358 1172 4400; x_wconf 84' lang='lat' dir='ltr'><strong>causa</strong></span> <span class='ocrx_word' id='word_1_454' title='bbox 1201 4338 1415 4400; x_wconf 90' lang='lat' dir='ltr'><strong>meditationes</strong></span> <span class='ocrx_word' id='word_1_455' title='bbox 1440 4337 1506 4417; x_wconf 91' lang='lat' dir='ltr'><strong>ejus</strong></span> 
     </span>
     <span class='ocr_line' id='line_1_47' title="bbox 141 4424 1505 4506; baseline 0.004 -24"><span class='ocrx_word' id='word_1_456' title='bbox 141 4424 336 4487; x_wconf 88' lang='lat' dir='ltr'><strong>vehementer</strong></span> <span class='ocrx_word' id='word_1_457' title='bbox 359 4426 471 4487; x_wconf 86' lang='lat' dir='ltr'><strong>turbat.</strong></span> <span class='ocrx_word' id='word_1_458' title='bbox 520 4424 598 4496; x_wconf 85' lang='lat' dir='ltr'><strong>Quid</strong></span> <span class='ocrx_word' id='word_1_459' title='bbox 629 4445 700 4506; x_wconf 85' lang='lat' dir='ltr'><strong>ergo</strong></span> <span class='ocrx_word' id='word_1_460' title='bbox 732 4429 768 4489; x_wconf 92' lang='lat' dir='ltr'><strong>de</strong></span> <span class='ocrx_word' id='word_1_461' title='bbox 792 4448 838 4490; x_wconf 91' lang='lat' dir='ltr'><strong>me</strong></span> <span class='ocrx_word' id='word_1_462' title='bbox 864 4429 993 4490; x_wconf 76' lang='lat' dir='ltr'><strong>futurum</strong></span> <span class='ocrx_word' id='word_1_463' title='bbox 1022 4428 1127 4490; x_wconf 90' lang='lat' dir='ltr'><strong>esset?</strong></span> <span class='ocrx_word' id='word_1_464' title='bbox 1174 4430 1222 4489; x_wconf 88' lang='lat' dir='ltr'><strong>Au</strong></span> <span class='ocrx_word' id='word_1_465' title='bbox 1248 4446 1305 4488; x_wconf 85' lang='lat' dir='ltr'><strong>rron</strong></span> <span class='ocrx_word' id='word_1_466' title='bbox 1330 4446 1377 4488; x_wconf 88' lang='lat' dir='ltr'><strong>rue</strong></span> <span class='ocrx_word' id='word_1_467' title='bbox 1402 4446 1505 4489; x_wconf 89' lang='lat' dir='ltr'><strong>meos-</strong></span> 
     </span>
     <span class='ocr_line' id='line_1_48' title="bbox 143 4514 1507 4596; baseline 0.003 -22"><span class='ocrx_word' id='word_1_468' title='bbox 143 4532 198 4595; x_wconf 90' lang='lat' dir='ltr'><strong>que</strong></span> <span class='ocrx_word' id='word_1_469' title='bbox 223 4514 252 4574; x_wconf 94' lang='lat' dir='ltr'><strong>in</strong></span> <span class='ocrx_word' id='word_1_470' title='bbox 277 4523 429 4576; x_wconf 82' lang='lat' dir='ltr'><strong>extremas</strong></span> <span class='ocrx_word' id='word_1_471' title='bbox 454 4516 610 4595; x_wconf 79' lang='lat' dir='ltr'><strong>augustias</strong></span> <span class='ocrx_word' id='word_1_472' title='bbox 635 4517 699 4577; x_wconf 87' lang='lat' dir='ltr'><strong>loco</strong></span> <span class='ocrx_word' id='word_1_473' title='bbox 723 4517 880 4596; x_wconf 81' lang='lat' dir='ltr'><strong>peregrino</strong></span> <span class='ocrx_word' id='word_1_474' title='bbox 904 4518 1113 4596; x_wconf 88' lang='lat' dir='ltr'><strong>conjicerent?</strong></span> <span class='ocrx_word' id='word_1_475' title='bbox 1149 4518 1234 4578; x_wconf 87' lang='lat' dir='ltr'><strong>Haec</strong></span> <span class='ocrx_word' id='word_1_476' title='bbox 1258 4536 1351 4577; x_wconf 89' lang='lat' dir='ltr'><strong>causa</strong></span> <span class='ocrx_word' id='word_1_477' title='bbox 1374 4524 1433 4589; x_wconf 92' lang='lat' dir='ltr'><strong>est,</strong></span> <span class='ocrx_word' id='word_1_478' title='bbox 1454 4535 1507 4579; x_wconf 86' lang='lat' dir='ltr'><strong>cnr</strong></span> 
     </span>
    </p>
   </div>
   <div class='ocr_carea' id='block_1_3' title="bbox 143 4602 1505 4869">
    <p class='ocr_par' dir='ltr' id='par_1_7' title="bbox 143 4602 1505 4869">
     <span class='ocr_line' id='line_1_49' title="bbox 143 4602 1505 4686; baseline 0.002 -23"><span class='ocrx_word' id='word_1_479' title='bbox 143 4610 197 4663; x_wconf 91' lang='lat' dir='ltr'><strong>aut</strong></span> <span class='ocrx_word' id='word_1_480' title='bbox 218 4602 360 4664; x_wconf 86' lang='lat' dir='ltr'><strong>salarium</strong></span> <span class='ocrx_word' id='word_1_481' title='bbox 383 4602 553 4685; x_wconf 85' lang='lat' dir='ltr'><strong>Styriacum</strong></span> <span class='ocrx_word' id='word_1_482' title='bbox 579 4606 800 4686; x_wconf 83' lang='lat' dir='ltr'><strong>quibuscunque</strong></span> <span class='ocrx_word' id='word_1_483' title='bbox 832 4608 954 4669; x_wconf 88' lang='lat' dir='ltr'><strong>tandern</strong></span> <span class='ocrx_word' id='word_1_484' title='bbox 989 4607 1084 4668; x_wconf 85' lang='lat' dir='ltr'><strong>modis</strong></span> <span class='ocrx_word' id='word_1_485' title='bbox 1119 4606 1356 4679; x_wconf 83' lang='lat' dir='ltr'><strong>defendendum,</strong></span> <span class='ocrx_word' id='word_1_486' title='bbox 1382 4613 1453 4678; x_wconf 91' lang='lat' dir='ltr'><strong>aut,</strong></span> <span class='ocrx_word' id='word_1_487' title='bbox 1479 4605 1505 4667; x_wconf 89' lang='lat' dir='ltr'><strong>ai</strong></span> 
     </span>
     <span class='ocr_line' id='line_1_50' title="bbox 144 4692 1505 4775; baseline 0.003 -24"><span class='ocrx_word' id='word_1_488' title='bbox 144 4708 202 4773; x_wconf 89' lang='lat' dir='ltr'><strong>qua</strong></span> <span class='ocrx_word' id='word_1_489' title='bbox 226 4692 394 4754; x_wconf 89' lang='lat' dir='ltr'><strong>necessitas</strong></span> <span class='ocrx_word' id='word_1_490' title='bbox 418 4700 542 4770; x_wconf 80' lang='lat' dir='ltr'><strong>urgeat,</strong></span> <span class='ocrx_word' id='word_1_491' title='bbox 576 4694 692 4775; x_wconf 85' lang='lat' dir='ltr'><strong>longius</strong></span> <span class='ocrx_word' id='word_1_492' title='bbox 723 4695 820 4757; x_wconf 91' lang='lat' dir='ltr'><strong>adhuc</strong></span> <span class='ocrx_word' id='word_1_493' title='bbox 844 4696 872 4756; x_wconf 94' lang='lat' dir='ltr'><strong>in</strong></span> <span class='ocrx_word' id='word_1_494' title='bbox 899 4695 1091 4758; x_wconf 88' lang='lat' dir='ltr'><strong>Germaniam</strong></span> <span class='ocrx_word' id='word_1_495' title='bbox 1121 4695 1333 4756; x_wconf 88' lang='lat' dir='ltr'><strong>discedendum</strong></span> <span class='ocrx_word' id='word_1_496' title='bbox 1358 4702 1505 4755; x_wconf 84' lang='lat' dir='ltr'><strong>statuam.</strong></span> 
     </span>
     <span class='ocr_line' id='line_1_51' title="bbox 231 4779 1505 4869; baseline 0.003 -26"><span class='ocrx_word' id='word_1_497' title='bbox 231 4779 277 4843; x_wconf 92' lang='lat' dir='ltr'><strong>De</strong></span> <span class='ocrx_word' id='word_1_498' title='bbox 304 4781 470 4845; x_wconf 88' lang='lat' dir='ltr'><strong>Werneri</strong></span> <span class='ocrx_word' id='word_1_499' title='bbox 494 4783 755 4847; x_wconf 83' lang='lat' dir='ltr'><strong>observationibus</strong></span> <span class='ocrx_word' id='word_1_500' title='bbox 780 4785 842 4846; x_wconf 86' lang='lat' dir='ltr'><strong>lieri</strong></span> <span class='ocrx_word' id='word_1_501' title='bbox 866 4795 983 4869; x_wconf 85' lang='lat' dir='ltr'><strong>potest,</strong></span> <span class='ocrx_word' id='word_1_502' title='bbox 1014 4793 1045 4847; x_wconf 86' lang='lat' dir='ltr'><strong>ut</strong></span> <span class='ocrx_word' id='word_1_503' title='bbox 1070 4804 1116 4850; x_wconf 87' lang='lat' dir='ltr'><strong>rue</strong></span> <span class='ocrx_word' id='word_1_504' title='bbox 1142 4783 1232 4847; x_wconf 77' lang='lat' dir='ltr'><strong>fallat</strong></span> <span class='ocrx_word' id='word_1_505' title='bbox 1255 4783 1410 4859; x_wconf 81' lang='lat' dir='ltr'><strong>aremoria,</strong></span> <span class='ocrx_word' id='word_1_506' title='bbox 1438 4800 1505 4847; x_wconf 83' lang='lat' dir='ltr'><strong>cum</strong></span> 
     </span>
    </p>
   </div>
   <div class='ocr_carea' id='block_1_4' title="bbox 0 0 1652 5542">
    <p class='ocr_par' dir='ltr' id='par_1_8' title="bbox 0 0 1652 5542">
     <span class='ocr_line' id='line_1_52' title="bbox 0 0 1652 5542; baseline 0 0"><span class='ocrx_word' id='word_1_507' title='bbox 0 0 1652 5542; x_wconf 95' lang='lat' dir='ltr'><strong> </strong></span> 
     </span>
    </p>
   </div>
  </div>
 </body>
</html>
