3278 5542
141 276 202 350 120
651 275 762 340 Mysaris
782 272 984 343 Cosmepraphicl

135 442 205 498 tias:
237 442 302 496 item
324 440 444 513 angulos
465 438 755 509 prosthaphaereseon
776 441 924 493 earundem
945 439 973 492 in
999 440 1067 494 orbe
1087 456 1190 513 magno
1210 440 1333 496 Telluris
1354 443 1493 497 secundun

136 522 304 578 sententiam
325 519 519 590 Copernici.

216 604 284 656 Tab.
309 603 353 655 11.
376 600 429 653 sic:
461 600 571 654 Tabula
592 599 625 651 11.
659 599 793 653 exhibens
821 600 941 653 ordinem
978 600 1160 669 sphaerarum
1182 601 1362 665 coelestium,
1393 608 1427 655 et
1449 608 1493 655 ιιι

136 700 274 754 cunque
294 680 499 752 proportionem
514 679 619 733 orbium
640 686 670 733 et
684 680 877 750 epicyclorum,
900 687 985 749 atque
999 680 1119 751 angulos
1132 681 1179 735 vel
1199 697 1279 735 arcus
1293 682 1493 753 prosthapbss·

136 781 235 820 reseon
255 763 417 823 eorundem,
435 760 522 828 juxta
543 759 645 813 medias
667 760 823 823 distantias,
846 764 994 814 secundum
1014 768 1171 815 veterum
1192 762 1371 816 mumadam.

215 845 259 896 Ad
281 843 351 897 tab.
378 843 422 895 10.
445 842 516 894 hacc
538 840 680 909 adscripta
700 847 778 894 sunt:
810 842 841 894 In
862 848 973 904 centro,
997 842 1041 894 rel
1062 857 1164 910 prope,
1196 848 1241 895 est
1261 842 1322 896 Sol
1344 840 1493 898 lmmobilis.

93 940 97 948 ’
137 926 184 979 ET
204 923 321 991 circulus
344 918 377 983 ξ,
400 921 445 991 qui
465 920 622 974 restituitur
643 920 739 974 diebus
761 920 799 975 88
821 922 889 974 tere.
933 922 979 974 CD
995 928 1039 974 est
1060 922 1177 975 circulus
1200 918 1239 987 Q,
1261 922 1343 991 onius
1362 922 1495 977 revolutio

136 1005 211 1058 circa
233 998 265 1061 Q
288 1010 332 1056 est
353 1003 457 1056 dierum
473 1002 532 1055 224
553 1018 612 1054 cum
627 1003 716 1055 besse.
758 1002 808 1054 AB
823 1002 943 1055 circulus
958 994 1000 1064 ὁ,
1022 1002 1101 1070 cujus
1116 1001 1253 1055 revolutio
1271 1002 1379 1059 dierum
1396 998 1493 1062 365'ls.

136 1084 245 1139 Dicitur
266 1082 367 1138 Orbis
389 1083 536 1152 Magnus
558 1088 673 1150 propter
693 1098 771 1138 usum
792 1081 981 1151 multiplicem.
1024 1082 1104 1136 Circa
1125 1074 1150 1146 ὁ
1172 1087 1216 1135 est
1236 1082 1396 1147 orbiculus,
1424 1085 1496 1139 velut

139 1165 295 1236 epicyclus,
318 1163 456 1232 sphaerae
478 1161 596 1215 Lunaris
618 1163 653 1215 ad
673 1166 713 1225 Δ,
736 1163 830 1215 eodem
851 1167 926 1215 motu
948 1178 999 1231 per
1020 1162 1086 1216 anni
1108 1162 1229 1232 spatium
1249 1179 1311 1216 cum
1332 1154 1359 1228 ὅ
1381 1165 1495 1219 adean-

137 1248 199 1299 dem
230 1244 342 1298 stellam
369 1244 453 1296 lixam
480 1242 596 1296 rediens.
639 1242 691 1296 Sed
713 1242 774 1311 ejus
804 1242 919 1311 propria
946 1242 1081 1296 revolutio
1108 1245 1142 1296 ad
1165 1237 1198 1301 Q
1220 1243 1309 1297 habet
1334 1242 1396 1298 dies
1417 1239 1494 1306 This.

138 1326 192 1380 GH
213 1330 257 1377 est
279 1323 352 1377 orbis
368 1320 393 1381 ὀ
401 1365 407 1386 ,
431 1323 476 1392 qui
497 1339 605 1376 cursum
626 1339 708 1376 unum
730 1325 781 1376 sub
802 1322 892 1376 stellis
913 1322 975 1375 fixis
998 1322 1056 1375 sire
1077 1325 1113 1376 ad
1128 1318 1161 1382 Q
1184 1322 1306 1377 absolvit
1318 1322 1420 1378 diebus
1435 1325 1495 1380 tut.

137 1406 219 1459 Hunc
246 1403 353 1473 excipit
382 1410 446 1472 post
468 1419 599 1474 magnum
624 1403 800 1457 intervallum
823 1403 876 1464 IK,
906 1403 1028 1472 sphaera
1049 1408 1087 1469 ιι,
1116 1404 1222 1458 habens
1246 1402 1380 1458 ambitum
1400 1405 1496 1459 diemu

138 1479 253 1543 4332t.
277 1484 344 1538 iere.
384 1483 437 1537 th
459 1492 503 1537 est
522 1482 551 1547 h,
574 1484 652 1551 cujus
673 1490 780 1552 tempus
802 1483 968 1553 periodioum
989 1483 1092 1538 dierum
1117 1477 1257 1544 10759¹·‘..

218 1565 306 1619 Fixae
320 1581 385 1616 vero
409 1566 511 1619 stellae
526 1566 615 1618 adhrm
639 1571 696 1618 tam
719 1564 916 1618 inaestimabili
931 1564 1079 1617 intervallo
1095 1564 1209 1619 altiores
1225 1571 1298 1627 sunt,
1324 1568 1358 1617 ut
1380 1567 1420 1620 ad
1433 1582 1496 1631 eam,

138 1663 210 1718 quae
232 1653 276 1698 est
298 1646 371 1698 inter
393 1640 424 1703 Θ
450 1652 480 1699 et
503 1638 545 1710 ὅ,
570 1646 747 1715 intercapedo
771 1645 908 1700 sensibilis
932 1663 985 1699 non
1009 1645 1053 1698 sit.
1094 1647 1133 1700 Et
1154 1662 1207 1700 eae
1227 1653 1293 1700 suut
1315 1644 1345 1698 in
1367 1656 1496 1715 extremo,

138 1727 210 1780 sicut
233 1720 264 1784 Q
287 1726 315 1778 in
337 1732 446 1790 centro,
468 1726 578 1795 penitus
600 1725 759 1780 immobiles.

218 1808 347 1877 Angustus
371 1806 461 1869 TGV‚
487 1808 530 1859 vel
555 1807 706 1869 arcusTV,
731 1805 1086 1876 prosthaphaeresis
1110 1812 1167 1870 est,
1196 1807 1255 1860 sire
1277 1809 1497 1877 parallaxis,

138 1905 220 1961 quam
244 1887 320 1941 orbis
343 1903 461 1958 magnus
486 1888 510 1960 ξ,
536 1889 570 1941 ad
595 1888 743 1957 sphaeram
765 1883 790 1944 d
815 1888 910 1941 habet.
952 1887 997 1941 Sic
1011 1887 1073 1941 PIN
1094 1893 1138 1940 est
1162 1886 1286 1955 ejusdem
1309 1889 1387 1943 orbis
1411 1889 1497 1962 magni

141 1969 300 2040 parallaxis
315 1970 349 2020 ad
365 1968 513 2037 sphaeram
528 1965 564 2031 ll,
590 1975 619 2020 et
633 1967 718 2029 PLN,
743 1968 800 2021 sive
815 1969 859 2022 RS
881 1983 976 2030 arcus,
1002 1969 1037 2020 ad
1060 1966 1206 2036 sphaeram
1220 1972 1245 2029 ι,
1288 1969 1334 2022 lta
1347 1970 1437 2033 XAY,
1459 1970 1497 2024 rel

127 2050 191 2104 'XT
216 2065 309 2112 arcus,
342 2053 386 2101 est
415 2048 572 2116 parallaxis
598 2040 638 2112 ὃ,
669 2055 700 2101 ut
724 2055 754 2101 et
777 2048 872 2110 ZAAE,
901 2047 945 2101 vel
970 2048 1040 2112 ZAE,
1072 2047 1209 2116 sphaerae
1233 2046 1255 2111 tt
1284 2050 1447 2117 parallaxis
1469 2052 1498 2105 sd

137 2132 232 2185 orbem
251 2145 390 2199 magnum.
979 2138 982 2145 ⁴

224 2210 302 2271 Quae
327 2207 473 2277 adscripsit
486 2208 627 2276 Keplerus
651 2208 800 2261 tabulae
818 2209 862 2261 ll.
886 2207 955 2260 haec
974 2214 1052 2260 sunt:
1079 2207 1108 2260 ln
1133 2197 1267 2270 centro&
1291 2213 1345 2271 est,
1370 2209 1436 2265 sola
1457 2210 1498 2263 im·

137 2289 254 2344 mobilis.
276 2288 390 2342 intimus
406 2280 513 2352 circa&
530 2287 668 2340 orbiculus
679 2288 775 2340 Lunae
786 2288 934 2357 sphaeram
943 2292 1146 2356 repraesentat,
1158 2287 1236 2356 cujus
1245 2295 1337 2343 motus
1347 2294 1498 2344 menstruus
1516 2301 1520 2307 '

139 2377 192 2424 ost.
237 2370 317 2422 Hanc
340 2367 465 2437 proxime
489 2367 509 2430 ξ
534 2367 608 2421 orbis
632 2367 794 2420 circumdat:
824 2385 903 2437 quem
927 2367 1051 2437 sequitur
1073 2357 1113 2429 9,
1137 2373 1167 2419 et
1189 2375 1289 2436 postea
1313 2363 1347 2427 Q
1372 2370 1498 2440 sphaere,

141 2465 235 2504 annua
249 2465 341 2502 omnes
356 2446 534 2500 conversione
548 2447 694 2501 volubiles.
736 2448 913 2518 Reliquorum
929 2447 1009 2502 trium
1024 2447 1203 2518 superiorum,
1228 2445 1253 2506 d
1262 2490 1269 2511 ,
1293 2447 1331 2513 ll,
1356 2448 1388 2513 s,
1414 2452 1498 2513 orbes,

140 2533 258 2584 lixarum
274 2544 381 2598 quoquo
397 2527 543 2580 stellarum
566 2528 722 2596 sphaeram,
748 2544 836 2591 arcus,
862 2545 929 2598 quos
950 2523 1063 2593 circa&
1094 2544 1143 2581 ceu
1162 2535 1286 2584 centrum
1309 2528 1438 2601 integros
1458 2532 1499 2584 de·

141 2609 262 2663 scribere
288 2614 318 2662 et
341 2609 478 2676 complere
503 2607 616 2677 quisque
640 2614 742 2677 potest,
766 2608 895 2662 indicant.
938 2607 1052 2667 dorbia
1075 2607 1185 2662 biennio
1206 2610 1395 2671 convertitur:
1419 2608 1500 2669 llam

138 2707 188 2745 nos
206 2689 241 2742 12
257 2704 338 2759 quam
352 2687 477 2757 proxime
491 2687 614 2757 requirit,
637 2695 667 2741 et
688 2686 776 2741 hiere
792 2688 829 2742 30
845 2705 940 2742 annos.
982 2689 1069 2742 Fixae
1084 2688 1184 2742 stellae
1207 2689 1306 2744 49000
1320 2690 1402 2744 annis
1419 2691 1502 2760 juxta

138 2769 371 2839 Alphonsinorum
395 2768 501 2836 placita
522 2768 662 2836 periodum
686 2769 845 2822 restituunt.
889 2770 1014 2830 Quantas
1038 2768 1208 2840 singulorum
1234 2767 1362 2839 (praeter
1377 2763 1422 2839 ]))
1446 2770 1501 2841 epi·

138 2849 209 2922 cycli
225 2850 253 2903 in
268 2848 439 2902 concentrico
455 2849 556 2901 circulo
570 2849 839 2918 prosthaphaereses
864 2849 890 2903 in
905 2849 1000 2902 mediis
1015 2848 1154 2903 distantiis
1178 2848 1291 2913 faciant,
1316 2866 1399 2905 arens
1423 2850 1501 2906 rectis

138 2923 215 2994 ex&
239 2929 327 2982 ductis
351 2936 381 2982 et
401 2928 540 2998 epicyclos
562 2929 687 2999 singulos
709 2929 890 3000 tangentibus
914 2929 1069 2998 intercepti,
1094 2928 1194 2982 additis
1214 2931 1351 3001 gradum
1375 2930 1501 2994 numeris,

138 3016 301 3065 monstrant.
1120 3030 1128 3040 ·

219 3086 250 3151 b)
275 3091 335 3142 an
356 3088 443 3143 eoacti
470 3095 534 3142 sunt
558 3095 683 3141 statuere
707 3096 843 3151 auctores,
873 3088 957 3141 ceteri
983 3090 1016 3141 de
1038 3088 1110 3151 Sole,
1135 3089 1302 3158 Copernicus
1326 3092 1362 3144 de
1383 3091 1503 3147 Tellure.

140 3171 206 3241 quia
229 3169 338 3223 nimium
363 3169 488 3222 tribuunt
512 3168 752 3222 observationibus
776 3169 930 3237 Hipparchi
954 3176 984 3222 et
1004 3168 1170 3223 Ptolemaei:
1195 3171 1243 3223 sed
1267 3187 1340 3241 quae
1363 3187 1422 3225 non
1444 3176 1504 3225 sunt

141 3258 239 3306 tantae
264 3249 444 3310 subtilitatis,
474 3254 507 3301 ut
529 3250 631 3318 dogma
653 3248 725 3302 tanti
749 3249 876 3302 momenti
902 3250 990 3318 possit
1011 3248 1043 3302 iis
1072 3250 1306 3317 superaedificari.
1354 3252 1457 3322 ltaque
1479 3250 1503 3304 in

27 3364 32 3373 ·
140 3329 349 3386 Commentariis
374 3328 543 3382 Martialium
567 3329 787 3397 speculationum
817 3335 847 3382 et
876 3328 923 3383 lib.
948 3321 995 3383 v'1.
1019 3328 1162 3398 Epitomes
1192 3337 1274 3399 parte
1298 3332 1319 3385 1.
1351 3332 1504 3401 opinionem

140 3411 224 3465 istam
244 3416 276 3464 ut
300 3409 434 3478 physicae
448 3408 563 3461 coelesti
578 3406 712 3462 inimicam
727 3411 870 3462 admodum
884 3410 1001 3463 tidenter
1014 3408 1108 3477 rejeci,
1132 3412 1245 3464 necdum
1260 3413 1327 3464 cedo
1351 3412 1503 3473 sententia:

141 3490 296 3544 evidentem
317 3488 534 3543 imbecillitatem
556 3488 722 3556 opinationis
743 3490 827 3559 hujus
850 3489 916 3542 alibi
938 3480 1141 3544 demonstrabo.

222 3564 245 3638 i)
268 3571 331 3623 Non
346 3571 416 3641 quod
432 3569 535 3638 triplex
551 3569 610 3636 ipse
625 3569 670 3632 sit,
686 3571 735 3622 sed
749 3570 815 3639 quia
827 3585 899 3623 unns
914 3577 944 3623 et
956 3569 1026 3623 idem
1045 3569 1171 3623 existens
1191 3569 1246 3624 tria
1260 3569 1394 3626 distincta
1411 3572 1504 3634 habet,

142 3668 214 3723 quae
229 3651 343 3721 singula
356 3666 421 3703 suos
436 3648 601 3718 multiplices
617 3665 683 3702 usus
698 3655 728 3703 et
742 3649 835 3703 munia
848 3651 955 3703 habent
969 3649 996 3703 in
1011 3650 1179 3704 astronomia
1192 3650 1355 3705 reformata¹

223 3728 255 3797 lu)
280 3733 309 3785 ld
325 3737 376 3793 est,
398 3730 523 3799 seposita
537 3728 756 3783 consideratione
771 3730 994 3784 eccentricitatis.
1038 3731 1180 3792 Quaedam
1194 3729 1265 3784 enim
1288 3738 1420 3800 praestat
1434 3730 1504 3786 orbis

143 3813 195 3866 iste
210 3812 388 3875 eccentrious,
404 3828 457 3865 non
473 3810 536 3880 ipsa
549 3826 601 3863 sua
614 3809 829 3873 eccentricitate,
846 3812 892 3863 sed
908 3810 958 3863 illa
971 3811 1032 3863 sola
1045 3827 1084 3871 re,
1101 3811 1171 3880 quod
1187 3810 1261 3865 circa
1269 3810 1363 3866 Solem
1377 3812 1504 3866 vertitur.

223 3889 244 3956 l)
270 3893 381 3945 Coelum
397 3898 467 3960 puta
480 3891 577 3944 Lunae
593 3888 659 3955 (non
673 3891 754 3943 Luna
767 3906 817 3959 per
832 3885 875 3958 se)
890 3898 920 3944 et
934 3891 1028 3943 Tellus
1043 3890 1150 3943 babent
1168 3892 1283 3944 eundem
1297 3897 1402 3946 motum
1417 3898 1506 3947 trane

144 3971 257 4026 lationis
281 3973 314 4024 de
339 3972 398 4024 loco
422 3970 553 4023 inlocum
576 3987 627 4039 per
650 3972 742 4024 orbem
766 3986 904 4042 magnum,
930 3987 998 4041 ergo
1022 3982 1081 4023 cum
1105 3987 1214 4040 semper
1228 3971 1315 4025 Terra
1336 3972 1398 4027 loco
1413 3974 1506 4027 eodem

145 4052 190 4115 sit,
214 4069 266 4121 quo
290 4052 350 4104 loco
372 4050 509 4103 invenitur
532 4056 562 4103 et
576 4052 683 4103 coelum
696 4052 802 4112 Lunae,
826 4050 931 4103 coelum
955 4049 1042 4120 igitur
1062 4051 1114 4103 hoc
1137 4050 1234 4105 Lunae
1258 4058 1288 4104 et
1305 4068 1359 4121 per
1378 4051 1406 4106 id
1430 4053 1509 4107 laun}

145 4132 209 4201 ipsa
231 4147 317 4185 causa
340 4129 447 4202 quidem
471 4130 540 4183 coeli
565 4129 606 4183 sui
637 4130 742 4183 nullam
762 4131 846 4184 talem
875 4148 912 4184 ex
932 4137 1008 4184 motu
1030 4130 1148 4184 Telluris
1172 4131 1369 4200 apparentiam
1391 4132 1508 4203 suscipit

146 4217 236 4266 motus
261 4212 318 4274 sui,
352 4210 461 4282 qualem
486 4227 521 4262 ex
546 4210 648 4263 Terrae
673 4210 856 4264 translatione
879 4211 927 4264 Sol
950 4211 1080 4280 suscipit,
1109 4211 1168 4279 ipse
1191 4228 1259 4265 rere
1282 4211 1438 4282 quiescens.
1479 4213 1507 4267 ld

147 4309 227 4346 secus
252 4298 335 4353 esset,
360 4290 384 4344 si
399 4291 485 4343 Terra
505 4283 642 4359 promota
657 4290 762 4343 coelum
783 4291 881 4344 Lunae
905 4291 1061 4360 quiesceret
1083 4298 1134 4344 aut
1156 4299 1314 4346 moreretur
1337 4295 1372 4346 da
1394 4286 1459 4347 lbco
1481 4292 1508 4347 iu

146 4373 235 4426 locum
257 4379 332 4425 motu
354 4370 409 4424 alio
424 4368 569 4431 distincto;
593 4376 659 4424 tunc
673 4370 743 4424 enim
766 4377 854 4424 motus
870 4369 955 4424 centri
971 4370 1089 4425 Telluris
1112 4387 1164 4440 per
1178 4371 1409 4444 imaginationem
1423 4373 1507 4428 etiam

147 4453 176 4505 in
199 4453 305 4505 coelum
326 4451 423 4504 Lunae
447 4449 694 4514 transcriberetur,
726 4459 756 4505 et
783 4451 822 4505 sio
845 4451 930 4504 etiam
953 4457 1041 4506 totum
1070 4451 1176 4505 coelum
1198 4452 1295 4506 Lunae
1324 4469 1375 4522 pro
1398 4452 1508 4508 ratione

149 4532 217 4585 situs
240 4532 281 4585 sui
304 4532 610 4601 posset'retrogradum
632 4531 717 4584 rideri
739 4550 793 4585 non
814 4531 901 4584 minus
924 4547 1004 4601 quam
1025 4532 1158 4600 planetae
1179 4533 1308 4603 quinque.

228 4607 268 4680 m)
290 4613 353 4666 Duo
367 4611 412 4663 hio
425 4610 589 4673 innuuntur,
615 4610 734 4664 alterum
749 4611 839 4666 Solem
854 4610 942 4681 ipsum
958 4612 1073 4673 attinet,
1097 4611 1216 4665 alterum
1235 4631 1272 4666 ex
1284 4612 1352 4666 Sola
1372 4613 1510 4667 redundat

149 4692 175 4746 in
196 4692 335 4761 planetas.
378 4691 554 4744 Ptolemaeus
569 4690 660 4744 Solem
680 4692 798 4745 collocat
821 4692 848 4744 in
872 4691 1032 4756 eccentrico,
1058 4691 1238 4745 eccentricum
1262 4692 1380 4746 includit
1399 4694 1508 4747 duobus

150 4771 354 4834 deterentibus;
380 4771 546 4841 Copernicus
568 4769 693 4841 epicyclo
717 4772 809 4842 affigit
831 4773 983 4841 planetam,
1012 4771 1165 4840 epinyclum
1189 4771 1371 4828 concentrico.
1415 4772 1510 4827 Ptole·

150 4868 244 4907 manus
259 4852 353 4928 igitur,
373 4858 407 4905 ιιι
424 4866 556 4923 apogaea
575 4857 745 4923 promoveat,
767 4850 956 4909 deferentibus
979 4851 1036 4907 suis
1059 4849 1190 4909 attribuit
1210 4858 1314 4909 motum
1336 4851 1510 4925 pomulinsss
