3262 5550
136 307 201 376 296
412 312 415 317 ’
553 306 655 357 Isterse
673 303 777 369 Kepleri
795 303 946 369 aliorumque
962 309 1067 356 mntnss

132 474 282 556 jacturam
306 476 406 531 tamen
427 486 494 529 cum
518 484 612 546 neque
638 465 719 529 aliud
744 475 925 547 suppeteret
947 473 1156 546 argumentum
1181 461 1400 544 significandae
1423 480 1492 542 grs-

135 560 273 625 titudinis
304 567 336 619 et
363 558 431 633 ipsa
459 556 668 618 beneficiorum
693 555 771 618 Rev.
797 557 879 618 Tuae
910 556 1054 618 memoria
1076 575 1124 617 me
1149 555 1348 624 admoneret,
1381 559 1416 614 nt
1437 551 1492 613 ali·

137 649 257 733 qnando
281 645 434 727 specimen
460 645 581 723 aliquod
595 646 717 707 ederem
736 664 838 706 eorum
853 646 1028 718 studiorum,
1046 646 1169 724 ejusque
1192 640 1338 716 muneris,
1363 640 1402 701 ad
1422 660 1493 721 quse

134 758 189 821 per
211 738 265 798 illa
283 736 348 815 jam
373 734 455 795 dicta
471 733 546 794 Rev.
565 733 646 795 Tuae
671 735 817 794 beneficia
839 743 994 813 promotus
1020 753 1095 807 sum,
1123 752 1181 794 non
1198 730 1269 794 duxi
1293 729 1386 791 aliter
1400 747 1491 809 agen·

136 830 206 890 dum
229 844 315 898 esse,
351 841 439 902 quaru
464 821 503 882 R.
529 821 565 881 T.
589 822 645 883 hoc
671 823 825 900 exemplar
848 823 905 882 mei
930 823 1134 902 Prognostici,
1165 821 1243 899 quod
1267 836 1307 879 ex
1331 817 1422 880 cilicii
1443 838 1490 879 ra·

135 916 217 980 tione
242 914 279 974 de
305 913 404 973 futuro
430 931 507 970 anno
524 910 735 989 publicandum
751 911 816 984 fuit,
842 911 941 991 exigui
970 910 1136 973 munusculi
1157 910 1222 971 loco
1244 907 1489 969 transmitterem.

132 1003 281 1084 Equidem
307 1018 439 1079 agnosco
463 1009 622 1078 paternam
646 999 685 1062 R.
711 1000 746 1060 T.
771 1001 974 1072 voluntatem,
1009 1018 1096 1079 quam
1126 999 1155 1060 in
1180 995 1404 1060 commodanda
1425 995 1489 1057 milri

132 1090 260 1174 pecunia
283 1086 460 1158 declaravit,
486 1107 539 1148 nec
564 1087 675 1150 oblitus
699 1097 762 1150 tam
785 1090 845 1150 cito
870 1109 949 1163 sum,
975 1095 1106 1167 quantae
1130 1085 1341 1149 commoditati
1366 1092 1487 1164 quanto-

135 1200 192 1262 que
217 1179 391 1257 adjumento
415 1175 486 1238 mihi
503 1175 593 1237 suerit
616 1177 670 1239 illa
683 1178 721 1238 D.
739 1177 775 1238 D.
791 1186 1022 1257 praeceptorum
1045 1176 1244 1257 promtitudo,
1272 1174 1304 1236 in
1328 1174 1488 1253 quibus,s

134 1268 210 1331 meis
234 1268 389 1338 desertus,
414 1284 529 1326 omnem
554 1282 639 1342 spem
662 1266 808 1345 reliquam
831 1285 1002 1345 posueram.
1049 1266 1254 1327 Vehementer
1282 1263 1378 1324 etiarn
1398 1262 1485 1336 doleo,

136 1377 195 1421 uon
220 1356 343 1417 licuisse
367 1353 439 1415 mihi
462 1354 567 1415 statim
590 1354 692 1434 aliqua
716 1374 753 1415 ex
777 1364 863 1434 parte
888 1354 1071 1433 respondere
1094 1354 1137 1416 illi
1158 1351 1321 1426 voluntati,
1346 1351 1418 1412 dum
1440 1370 1486 1412 ne-

135 1465 192 1528 que
218 1445 324 1507 literas
348 1443 567 1505 eucharisticae
591 1444 722 1505 scribere
754 1445 836 1522 potui
860 1451 983 1523 propter
1006 1461 1104 1504 meam
1128 1442 1367 1522 aegritudinem,
1401 1458 1487 1519 neque

136 1533 293 1614 imperiale
318 1532 467 1593 numisma
497 1531 626 1605 mittere,
655 1541 818 1611 propterea
841 1534 919 1611 quod
943 1532 991 1593 hic
1015 1531 1196 1594 Austriacos
1218 1530 1357 1592 thaleros
1386 1546 1486 1608 magns

134 1643 203 1686 cum
226 1621 439 1684 aestimatione
464 1639 649 1699 acceperam.
698 1618 844 1691 Quamvis
860 1621 1054 1682 consobrinus
1070 1640 1171 1693 meus,
1195 1619 1245 1700 qui
1260 1637 1309 1679 ms
1333 1617 1486 1680 comitatus

134 1720 195 1785 est,
221 1717 253 1774 et
270 1710 387 1789 gratias
412 1729 477 1769 meo
502 1710 619 1770 nomine
645 1729 745 1770 coram
770 1729 860 1788 agere
876 1710 1027 1789 potuisset
1047 1718 1078 1770 et
1092 1710 1227 1771 thaleros
1243 1707 1369 1770 minimo
1394 1706 1485 1768 valore

135 1800 316 1862 aestimatos
339 1798 480 1869 reddere,
514 1798 556 1869 si,
590 1799 667 1877 quod
693 1818 749 1877 ego
774 1799 966 1860 vehementer
997 1799 1035 1858 ab
1069 1799 1134 1877 ipso
1167 1797 1326 1867 contendi,
1358 1796 1484 1875 quodque

134 1888 206 1950 mihi
241 1888 389 1964 stipulata
417 1906 506 1946 mauu
539 1886 696 1966 promisit,
730 1888 873 1966 perficere
902 1887 960 1967 ipsi
989 1886 1136 1950 libuisset.
1184 1884 1287 1957 Quare
1311 1884 1352 1946 R.
1379 1884 1414 1945 T.
1447 1902 1483 1945 me

134 1983 311 2039 excusatum
343 1975 468 2037 habebit
499 1984 531 2035 et
558 1976 614 2036 hoo
639 1984 727 2035 tenue
762 1977 968 2038 munusculum
992 1974 1020 2037 iu
1049 1974 1223 2053 praesentia
1250 1973 1322 2037 boni
1346 1974 1481 2036 consulet.

132 2067 256 2130 Utinam
280 2072 380 2126 sutem
403 2084 457 2144 per
481 2064 609 2142 aliquem
632 2083 764 2126 meorum
789 2065 978 2126 familiarium
1002 2064 1114 2125 certior
1136 2062 1197 2125 lieri
1220 2080 1363 2144 possem,
1406 2063 1481 2141 quid·

135 2174 204 2217 nam
227 2155 257 2216 iu
281 2154 334 2215 illo
358 2152 557 2230 Prognostico
583 2152 621 2214 R.
647 2153 680 2215 T.
707 2153 858 2230 improbet
882 2154 1010 2234 quidque
1035 2152 1106 2214 mihi
1135 2153 1163 2214 iu
1189 2151 1387 2231 sequentibus
1410 2151 1482 2213 anuis

106 2233 109 2239 ¹
135 2244 214 2318 (Deo
237 2261 285 2303 me
309 2243 523 2312 conservante)
548 2241 713 2302 cavendum
738 2241 865 2321 amplius
889 2243 937 2305 sit.
986 2241 1049 2304 Sed
1072 2241 1111 2303 R.
1128 2241 1162 2302 T.
1189 2240 1317 2304 arbitrio
1339 2242 1479 2320 permitto

135 2332 181 2394 cui
205 2350 273 2401 mea
297 2330 414 2402 studia,
448 2349 502 2391 uos
535 2338 636 2391 autem
666 2350 769 2392 omues
803 2338 836 2392 et
857 2340 1047 2411 utrorumque
1078 2330 1271 2392 calamitates
1295 2330 1480 2408 gravissimas

83 2445 91 2452 ·
133 2420 199 2482 Deo
223 2417 502 2480 misericordissimo
527 2418 701 2480 ardentibus
725 2419 864 2499 precibus
889 2421 1073 2482 commendo.

223 2505 347 2569 Graecii
364 2504 413 2571 19.
431 2503 517 2580 (29.)
534 2505 603 2569 Oct.
630 2503 720 2571 1594.

972 2594 1174 2657 Reverentiae
1197 2593 1281 2655 ‘Tuae

898 2683 1184 2747 observantissimus
1207 2682 1375 2763 discipulus

998 2773 1043 2835 rs.
1067 2773 1120 2836 so.
1144 2770 1274 2854 mpla.

204 2929 391 2982 solicitudinem
409 2928 511 2992 Kepleri
530 2930 561 2979 ob
579 2928 712 2993 pecuniam
725 2929 857 2995 Tubingae
876 2931 909 2981 sd
927 2933 975 2981 iter
993 2945 1063 2981 snum
1081 2933 1108 2981 in
1121 2929 1229 2994 Styrism
1247 2930 1425 2995 perficienda
1438 2945 1478 2980 nn·

132 3009 176 3054 tuo
194 3009 301 3053 sumtam
319 3001 466 3050 Maestliuus
484 3000 522 3049 his
541 3000 653 3050 dirimere
672 3001 770 3052 studet:
795 3001 834 3051 De
853 3001 885 3050 D.
906 3017 991 3052 socero
1018 3017 1074 3052 meo
1093 3016 1157 3067 qnae
1176 3003 1251 3052 anxie
1269 3002 1380 3054 scribere
1397 3001 1478 3057 videri·

132 3075 185 3138 ipse
202 3088 242 3123 me
260 3072 406 3136 respondere
422 3073 501 3133 Jubet
521 3078 549 3120 ut
567 3074 650 3121 animo
669 3072 765 3136 quietus
784 3073 830 3129 sier
850 3080 877 3123 te
896 3075 961 3123 enim
980 3075 1006 3123 in
1024 3074 1098 3138 culpa
1116 3089 1166 3123 non
1179 3087 1234 3123 esse
1256 3075 1357 3131 ιιιιιιιι.
1377 3073 1421 3123 sed
1436 3086 1478 3122 ens

134 3146 227 3208 ipsum,
254 3145 296 3208 qui
313 3144 445 3206 pecuniam
463 3149 505 3192 tuo
523 3144 623 3193 nomine
641 3145 771 3193 restituere
790 3143 905 3194 debebat.
943 3144 1057 3194 Pecunia
1081 3145 1146 3194 enim
1171 3151 1231 3194 ste
1256 3145 1337 3207 probs
1354 3146 1430 3195 misss
1443 3148 1477 3194 ιιι

134 3221 163 3265 at
180 3216 263 3265 neseio
282 3215 335 3278 quis
353 3213 403 3267 ille.
423 3214 448 3262 in
467 3216 536 3275 cnjus
554 3228 642 3263 manus
661 3214 770 3272 devenit,
790 3216 831 3279 qui
851 3215 996 3277 ,paulines‘
1017 3217 1068 3265 sire
1083 3214 1265 3278 Mnnomkepff
1279 3215 1394 3279 aliasque
1410 3228 1478 3265 mone

133 3292 173 3335 tas
193 3283 282 3347 (mam
300 3285 376 3333 etism
395 3285 529 3346 improbam
547 3282 658 3348 penitus)
677 3286 751 3334 misit.
790 3285 882 3335 Verum
901 3288 965 3350 quod
985 3287 1018 3338 ad
1036 3293 1061 3336 te
1080 3287 1179 3356 attinet,
1197 3292 1224 3337 te
1241 3287 1404 3337 maerentem
1420 3298 1480 3351 για·

134 3357 203 3406 dicat
220 3356 311 3420 tibique
330 3370 380 3403 uon
399 3361 544 3416 succenset,
575 3355 639 3405 adeo
658 3363 687 3404 ut
704 3371 752 3406 nec
769 3357 866 3420 prolixa
884 3359 1044 3407 excusatione
1063 3357 1096 3407 sd
1114 3359 1207 3421 ipsum,
1233 3371 1281 3407 nec
1300 3372 1360 3408 mes
1378 3360 1479 3408 interest·

135 3428 204 3479 sione
223 3441 284 3490 opus
302 3426 383 3477 luerit.
789 3445 794 3453 ¹

204 3515 339 3579 Kspierum
364 3516 441 3578 primo
469 3521 579 3579 tempore
607 3530 654 3579 qno
674 3516 780 3566 Grastiis
800 3515 923 3582 degebat,
949 3517 1012 3566 iorte
1035 3518 1089 3580 iam
1113 3516 1243 3582 Tubingse
1262 3516 1420 3584 astrologicis
1436 3516 1480 3567 lusi·

134 3588 179 3638 bns
206 3593 303 3651 tempus
321 3586 417 3636 trivisse
444 3599 474 3636 ex
499 3587 536 3636 bis
562 3588 634 3636 amici
659 3586 748 3636 Christ.
771 3586 951 3651 Ortbolphi,
977 3593 1030 3636 tum
1053 3589 1169 3651 temporis
1194 3589 1365 3652 praeceptoris
1391 3590 1416 3639 in
1442 3601 1480 3638 me

119 3648 241 3710 'nasterlo
260 3657 423 3715 Hirssriensi,
442 3657 519 3707 literis
535 3660 627 3721 jocosis
646 3665 733 3722 patet:

206 3791 213 3805 .
234 3791 240 3805 .
262 3755 327 3806 .De
345 3755 407 3805 bora
425 3756 567 3805 natiuitatis
584 3770 658 3806 meae
677 3772 726 3805 non
746 3755 983 3819 est,1quodmultis
1002 3757 1140 3821 ambigamr
1163 3755 1222 3806 mihi
1240 3756 1345 3820 perinde
1365 3765 1413 3808 est.
1446 3757 1483 3807 ls-

122 3832 221 3892 'speeto
239 3826 375 3876 Dominum
394 3827 452 3876 dnm
469 3828 554 3877 veniat
574 3833 658 3878 etms
677 3834 828 3891 promoveat,
848 3833 982 3884 removeat,
1002 3828 1035 3876 ad
1053 3843 1080 3876 ss
1099 3834 1196 3876 avocet.
1215 3861 1223 3877 .
1243 3863 1251 3876 .
1270 3862 1278 3876 .
1307 3826 1376 3890 Quid
1393 3828 1485 3880 senode

135 3900 294 3958 terentium,
314 3913 387 3962 quem
407 3911 436 3946 eo
455 3900 604 3948 temeritatis
623 3900 772 3962 processisse
791 3900 874 3956 rideo,
894 3904 922 3948 nt
940 3913 970 3948 es
989 3900 1061 3948 nstris
1078 3898 1191 3960 judicare
1209 3899 1314 3957 uitetur,
1332 3901 1394 3963 qnid
1411 3902 1485 3951 doem-

135 3983 176 4018 rns
194 3970 240 4017 sim
254 3959 284 4017 'iu
303 3969 410 4019 ecclesia
428 3975 454 4017 et
471 3971 497 4018 in
515 3983 562 4033 qno
582 3969 685 4018 articulo
699 3977 854 4032 peccaturus.
894 3968 965 4028 Quae
984 3968 1106 4020 hactenns
1126 3969 1186 4018 mihi
1198 3969 1369 4033 praedixeras.
1387 3973 1487 4037 sempe

134 4041 193 4090 bam
217 4045 338 4104 tanquam
362 4041 471 4093 monita.
497 4048 526 4088 ut
550 4040 594 4089 illa
612 4054 733 4091 caverem.
772 4040 941 4089 Dicacitatem
960 4041 1117 4102 praedixeras
1140 4048 1167 4091 et
1189 4041 1275 4105 jugulo
1299 4044 1438 4106 pericnlum
1464 4056 1488 4093 er

137 4111 242 4161 licentia
259 4111 369 4175 liuguae.
407 4109 501 4158 illalum
527 4117 556 4158 ut
574 4125 687 4160 caverem
714 4117 740 4160 et
758 4112 876 4160 vanitatis
895 4111 1044 4176 asmclcgum
1070 4119 1099 4162 nt
1117 4113 1305 4168 conducerem.
1333 4114 1369 4163 sd
1386 4116 1489 4166 sudoren

44 4216 47 4221 .
135 4197 213 4246 nsque
231 4184 300 4231 tacui
318 4181 469 4244 saepissime.
507 4179 640 4239 Merulam,
671 4197 785 4232 carerem
811 4181 932 4232 veneficis
958 4189 983 4231 et
1001 4183 1131 4233 illecebras
1157 4184 1297 4247 puellaress
1325 4186 1359 4236 sb
1377 4185 1417 4237 iris
1434 4186 1490 4238 esim

135 4268 175 4303 me
196 4253 312 4301 damnum
332 4258 498 4314 acceptumm.
537 4252 651 4303 Abstinui
675 4254 708 4303 ad
727 4255 832 4303 esuriem
857 4253 890 4302 ab
908 4255 974 4302 omni
993 4253 1133 4310 esculento.
1160 4255 1225 4318 quod
1249 4255 1312 4305 mihi
1339 4270 1358 4306 ι
1382 4264 1491 4323 suspects

135 4337 241 4388 persona
259 4328 433 4386 praeparatnrn
452 4323 590 4372 videbatur.
627 4325 685 4373 Jam
704 4325 774 4381 dicis,
801 4339 840 4373 me
860 4326 936 4373 edam
956 4327 981 4373 iu
1001 4325 1112 4373 articulis
1130 4332 1305 4388 peccstnmmr
1334 4328 1445 4386 seilicet,
1468 4334 1492 4377 nt

137 4396 278 4445 libertatem
298 4393 457 4443 christianam
476 4395 578 4457 prodam
599 4401 625 4443 et
642 4395 749 4444 salutem
768 4395 890 4445 ecclesiae
909 4410 981 4446 meae
999 4396 1163 4446 incolumitati
1186 4405 1343 4460 postponam.
1382 4399 1434 4451 (bns
1449 4413 1491 4449 non

137 4472 164 4516 et
190 4465 215 4514 id
233 4464 352 4522 mandas,
380 4471 409 4512 ut
427 4479 522 4514 cessem
548 4465 651 4528 posthac
679 4467 724 4515 tibi
743 4481 849 4515 errorem
878 4465 1046 4529 opprobrare?
1074 4473 1103 4516 ut
1122 4468 1203 4518 dicans
1229 4474 1255 4517 te
1273 4483 1325 4519 nen
1348 4471 1430 4534 primo
1446 4485 1492 4520 ms·

136 4544 220 4586 mento
240 4536 364 4585 delibatae
384 4536 540 4584 astrolstrias
559 4536 695 4599 perfectum
714 4538 790 4587 fuisse
811 4543 836 4587 et
854 4537 888 4586 ad
905 4542 1057 4587 momentum
1077 4537 1140 4588 Solis
1159 4540 1189 4588 de
1208 4553 1282 4589 mnne
1302 4541 1449 4598 occidentis,
1466 4541 1494 4591 ds

135 4612 210 4656 noete
229 4607 338 4661 orientis,
357 4607 490 4669 perniciem
508 4621 590 4656 meam
608 4608 668 4657 mihi
686 4608 818 4674 designare
830 4609 948 4671 potuisse,
967 4609 1011 4658 sed
1029 4610 1069 4658 vix
1082 4610 1139 4660 dunr
1152 4612 1251 4661 Graecii
1263 4611 1405 4675 proficere!
1428 4611 1495 4674 Quot

137 4676 158 4726 si
175 4676 267 4732 secero,
287 4683 313 4726 et
329 4676 457 4726 honestius
477 4677 507 4725 de
527 4681 691 4729 necromantia
708 4694 817 4737 sensero,
837 4694 913 4745 quam
931 4680 962 4730 de
976 4686 1129 4745 quaestuosa
1140 4681 1336 4747 Zygeinerorum
1347 4684 1494 4747 judiciaria:

138 4748 196 4797 dnm
214 4747 303 4795 multos
320 4748 461 4798 numerabis
480 4762 566 4806 annos,
584 4749 719 4815 longaevus
739 4752 800 4801 eris:
820 4767 870 4800 uon
890 4751 961 4801 detur
978 4766 1017 4800 me
1036 4750 1215 4809 sideramus
1232 4758 1347 4818 ungere.

211 4816 284 4880 Quod
301 4819 399 4884 quaeris
417 4818 448 4869 de
468 4821 539 4869 annis
557 4820 605 4869 illis
626 4818 703 4879 1590,
725 4819 789 4871 1591
813 4821 868 4878 dcc..
887 4823 972 4873 nescio
991 4822 1049 4888 qnid
1071 4822 1141 4885 selis,
1159 4837 1208 4874 nae
1227 4826 1358 4888 succurrit,
1378 4826 1439 4892 qnid
1454 4840 1495 4895 pe·
