3278 5542
499 320 504 333 '
615 331 771 415 numanae
789 331 940 382 arcemus.
1005 339 1011 359 ·
1388 329 1453 397 429

102 499 248 574 quatenus
270 492 397 572 antiqua
419 491 564 571 dogmata
586 489 675 569 paulo
700 489 888 569 generaliora
911 490 999 553 facio.
1046 491 1126 554 Nam
1153 489 1250 569 primo
1274 490 1352 571 quod
1375 472 1453 554 Te'r-

102 600 164 645 ram
189 581 316 657 attinet,
340 599 409 643 esse
433 580 528 642 totius
552 579 633 659 ejus,
660 586 808 659 quatenus
830 587 910 655 tota,
936 580 1061 642 formam
1084 580 1275 654 nobiliorem,
1305 598 1393 659 qnam
1418 599 1455 642 ea

102 678 162 747 est,
193 672 324 751 quaein
349 668 484 749 qualibet
506 668 597 749 gleba
622 668 810 747 agnoscitur,
839 687 925 730 nemo
948 669 1081 748 negabit.
1129 669 1206 730 Eam
1229 687 1301 729 vero
1326 669 1454 732 formam

102 778 135 823 rx
165 759 340 822 animalium
370 759 546 821 facultatum
575 775 685 837 genere
718 776 801 829 esse,
839 776 931 836 opera
963 758 1057 836 ipsius
1092 764 1237 838 arguunt,
1279 776 1355 837 qnae
1384 767 1455 820 sunt

102 849 255 928 generatio
279 836 485 921 metallorum,
514 847 703 908 conservatio
727 846 835 908 caloris
860 846 1038 920 Terrestris,
1058 847 1222 937 „exsudatio
1247 865 1391 926 vaporum
1415 847 1453 908 ad

102 937 265 1012 Invictum,
289 935 469 1018 pluviarum,
493 944 721 1015 ceterorumque
744 943 943 997 meteororum
952 935 1242 1015 progeneratiouem.
1290 933 1376 1006 Quae
1401 955 1451 997 ar·

102 1035 213 1105 guuut,
247 1028 373 1089 formam
404 1025 470 1104 ojus
498 1044 565 1087 esse
596 1044 655 1086 uon
679 1024 788 1087 saltem
812 1025 1081 1098 conservatricem,
1115 1024 1212 1105 qualis
1239 1024 1269 1085 in
1295 1025 1453 1105 lapidibus,

102 1113 152 1177 red
175 1117 296 1180 omuino
319 1114 548 1194 vegetanicem.

651 1201 787 1263 Thesis
809 1201 908 1263 XLII.

187 1283 295 1365 Neque
319 1293 420 1351 tamen
444 1291 512 1352 ideo
536 1309 660 1354 necesse
684 1298 733 1352 est
755 1309 891 1352 crescere
906 1290 1028 1352 Terram
1053 1297 1105 1353 aut
1124 1290 1190 1352 loco
1213 1287 1336 1351 moveri.
1375 1289 1454 1351 Nam

102 1390 196 1454 seque
219 1374 352 1439 humana
374 1386 423 1440 est
447 1380 511 1459 ejus
535 1379 651 1452 anima,
685 1398 780 1460 neque
805 1379 944 1440 animalis
967 1379 1103 1458 proprie,
1135 1397 1230 1458 neque
1259 1377 1357 1457 qualis
1380 1379 1453 1440 stir-

102 1461 190 1540 pium,
215 1464 269 1525 sed
293 1467 455 1546 peculiaris
479 1468 605 1549 speciei,
632 1487 707 1548 quae
732 1467 933 1530 definitionem
956 1469 994 1528 ab
1019 1487 1108 1548 opere
1132 1486 1186 1528 suo
1211 1467 1351 1541 sortitur,
1376 1467 1456 1529 sicut

102 1550 178 1613 stiae
203 1570 320 1634 quoque
348 1557 466 1636 species
491 1557 663 1619 animalium
692 1557 881 1619 facultatum.
927 1556 971 1618 Et
998 1575 1074 1636 quae
1103 1556 1181 1618 ratio
1205 1565 1325 1617 veteres
1354 1557 1456 1635 codgit

102 1639 223 1702 ertiam
247 1643 364 1708 animae
388 1646 519 1725 speciem
543 1646 572 1708 in
587 1646 701 1726 plantis
724 1647 883 1722 collocare,
908 1646 1015 1707 eadem
1033 1663 1089 1707 nos
1108 1644 1199 1724 cogit,
1223 1652 1362 1725 quartam
1377 1645 1455 1707 banc

102 1727 249 1792 collocare
272 1732 302 1794 Iu
326 1733 429 1797 Terra.

645 1823 777 1884 Thesis
800 1823 914 1902 XLIII.

190 1904 254 1970 Sed
277 1927 332 1971 uec
356 1909 429 1972 illud
449 1911 625 1986 absurdum,
651 1912 798 1974 animales
822 1913 996 1984 facultates,
1022 1928 1097 1989 quae
1122 1909 1258 1973 discursu
1281 1929 1339 1972 non
1362 1917 1455 1973 ulnu-

102 2003 156 2069 mr,
182 1995 390 2077 intelligentes
413 2018 481 2060 esse
504 2000 697 2080 geometriae,
722 2020 816 2080 eaque
840 2000 1046 2080 cenquodam
1070 1998 1188 2079 objecto
1212 2000 1336 2062 moveri.
1375 1998 1453 2061 Sunt

102 2085 241 2164 exempla
263 2087 405 2149 confessa
428 2089 457 2150 iu
481 2097 611 2169 promtu.
658 2090 726 2152 Non
750 2089 947 2152 ratiocinatur
970 2087 1086 2149 arboris
1110 2087 1240 2149 facultas
1253 2088 1400 2167 plastica,
1425 2096 1456 2151 ct

102 2188 204 2235 meu
226 2171 382 2238 Creatoris
408 2177 496 2256 jussa
527 2187 560 2240 ut
591 2179 751 2259 plurimum
783 2179 956 2259 exsequitur
983 2174 1225 2238 inordinatione
1254 2177 1392 2239 foliorum
1416 2177 1455 2238 ad
1552 2200 1562 2211 ·

102 2261 345 2326 tommoditatem
379 2266 493 2328 fructus
526 2268 623 2348 adque
657 2277 773 2329 certum
815 2268 912 2330 finem.
967 2264 1046 2336 Quin
1078 2265 1171 2327 etiam
1204 2265 1456 2345 pulchritudinem

102 2369 179 2426 eam,
206 2370 283 2432 quae
307 2372 345 2414 ex
366 2355 497 2417 numeris
521 2363 579 2430 est,
604 2358 704 2419 omnia
727 2357 843 2418 semina
865 2355 1006 2419 retinent.
1054 2351 1199 2424 Quinario
1220 2354 1350 2435 plurima
1363 2356 1455 2433 plau-

102 2446 201 2502 tarum
224 2458 336 2520 genera
359 2450 495 2519 utuntur;
520 2463 578 2507 nou
602 2447 786 2509 necessitate
808 2445 953 2507 materiae
978 2462 1016 2504 ex
1039 2443 1146 2505 arbore
1175 2443 1205 2504 iu
1228 2462 1348 2523 pomum
1373 2442 1455 2504 deri-

102 2536 189 2603 vata,
223 2529 254 2590 in
278 2549 336 2610 qua
360 2531 548 2595 derivatione
572 2534 647 2596 baec
671 2535 797 2615 quinarii
822 2534 961 2595 custodia
983 2531 1178 2612 impossibilis
1202 2539 1265 2606 est;
1294 2533 1349 2593 sed
1371 2551 1455 2594 com·

102 2617 305 2680 manicatioue
330 2621 485 2683 facultatis
509 2623 675 2702 plasticae,
705 2643 780 2704 quac
804 2624 898 2685 habet
922 2621 1049 2702 quinarii
1078 2621 1269 2699 congenitam
1288 2621 1456 2700 pulchritu-

102 2707 213 2769 dinem.
271 2706 332 2769 Sed
365 2710 524 2789 ignobilior
555 2712 633 2774 haec
655 2713 763 2774 ‘adbuc
787 2713 866 2774 ratio
899 2719 960 2784 est,
999 2711 1153 2789 miuusqne
1187 2710 1346 2783 mirabilis,
1387 2711 1458 2790 quia

102 2796 236 2859 facultas
264 2796 345 2858 intra
367 2818 401 2860 se
423 2800 519 2879 ipsam
543 2810 645 2863 manet
668 2802 888 2881 etquiuarium
921 2818 1006 2879 quem
1035 2799 1128 2860 habet
1154 2806 1313 2878 propagat.
1368 2799 1457 2860 Dabo

102 2886 274 2965 exemplum
307 2888 572 2952 accommodatius.
618 2891 686 2953 Non
718 2890 915 2952 ratiocinatur
938 2887 1083 2961 rusticus,
1119 2906 1207 2967 qnam
1235 2888 1457 2967 proportionem

102 2974 317 3055 geometricam
346 2976 481 3040 obtineat
510 2998 570 3041 vox
594 2981 634 3042 ad
658 2998 794 3043 vocem·
818 2980 861 3041 Et
888 2986 989 3039 tamen
1012 2977 1065 3038 illa
1089 2976 1190 3038 fidium
1219 2976 1373 3038 harmonia
1401 2995 1457 3038 ex-

102 3071 213 3127 tranea
235 3083 290 3144 per
312 3084 401 3128 aures
425 3067 530 3131 rustici
552 3069 583 3130 iu
598 3077 729 3131 mentem
748 3068 881 3130 illabitur
895 3066 1103 3145 hominemque
1118 3065 1282 3140 exhilarat3
1306 3084 1364 3127 nou
1384 3084 1457 3126 saue

102 3152 255 3217 mistionis
280 3172 384 3217 vocum
408 3156 623 3230 moderatione,
647 3176 705 3220 non
730 3158 790 3220 leui
814 3157 928 3219 aurium
953 3155 1136 3217 demulsione
1161 3156 1268 3234 (saepe
1288 3154 1366 3216 euim
1389 3154 1457 3217 vio·

102 3241 177 3305 lenti
203 3242 269 3304 soni
293 3263 381 3306 aures
405 3245 530 3308 laedunt
552 3255 585 3308 et
607 3247 797 3310 nihilomiuus
821 3246 1020 3309 consonantia
1042 3245 1196 3306 delectant
1220 3246 1289 3317 sua)
1314 3263 1371 3306 non
1396 3245 1459 3305 ulla

102 3329 165 3394 alia
184 3330 227 3392 'de
250 3351 359 3407 causa,
393 3353 469 3414 quae
498 3336 651 3417 bucusque
679 3335 805 3400 inveniri
827 3336 976 3416 potuerit:
1011 3335 1066 3396 sed
1098 3335 1175 3396 hauc
1204 3353 1293 3395 unam
1322 3334 1360 3396 ob
1383 3352 1456 3408 rum,

102 3420 188 3502 quia,
218 3427 253 3483 ut
280 3421 310 3484 iu
333 3423 524 3487 Harmonicis
546 3425 695 3505 probabo,
726 3427 850 3488 formam
874 3423 1079 3487 consonantiis
1102 3422 1244 3485 conciliat
1267 3423 1459 3502 geometrica

102 3508 204 3590 aliqua
235 3510 312 3572 ratio
340 3511 398 3573 toti
429 3514 538 3575 mundo
566 3515 680 3595 reliquo
706 3515 881 3587 familiaris,
915 3512 1045 3574 maxime
1075 3512 1197 3583 animis,
1227 3530 1300 3592 qnos
1336 3512 1457 3590 qnidam

102 3607 236 3661 reserum
268 3599 440 3663 harmonias
474 3602 584 3664 nuere.
637 3604 694 3666 His
727 3624 798 3684 ergo
829 3602 975 3681 exemplis
1013 3620 1067 3662 ceu
1103 3600 1245 3679 gradibus
1278 3599 1458 3679 quibusdam

102 3686 200 3750 evecti
225 3688 387 3751 audeamus
420 3692 513 3754 etiam
541 3693 578 3754 ad
607 3693 663 3754 hoc
694 3694 810 3755 culmen
840 3691 1017 3764 ascendere,
1051 3697 1085 3750 ut
1118 3689 1275 3750 credamus
1303 3688 1402 3750 inesse
1426 3689 1456 3749 in

102 3775 196 3839 ferra
217 3777 278 3840 viru
302 3778 462 3841 animalem
486 3783 716 3861 vegetatricem,
746 3783 775 3845 in
806 3781 834 3842 vi
864 3780 985 3842 animali
1014 3797 1136 3840 sensum
1155 3777 1302 3858 quendam
1331 3795 1456 3857 geome-

102 3864 191 3940 triae,
217 3865 304 3946 idque
328 3869 508 3942 formaliter,
533 3878 565 3931 et
587 3872 625 3933 ob
648 3872 680 3932 id
702 3872 817 3952 ipsum,
849 3871 918 3950 quia
938 3869 987 3930 vis
1010 3869 1064 3930 illa
1088 3887 1125 3929 ex
1149 3885 1258 3946 genere
1282 3865 1456 3928 animalium

102 3953 281 4017 bonitatum
305 3965 368 4019 est:
389 3977 465 4038 quae
490 3960 626 4040 quamvis
650 3961 732 4040 operi
756 3980 810 4022 suo
834 3976 953 4038 semper
975 3956 1129 4033 incumbit,
1159 3956 1256 4036 magis
1279 3963 1380 4018 tamen
1400 3975 1455 4017 ex-

102 4042 288 4118 stimulatur,
316 4047 434 4127 qnaudo
460 4048 515 4111 hoc
538 4057 712 4130 aspectuum
737 4050 832 4112 veluti
855 4049 964 4128 pabulo
989 4048 1088 4127 aliquo
1112 4046 1251 4108 relicitur.
1297 4044 1455 4131 Quemad-

102 4133 218 4195 modum
237 4135 333 4214 ¹igitur
355 4137 435 4198 auris
458 4156 513 4216 per
536 4147 712 4200 concentum
736 4139 906 4218 instigatur,
933 4144 966 4197 ut
989 4136 1148 4215 diligenter
1173 4136 1339 4210 auscultet,
1364 4144 1455 4215 atque

102 4224 143 4285 'ta
164 4230 253 4284 tauto
277 4225 374 4305 magis
397 4227 502 4289 audiat
527 4227 728 4308 (voluptatem
752 4246 912 4308 quaerens,
939 4245 1015 4306 quae
1039 4225 1186 4287 sensiouis
1210 4225 1356 4305 perfectio
1380 4227 1455 4298 est),

102 4309 141 4373 ric
165 4311 262 4373 Terra
289 4330 344 4392 per
373 4316 578 4395 vegetantium
607 4316 922 4398 radiorumy(diximus
951 4315 1028 4376 euim
1059 4316 1209 4376 calfacere
1237 4314 1305 4377 illos
1338 4321 1371 4376 et
1397 4313 1455 4374 bn-

102 4403 249 4475 mactare)
273 4404 489 4480 geometricum
512 4425 689 4468 concursum
714 4406 938 4479 exstimulatur,
964 4412 997 4465 ut
1016 4404 1176 4484 diligenter
1200 4423 1253 4465 seu
1276 4410 1363 4465 tanto
1387 4422 1454 4463 ma-

102 4488 142 4571 gis
165 4491 369 4570 vegetationis
392 4496 477 4573 operi
498 4494 624 4557 insistat
647 4514 844 4576 magnamque
868 4513 1014 4574 vaporum
1037 4494 1155 4573 copiam
1178 4493 1317 4555 exsudet.

642 4585 773 4647 Thesis
795 4584 911 4646 XLIV.

182 4666 255 4730 Etsi
287 4687 358 4732 vero
387 4671 443 4732 has
472 4674 662 4753 operationes
695 4682 871 4754 aspectuum
894 4671 1026 4735 uouuibil
1050 4672 1171 4734 variant
1193 4671 1326 4749 ipsorum
1348 4667 1457 4747 planc-

102 4775 193 4820 arum
224 4757 363 4821 diversae
395 4767 521 4825 naturae
552 4782 644 4844 supra
666 4764 851 4845 explicatam
885 4772 919 4825 ut
942 4761 1031 4823 aliter
1053 4769 1192 4824 movetur
1219 4761 1313 4821 Terra
1336 4778 1356 4820 a
1378 4775 1455 4838 geo-

102 4847 221 4913 netrica
242 4847 387 4912 mixtione
410 4847 536 4936 Saturni
559 4860 592 4916 et
615 4854 727 4917 Martis
751 4851 987 4923 contrariorum,
1012 4851 1102 4914 aliter
1123 4848 1247 4913 aJovis
1270 4856 1302 4911 et
1324 4846 1455 4911 Veneris
