3278 5542
660 350 772 413 Mysterii
792 350 991 416 Cosmographlci

360 511 525 573 Atlantides
551 530 646 572 rerum
673 531 759 572 curas
783 513 899 592 agitare
925 512 1069 575 suarum?

360 601 497 680 Respicis
522 602 714 675 immeritum,
740 603 823 662 vehis
848 603 877 662 in
902 601 1044 672 sublime,
1069 600 1200 663 Deorum

359 690 487 750 Tantum
512 710 568 750 nou
594 710 687 768 genus
712 701 771 761 est,
799 701 900 751 tantos
926 690 1044 770 largiris
1069 691 1210 763 honores,
1289 732 1291 737 .

294 794 298 799 ’
358 779 608 858 Magnificuruque
635 788 726 858 caput
749 779 843 857 cingis
869 781 1054 854 diademate,
1081 778 1196 858 Regem

359 866 584 947 Constituisque
610 886 698 946 super
721 888 861 930 manuum
886 877 1077 929 monumenta
1099 876 1228 930 tuorum.

360 954 448 1026 Quod
473 976 563 1036 supra
586 966 677 1035 caput
702 965 763 1031 est,
789 976 913 1033 mannos
937 977 1001 1018 cum
1026 957 1154 1018 motibus
1179 958 1282 1034 orbes,

359 1043 489 1123 Subjicis
514 1047 652 1124 ingenio:
679 1046 816 1126 quiequid
841 1048 959 1108 Tellure
984 1054 1116 1118 creatur,

357 1135 470 1195 Natum
495 1135 593 1213 operis
617 1153 707 1212 pecus
733 1145 822 1216 atque
848 1136 908 1196 aris
934 1136 1116 1197 fumantibus
1141 1144 1259 1213 aptum,

359 1222 503 1303 Quaeque
526 1224 666 1285 habitant
690 1225 783 1293 silvas
807 1224 987 1303 reliquarum
1011 1226 1115 1285 saecla
1139 1224 1286 1299 ferarum,

359 1309 504 1391 Quodque
528 1331 637 1391 genus,
664 1316 813 1386 volueres,
842 1314 955 1374 levibus
982 1314 1061 1395 ierit⁶
1076 1320 1149 1374 adra
1172 1314 1294 1392 pcunis,

359 1398 475 1479 Quique
500 1402 591 1461 maris
616 1412 732 1463 tractus
757 1412 881 1463 tranant
905 1410 936 1463 ct
960 1403 1094 1473 flumina,
1119 1402 1232 1480 pisces,
1300 1442 1305 1456 .

360 1487 456 1550 Omne
476 1491 565 1569 jubes
583 1492 723 1568 'premere
748 1492 872 1569 imperio
897 1493 1062 1570 dextraque
1086 1490 1214 1569 potenti.

402 1648 481 1709 lova
504 1657 588 1710 sator
612 1650 730 1723 Mundi,
756 1660 949 1729 nostrumque
973 1660 1100 1711 aeterna
1121 1657 1261 1728 potestas

359 1735 481 1807 Quanta
504 1747 556 1799 tua
581 1747 628 1831 est
651 1759 768 1802 bunum
793 1741 950 1801 Terrarum
975 1741 1055 1800 fama
1079 1757 1132 1821 per
1155 1737 1280 1799 orbam?

481 2010 525 2073 IN
551 2007 689 2071 CAPUT
714 2007 952 2071 VICESIMUM
975 2006 1164 2070 TERTIUM

671 2134 785 2184 norae
804 2131 981 2184 uuonoars.

226 2234 256 2307 a)
277 2238 338 2293 Non
361 2250 453 2295 tamen
477 2243 572 2297 statim
597 2245 630 2296 dc
655 2243 846 2314 conjunctione
872 2241 988 2295 omnium
1012 2241 1188 2311 planetarum
1212 2239 1264 2293 sub
1284 2238 1381 2292 eodem
1403 2230 1523 2319 carih}⁰¹

146 2310 235 2389 gradu
251 2320 411 2375 concludere
427 2338 583 2391 possumus:
609 2324 717 2385 sufficit,
743 2323 765 2376 si
781 2323 880 2377 saltem
900 2323 926 2375 in
941 2339 1045 2393 genere
1065 2320 1149 2375 fuerit
1162 2321 1259 2390 aliqua
1280 2317 1438 2372 harmonica
1457 2311 1522 2364 (113·

146 2398 247 2468 positio
269 2405 298 2452 ct
319 2401 423 2455 zodiaci
443 2416 492 2470 per
512 2403 642 2472 planetas
665 2404 769 2466 divisio,
793 2404 888 2457 sinon
908 2421 944 2456 ex
960 2403 1071 2465 Terrae,
1094 2409 1125 2456 at
1143 2401 1243 2455 saltem
1264 2416 1301 2453 ex
1316 2398 1388 2453 Solis
1403 2398 1521 2449 oentr⁰o

147 2478 208 2531 ride
224 2480 317 2533 Harm.
334 2481 381 2538 lib.
399 2483 445 2535 IV.
461 2500 522 2551 cap.
539 2484 565 2536 2.
581 2490 610 2536 ct
626 2486 652 2536 3.
1492 2545 1498 2556 ο

227 2555 257 2623 b)
279 2561 340 2613 Non
364 2563 468 2615 tolerat
482 2565 659 2627 astronomia,
686 2564 831 2632 supposita
855 2563 1027 2631 periodorum
1048 2560 1258 2632 aequabilitate,
1283 2566 1317 2612 ut
1330 2557 1520 2612 constellal¹⁰

147 2639 217 2693 haec
231 2640 389 2708 perficiatur
403 2644 491 2713 adque
506 2660 610 2697 meram
624 2644 809 2698 harmonicam
824 2642 1029 2712 dispositionem
1043 2643 1197 2713 redigetur.

227 2715 256 2786 c)
279 2721 337 2774 Nec
359 2724 412 2776 hoo
434 2724 628 2787 necessarium,
653 2743 703 2777 nec
726 2724 879 2778 auctoritas
894 2730 1018 2777 veterum
1042 2722 1131 2793 rigide
1152 2722 1280 2791 urgenda
1300 2722 1335 2774 de
1349 2717 1529 2796 creationef¹

146 2798 239 2870 putuit
256 2802 327 2854 enirn
350 2804 459 2874 frugum
480 2813 630 2873 proventus
652 2805 716 2865 (nou
739 2804 886 2858 creationis
908 2797 1053 2870 memoria)
1069 2817 1182 2856 causam
1203 2802 1278 2865 dare,
1303 2816 1352 2853 our
1366 2797 1432 2853 anui
1446 2793 1517 2848 nnn

146 2887 293 2936 autumnus
316 2884 477 2937 haberetur.

226 2958 254 3025 d)
281 2963 350 3025 Quid
366 2963 386 3016 si
403 2982 436 3017 ne
451 2964 503 3017 hoc
518 2963 641 3034 quidem?
666 2966 728 3034 quid
749 2965 770 3017 si
787 2983 839 3017 non
856 2965 882 3018 in
897 2964 1037 3018 absidibus
1057 2962 1143 3018 creati
1159 2960 1300 3029 planetae,
1325 2966 1357 3013 ut
1371 2958 1400 3012 in
1413 2959 1516 3011 exist·

146 3041 204 3104 mis,
219 3040 265 3095 ubi
282 3044 411 3112 aequatio
427 3045 512 3106 nulla,
529 3046 576 3096 scd
591 3044 618 3097 in
632 3045 780 3098 intervallo
796 3045 891 3107 medio,
908 3045 954 3098 ubi
970 3043 1099 3113 aequatio
1115 3040 1258 3095 maxima?
1293 3040 1393 3110 Itaque
1412 3040 1515 3104 super·

146 3128 191 3174 est
205 3124 368 3176 exercitatio
390 3124 446 3177 ista
469 3124 612 3192 proposita
636 3127 759 3178 omnibus
783 3125 999 3179 calculatoribus
1020 3120 1218 3181 astronomicis,
1243 3125 1272 3174 et
1291 3120 1378 3188 plena
1401 3113 1516 3188 quidem

146 3201 210 3270 piae
235 3203 421 3271 persuasionis
445 3206 478 3256 dc
503 3211 564 3258 ortu
586 3205 724 3273 temporis.
767 3206 930 3259 Maestlinus
956 3206 1051 3275 aliqua
1073 3202 1200 3256 tentarit.
1243 3199 1346 3268 Accipe
1371 3204 1401 3251 et
1424 3213 1442 3250 a
1466 3198 1516 3242 me

109 3328 115 3335 .
148 3280 238 3344 aliam,
264 3283 310 3335 ubi
334 3302 370 3336 ex
385 3292 480 3337 centro
495 3282 566 3337 Solis
591 3286 681 3338 omnia
704 3287 731 3339 in
747 3285 813 3338 locis
833 3286 967 3355 oppositis
992 3293 1020 3337 et
1035 3282 1185 3352 quadratis,
1211 3288 1240 3333 et
1263 3279 1374 3348 punctis
1399 3274 1516 3348 quidem

148 3362 345 3416 cardinalibus.
1490 3420 1497 3431 .

228 3442 361 3497 Currente
383 3452 448 3497 ante
472 3459 567 3497 aeram
589 3452 710 3497 nostram
732 3446 875 3514 vulgarem
898 3462 969 3497 anno
986 3442 1189 3498 3993Ju1inn0
1212 3448 1288 3496 retro
1311 3445 1439 3497 extenso,
1456 3427 1520 3521 'dle

147 3522 194 3577 24.
209 3523 275 3576 Julii
297 3526 332 3577 ad
346 3540 490 3594 vesperam
513 3523 660 3592 incipiente
683 3524 709 3576 in
724 3525 867 3579 Chaldaea
890 3525 961 3579 feria
975 3525 1103 3585 secunda,
1124 3523 1171 3577 Sol
1185 3528 1216 3576 et
1227 3523 1309 3575 Luna
1331 3519 1359 3571 in
1375 3518 1464 3587 prino
1492 3512 1523 3589 {⁰

146 3603 237 3657 cancri
252 3621 338 3673 prope
354 3623 400 3659 cor
415 3604 510 3663 leonis.
536 3621 628 3658 omnes
643 3605 739 3657 Lunae
762 3613 850 3660 motus
875 3607 902 3660 in
917 3604 1116 3675 quadrantibus
1132 3608 1204 3667 sunt,
1228 3608 1261 3655 ut
1282 3605 1313 3651 et
1328 3615 1421 3651 omnes
1445 3583 1523 3645 ‘12¹¹'

146 3684 204 3754 qui:
230 3685 365 3738 Saturnus
380 3694 410 3739 et
424 3684 574 3738 Mercurius
596 3702 690 3738 versus
706 3686 794 3738 librae
810 3687 923 3748 initium,
948 3685 1066 3754 Jupiter,
1087 3684 1181 3736 Tellus
1196 3696 1293 3735 versus
1308 3675 1524 3748 capricornum}

145 3765 233 3826 Luna,
257 3766 341 3827 Mars,
367 3767 460 3818 Venus
485 3781 579 3817 versus
595 3781 731 3819 canorum.
770 3767 800 3819 ln
815 3766 950 3820 Mercurio
973 3765 1116 3817 abundant
1129 3764 1236 3832 gradus
1252 3758 1368 3829 aliquot,
1393 3758 1442 3810 sed
1470 3749 1525 3834 [1⁰¹

146 3845 265 3897 consumi
289 3852 405 3913 possunt
429 3845 488 3911 ejus
505 3845 669 3913 aequatione
694 3845 814 3898 maxima
838 3845 971 3906 ablativa,
997 3844 1020 3896 si
1043 3845 1121 3896 modo
1142 3841 1212 3895 satis
1236 3838 1366 3910 cognitus
1381 3845 1425 3890 eat
1450 3826 1526 3892 ²J¹¹⁸

147 3929 235 3976 motus
250 3925 361 3985 medius,
382 3931 414 3977 ut
428 3942 482 3976 uon
495 3941 545 3993 per
559 3925 641 3993 hujus
662 3924 857 3978 correctionem
872 3929 1075 3978 consumantur.
1112 3923 1141 3976 ln
1156 3922 1265 3974 Venere
1280 3918 1366 3971 etiam
1383 3898 1528 3971 ιιιιιιιιᾶιιι

147 4001 257 4071 aliquid,
283 4006 352 4072 quod
369 4003 534 4072 aequatione
558 4005 617 4056 tolli
640 4022 692 4057 non
708 4012 810 4072 potest.
848 4004 929 4059 Ferin
944 4005 1064 4056 secunda
1077 4008 1121 4054 est
1135 3997 1308 4059 firmamenti,
1334 3990 1527 4062 seuexpssnf

147 4081 230 4134 sionis
245 4081 317 4135 iuter
331 4098 417 4152 aquas
432 4089 461 4135 et
475 4098 575 4157 aquam
591 4085 669 4153 qnasi
685 4086 764 4136 orbes
780 4102 829 4138 sen
845 4086 986 4153 planetae,
1002 4099 1052 4152 per
1067 4082 1139 4135 hanc
1153 4078 1355 4149 expansionem
1370 4077 1412 4131 ire
1422 4069 1526 4146 ju⁵⁵¹’

147 4160 242 4214 statim
256 4162 282 4213 in
298 4162 357 4231 ipso
372 4170 432 4214 ortu
448 4163 574 4232 expansi,
590 4163 730 4230 coeperint
746 4164 798 4226 ire;
814 4165 885 4217 feria
898 4181 963 4218 vero
978 4169 1079 4232 quarta
1092 4163 1199 4215 demum
1219 4163 1387 4214 exornatum
1402 4143 1529 4210 aorrl¹¹¹¹¹

146 4240 278 4294 extimum
291 4242 363 4301 fixis,
379 4250 409 4295 et
422 4241 469 4294 Sol
483 4248 513 4293 et
526 4242 606 4295 Luna
620 4251 672 4295 etc.
688 4244 785 4296 ultima
799 4261 880 4298 manu
896 4243 1034 4312 imposita.
1044 4234 1080 4299 ⁰⁸l

226 4317 254 4384 e)
276 4322 386 4391 Dogma
406 4321 577 4375 innitebatur
597 4322 659 4375 huic
672 4331 710 4386 ¹ut
728 4323 857 4392 primario
878 4324 1067 4377 fundamento:
1091 4321 1161 4390 quod
1187 4320 1260 4373 inter
1274 4318 1356 4372 orbes
1372 4300 1528 4385 coeles&

146 4401 184 4454 sit
205 4400 347 4470 proportio
371 4400 433 4463 illa,
459 4417 530 4471 quae
553 4408 598 4454 est
621 4403 725 4456 orbium
744 4402 975 4480 geometricorum
1005 4401 1168 4472 cujuslibet,
1199 4417 1235 4452 ex
1259 4398 1380 4469 quinque
1402 4383 1528 4466 figssflff'

146 4481 259 4535 lllamm
277 4481 348 4533 enim
363 4487 482 4549 quatuor
500 4482 692 4550 proportiones
713 4489 777 4536 sunt
791 4483 954 4541 ineffabiles,
977 4499 1035 4544 seu,
1058 4489 1090 4534 ut
1111 4479 1157 4532 hic
1179 4496 1238 4533 curn
1253 4479 1341 4547 vulgo
1355 4462 1526 4545 appellffl'

146 4559 331 4614 irrationales.
373 4562 436 4613 Jam
456 4579 520 4615 vero
540 4561 746 4615 fundamentum
767 4563 818 4616 hoc
832 4562 1020 4624 refutavimus,
1041 4560 1106 4632 quia
1126 4558 1268 4629 proportio
1289 4555 1449 4610 coelestium
1461 4542 1526 4593 Μ’

148 4640 220 4694 bium
242 4657 295 4693 non
316 4648 359 4692 est
378 4657 412 4692 ex
429 4641 494 4693 solis
516 4639 634 4710 quinque
653 4642 758 4710 figuris.
801 4640 957 4704 Quaeritur,
982 4641 1045 4710 quid
1063 4641 1122 4709 jam
1144 4655 1226 4707 porro
1249 4638 1356 4691 dehoc
1378 4618 1527 4705 dogna&

147 4721 301 4780 tenendum,
318 4727 346 4771 et
361 4736 423 4773 num
438 4722 519 4773 detur
533 4720 628 4790 aliqua
641 4722 768 4791 perfecta
782 4721 985 4791 apocatastasis
999 4728 1121 4773 motuum
1135 4718 1274 4773 omnium?
1317 4716 1395 4779 Dico,
1414 4705 1527 4784 φιβ’

146 4799 187 4852 vis
202 4800 255 4852 hoc
269 4800 447 4853 iirndamento
462 4801 585 4859 subruto,
605 4801 709 4854 nullam
724 4808 816 4854 tamen
831 4800 890 4854 dari
910 4799 1129 4870 apocatastasin.
1172 4798 1200 4851 ld
1220 4797 1356 4866 probabo.
1398 4776 1529 4850 certuffi

128 4872 234 4950 *igitur
247 4885 300 4944 est,
322 4877 345 4932 si
359 4877 552 4949 proportiones
567 4882 667 4934 saltem
681 4880 880 4951 periodicornm
895 4886 1049 4950 temporum
1062 4883 1128 4933 sunt
1140 4870 1276 4956 ambulet,
1298 4874 1361 4931 dari
1375 4866 1528 4945 apaulv‘
