3278 5542
570 320 574 327 ¹
652 338 684 387 de
702 338 773 388 rebus
793 340 953 404 astrologicis.
1421 342 1484 407 347

120 515 168 557 me
208 515 284 559 uxor
319 498 547 578 importunitate
585 521 654 570 sua,
692 509 739 574 ut,
778 500 848 579 quia
880 501 990 562 balnea
1024 502 1139 576 horret,
1178 503 1226 563 vel
1265 505 1388 566 tandem
1425 507 1484 567 ali-—

120 585 244 667 quando
276 606 385 668 corpus
418 589 579 651 abluerem.
627 590 780 651 Immersit
803 609 849 650 me
882 589 911 650 iu
941 590 1057 652 labrum
1080 610 1178 670 aquae
1201 591 1276 654 bene
1305 594 1484 668 calefactae,

120 673 171 754 qui
196 677 329 738 calorme
360 679 471 740 afflixit
502 698 607 758 meque
635 679 956 757 coangustavit'circa
985 680 1170 758 praecordia.
1221 677 1274 743 31.
1303 683 1380 762 Maji
1410 703 1482 762 pur-

119 764 208 841 gavi,
243 784 281 825 ex
315 785 396 828 ruore
428 786 500 829 usus
534 788 747 848 παγχυμαγωγῳ
780 767 849 829 leni.
907 767 935 829 l.
958 769 1029 830 Jun.
1061 788 1168 830 venam
1198 771 1278 832 secui
1307 772 1415 834 iterum
1446 793 1485 833 ex

120 870 224 926 more,
259 873 316 915 non
345 862 471 936 urgente
501 858 621 931 morbo,
656 876 692 918 ne
724 856 893 938 suspicione
923 857 1041 937 quidem
1066 857 1170 919 morbi.
1219 858 1321 939 Atque
1345 861 1402 923 hoc
1426 881 1483 923 non

119 960 195 1003 sane
230 962 267 1003 ex
300 945 488 1026 praescripto
521 945 722 1025 astrologiae,
760 955 794 1007 nt
827 944 914 1007 facile
943 946 1037 1008 vides.
1082 945 1199 1008 Miuuto
1231 949 1376 1028 sanguine
1391 951 1484 1012 bene

120 1031 213 1093 habui
237 1032 404 1112 perbonas
428 1034 553 1115 aliquot,
577 1053 703 1114 vespere
729 1035 809 1096 facto
834 1035 964 1096 difficilis
989 1054 1035 1096 me
1060 1053 1180 1096 sumnus
1205 1036 1331 1099 invitum
1354 1038 1384 1100 in
1399 1047 1482 1100 stra-

122 1121 195 1201 gula
220 1123 357 1201 conjecit,
383 1123 563 1203 praecordia
585 1124 872 1204 coangustabantur.
912 1124 995 1184 Tunc
1018 1143 1062 1184 sc.
1077 1123 1148 1184 bilis
1165 1125 1319 1188 ferebatur
1334 1127 1363 1188 in
1379 1139 1480 1209 caput,

118 1210 209 1288 juxta
232 1213 410 1291 praecordia
432 1214 594 1275 transiens.
646 1211 677 1274 2.
701 1212 771 1274 Jun.
797 1232 855 1274 non
880 1213 994 1292 optima
1017 1220 1209 1291 tempestate,
1241 1215 1342 1277 calida
1367 1225 1479 1291 tamen,

121 1298 251 1360 nansivi
285 1301 314 1360 in
348 1302 490 1363 minorem
521 1302 645 1376 urbem,
681 1310 714 1362 ut
736 1301 809 1362 milri
839 1302 946 1362 melius
970 1309 1053 1362 esset
1086 1311 1168 1363 motu
1192 1323 1256 1365 uso.
1305 1304 1402 1366 Biduo
1427 1306 1483 1368 hoc

119 1384 272 1450 Rhenano
306 1390 373 1450 vino
406 1409 549 1471 perquam
578 1408 725 1469 generoso
760 1410 841 1451 eram
875 1409 956 1451 usne.
1015 1388 1076 1451 Sed
1113 1392 1151 1451 ad
1179 1391 1269 1471 hujus
1299 1393 1356 1455 diei
1389 1413 1483 1474 pran-

121 1476 203 1538 dium
223 1478 381 1557 frugaliter
395 1480 476 1541 vixi:
502 1480 583 1542 circa
606 1480 710 1541 horam
734 1499 764 1560 p.
789 1499 829 1542 m.
855 1480 977 1541 tertiam
1001 1479 1106 1540 horror
1128 1499 1175 1541 me
1200 1482 1321 1562 excepit
1336 1484 1405 1544 dum
1426 1484 1481 1544 do-

120 1584 203 1627 mum
228 1569 393 1640 contendo,
426 1576 458 1630 et
480 1577 514 1631 ut
537 1571 569 1630 fit
592 1569 671 1647 apud
695 1565 742 1630 me
770 1568 800 1630 in
829 1568 965 1630 omnibns
995 1568 1144 1643 febribus,
1178 1570 1333 1632 cerebrum
1357 1572 1485 1634 invaluit

121 1675 245 1730 somno,
279 1657 404 1717 dormivi
428 1659 576 1739 inquiete,
606 1664 671 1718 toto
696 1676 771 1737 pene
795 1656 902 1733 biduo,
926 1657 1007 1719 nullo
1032 1677 1104 1718 usus
1128 1658 1210 1726 cibo,
1235 1658 1361 1722 subinde
1385 1661 1484 1723 vomui

120 1745 216 1807 bilem
240 1747 399 1808 admodum
424 1755 603 1827 corruptam.
650 1747 854 1828 Paroxysmos
887 1747 985 1808 nullos
1015 1745 1208 1808 vehementes
1240 1748 1339 1810 habui.
1387 1751 1483 1812 Totus

119 1836 245 1897 morbus
277 1834 306 1895 in
331 1835 474 1896 effusione
499 1836 568 1897 bilis
591 1836 621 1897 in
644 1836 842 1897 ventriculum
867 1835 932 1896 fuit.
979 1835 1090 1896 Triduo
1113 1844 1198 1914 post,
1231 1856 1258 1897 n.
1282 1831 1313 1898 4.
1338 1838 1408 1900 Jnn.
1434 1839 1483 1898 in-

120 1924 198 1985 cidit
223 1944 281 1985 una
304 1943 378 1987 uxor
401 1943 468 1987 mea
490 1924 519 1985 in
545 1925 750 2005 quotidianam
766 1925 888 1994 febrem,
913 1930 999 1985 tanto
1013 1924 1270 2002 periculosiorem,
1296 1927 1375 2006 qnod
1399 1934 1482 1988 esset

118 2013 260 2092 gravida.
306 2012 437 2094 Reliqua
458 2014 654 2092 particularia
677 2032 735 2074 non
755 2014 906 2089 annotavi,
931 2012 989 2074 nisi
1013 2012 1091 2092 quod
1115 2013 1153 2073 ad
1178 2009 1198 2076 6
1223 2014 1308 2077 vel'f
1332 2015 1481 2095 septima-

120 2122 178 2162 nas
194 2102 386 2163 conflictatus
402 2122 438 2162 ea
453 2123 528 2164 sum.
563 2103 717 2164 Interdum
739 2101 779 2165 ill
795 2103 899 2164 diebus
919 2102 1002 2176 liber,
1028 2110 1061 2161 nt
1085 2121 1178 2163 sanus
1201 2104 1354 2178 crederer,
1381 2106 1481 2184 itaque

119 2209 177 2252 usu
189 2191 249 2252 vini
265 2192 304 2252 ad
318 2190 496 2253 vomitiones
509 2191 578 2253 bilis
593 2191 667 2252 redii
683 2200 714 2253 et
729 2192 767 2252 ad
782 2192 993 2264 honoresue,
1010 2209 1078 2251 cum
1093 2191 1216 2252 duraret
1233 2192 1400 2254 obstructio
1413 2193 1482 2254 alvi.

119 2276 233 2352 Credo,
258 2299 304 2340 me
329 2300 366 2341 ex
390 2299 490 2341 eorum
515 2299 636 2342 numero
660 2299 738 2355 esse,
763 2280 870 2361 quibus
893 2300 930 2342 ex
953 2280 1023 2341 bilis
1048 2279 1183 2341 folliculo
1207 2289 1326 2344 meatus
1350 2283 1382 2353 in
1404 2302 1479 2343 ven-

119 2368 262 2430 triculum
287 2368 360 2441 abit,
386 2370 434 2448 qui
458 2370 559 2430 solent
581 2388 649 2433 esse
673 2371 835 2451 βραχυβιοι.

194 2474 383 2525 Fabricius:
414 2475 520 2531 Moneo,
550 2481 578 2523 nt
595 2474 727 2539 diligenter
744 2475 853 2537 inquiras
871 2472 1045 2521 universalium
1069 2478 1095 2521 et
1119 2472 1289 2522 diuturnamm
1308 2479 1484 2538 tempestatum

119 2559 228 2603 caman
248 2547 273 2594 in
291 2548 322 2596 iis
339 2561 429 2611 nempe
448 2547 582 2596 consistere
600 2545 696 2594 ridetur
713 2549 789 2594 totius
808 2543 997 2608 meteorologiae
1016 2544 1130 2593 scientia.

213 2645 415 2724 Keplerus:
454 2644 542 2714 Quod
567 2664 682 2719 mones,
709 2643 793 2704 vides
817 2661 864 2702 me
889 2642 996 2704 fecisse
1020 2643 1049 2702 in
1074 2641 1259 2720 prognostici
1281 2642 1482 2722 praefatione.

120 2732 166 2794 Tu
182 2734 251 2794 illas
267 2743 374 2796 excute
398 2732 581 2812 diligentius,
606 2733 750 2811 adjuncta
773 2750 840 2794 mea
859 2730 1064 2811 disputatione
1089 2730 1125 2791 de
1142 2730 1373 2810 Meteonologia,
1398 2732 1482 2811 cujus

121 2830 301 2903 argumenta
325 2814 428 2902 petere
454 2823 546 2883 altius
569 2821 599 2883 in
623 2831 707 2883 tuum
730 2821 860 2894 animum
885 2821 1082 2907 descendere,
1108 2828 1142 2879 ut
1165 2839 1201 2880 ea
1225 2819 1346 2900 penitus
1370 2838 1482 2900 appre-

121 2911 248 2986 hendas,
274 2931 331 2973 neu
355 2911 555 2973 transvolent.

193 3018 364 3068 Fabricius
384 3015 438 3080 (tt.
458 3018 517 3068 Jan.
539 3014 634 3077 1605);
662 3015 716 3079 Ego
735 3014 946 3063 altitudinem
965 3014 1093 3061 nubium
1112 3028 1160 3061 non
1179 3027 1234 3062 raro
1253 3014 1379 3078 indagari,
1400 3021 1426 3062 et
1444 3016 1483 3062 in-

123 3090 177 3137 reni
198 3089 284 3140 diebus
303 3091 403 3139 ameris
421 3104 471 3138 non
493 3089 559 3139 ultra
586 3085 652 3137 1000
670 3099 765 3150 passus.
803 3084 879 3134 Nulla
904 3084 981 3133 nubes
1008 3083 1082 3133 altius
1110 3084 1203 3133 dimidii
1228 3084 1339 3134 milliaris
1358 3085 1481 3141 ascendit,

122 3171 176 3209 mm
197 3165 242 3209 aer
259 3161 296 3210 rel
313 3163 385 3222 juxte
403 3166 449 3209 tua
465 3161 598 3209 ratiocinia
620 3174 669 3208 non
694 3156 749 3221 plus
772 3157 798 3204 ln
821 3157 899 3205 altum
917 3157 1064 3220 porrigatur.
1101 3154 1218 3211 Memini,
1241 3171 1281 3207 me
1300 3156 1433 3221 aliquando
1452 3156 1483 3205 de

123 3232 262 3280 nominibus
281 3246 373 3281 menae
392 3232 528 3280 summitati
547 3230 645 3294 Olympi
663 3229 786 3291 inscriptis
804 3227 894 3292 legisse
913 3224 958 3276 ito.
996 3226 1092 3290 (Comp.
1114 3223 1253 3290 Opticam.)

193 3302 271 3352 Ratio
291 3303 436 3352 obseurandi
455 3302 499 3352 alt.
519 3303 620 3351 nubium
638 3301 715 3350 haec:
734 3302 759 3348 in
778 3299 852 3362 plano
872 3304 898 3347 et
916 3297 992 3348 libero
1011 3298 1065 3347 loco
1083 3303 1193 3361 tempore
1211 3298 1322 3348 meridiei
1340 3305 1484 3363 expectetur

122 3375 200 3425 nubes
220 3374 317 3438 eliqua,
342 3389 407 3438 quae
425 3387 472 3423 sua
490 3375 647 3424 extremitate
666 3373 783 3420 verticem
808 3369 971 3418 observatoris
991 3371 1106 3433 attingat.
1146 3369 1239 3419 Eodem
1258 3375 1382 3420 momento
1401 3369 1482 3419 obser·

121 3452 208 3500 retur,
232 3460 358 3509 quousque
383 3445 471 3494 umbra
489 3445 651 3494 extremitatis
670 3444 740 3492 istius
758 3456 842 3490 sersus
860 3443 1053 3504 septentrionem
1078 3442 1104 3488 in
1126 3441 1200 3503 plano
1220 3441 1312 3491 Terrae
1331 3442 1483 3505 projiciatur,

120 3519 289 3579 terminusque
308 3522 414 3566 notetur.
454 3514 495 3565 Sic
512 3515 619 3566 habetur
636 3513 786 3579 triangulum
813 3510 1003 3576 rectiangulum.
1032 3514 1102 3573 tulus
1121 3511 1185 3562 alter
1208 3511 1273 3561 latus
1299 3519 1338 3560 eet
1365 3512 1486 3561 manua

118 3589 225 3655 cognita
243 3587 352 3637 locorum
370 3596 397 3637 ot
415 3588 521 3652 ungulam
540 3586 677 3636 altitudinis
697 3583 760 3635 Solis
779 3583 932 3632 meridianae
951 3583 1064 3646 cognitus

211 3675 411 3755 Keplerus:
446 3674 613 3743 confirmas
637 3692 734 3737 meum
757 3670 914 3752 problema
936 3670 973 3731 de
998 3670 1156 3731 altitudine
1181 3670 1261 3732 aeris
1277 3669 1483 3750 experimento

118 3766 259 3838 nubium3
294 3773 325 3825 et
349 3765 425 3825 forte
449 3774 481 3825 tu
506 3763 752 3845 probabilitatem
776 3761 870 3822 solam
894 3757 1052 3839 spectasti.
1095 3760 1140 3821 At
1163 3759 1263 3822 beasti
1286 3778 1347 3828 me,
1378 3760 1445 3820 oF
1447 3779 1482 3817 a·

118 3853 208 3928 erici,
235 3852 428 3932 suppeditata
451 3853 709 3915 demonstratione
734 3850 915 3912 necessaria.
962 3846 995 3908 Si
1020 3846 1114 3909 nubes
1139 3857 1209 3910 sunt
1227 3848 1382 3928 graviores
1402 3853 1482 3922 aere,

118 3963 188 4007 :um
214 3943 352 4004 oriamur
380 3961 416 4002 ex
441 3942 549 4016 Terra,
579 3941 742 4003 manebunt
763 3958 853 4019 super
876 3938 1017 4010 Terram,
1042 3944 1077 3997 nt
1100 3937 1240 4012 nebulae,
1276 3936 1482 3998 tantummodo

118 4035 201 4096 nole
227 4051 282 4091 sua
304 4033 394 4109 paulo
418 4031 635 4104 elevabuntur,
672 4038 705 4091 ut
738 4028 872 4091 habeant
904 4027 1035 4106 spatium
1064 4026 1198 4104 justum,
1233 4045 1290 4106 quo
1314 4025 1483 4105 capiantur.

118 4119 172 4185 tin
204 4129 307 4182 antem
331 4120 500 4182 ascendunt
523 4121 634 4193 nubes,
673 4129 760 4181 erunt
788 4116 917 4180 leviores
945 4122 1035 4190 abre,
1071 4124 1104 4176 ut
1131 4116 1157 4177 si
1185 4114 1288 4178 vesica
1316 4113 1423 4177 inflata
1447 4134 1484 4175 ex

118 4211 209 4290 equis
234 4210 390 4271 ascendat.
437 4209 469 4272 Si
496 4209 623 4272 leviores
647 4214 737 4280 aere,
772 4225 830 4267 non
854 4212 945 4266 vento
970 4205 1099 4282 desuper
1122 4203 1311 4268 incumbente
1336 4204 1482 4282 agitatae,

118 4298 289 4362 escendeut
320 4297 412 4378 igitur
437 4317 493 4377 per.
512 4317 628 4360 omnem
659 4297 739 4359 aeris
764 4294 966 4365 altitudinem,
1000 4292 1100 4353 etsie
1123 4313 1181 4355 non
1206 4292 1393 4373 poteritate
1416 4311 1482 4354 esee

118 4389 213 4451 sltior
238 4387 364 4448 nubibus
388 4387 488 4467 quiete
513 4386 759 4450 consistentibus.
807 4385 887 4448 Nam
911 4381 1004 4443 nubes
1030 4390 1077 4442 est
1101 4382 1173 4445 nilril
1197 4383 1254 4445 nisi
1278 4399 1386 4461 vapor;
1421 4381 1482 4442 ita·

118 4496 176 4558 qne
203 4495 298 4556 vapor
322 4477 469 4537 densatus
493 4477 521 4536 in
546 4484 665 4555 guttam
689 4475 796 4535 statim
820 4474 925 4534 iterum
950 4470 1073 4533 decidit.

192 4599 380 4649 Fabricius:
407 4599 501 4650 Aeris
520 4598 729 4648 altitudinem
752 4612 801 4644 non
820 4597 909 4659 ubique
929 4595 1034 4644 eandem
1053 4608 1108 4643 esse
1125 4602 1194 4658 puto,
1213 4593 1238 4642 in
1257 4593 1317 4642 loeis
1335 4592 1483 4642 snnrnitn

118 4671 288 4803 bumiliorerq,
318 4685 392 4734 quam
419 4673 444 4720 in
472 4670 617 4720 borealibus.
656 4666 805 4731 (Rationes,
829 4681 891 4732 quas
916 4666 990 4716 affert
1008 4667 1051 4721 ll..
1078 4666 1194 4731 leguntur
1212 4666 1238 4714 iu
1256 4663 1306 4715 hac
1323 4663 1426 4728 Keplerl
1444 4678 1481 4714 re·

118 4756 261 4809 monnone.

142 4899 145 4903 .
214 4804 421 4925 Keplerus:
455 4838 651 4904 Australibus
683 4847 715 4901 et
745 4838 879 4903 torridae
912 4844 1011 4899 aerem
1044 4838 1269 4920 profundiorem
1299 4836 1425 4917 probavi
1452 4836 1481 4899 in
