3278 5542
715 324 890 378 emerem
1272 336 1275 340 ⁴
1431 320 1485 390 291

120 483 218 549 sunt:
250 485 398 567 siquidem
421 500 547 550 necesse
570 493 619 548 est
647 486 771 549 minima
794 489 973 551 consectari.
1020 486 1187 550 Meministi
1218 489 1249 550 in
1273 484 1372 552 tribus
1393 505 1486 569 snpe-

120 574 253 639 nonnus
285 593 333 637 me
361 574 496 640 dividere
524 576 591 651 illa,
621 593 697 656 quae
726 576 755 637 in
779 584 888 638 natura
911 598 930 638 a
953 597 986 639 sc
1011 586 1113 639 mutuo
1140 577 1292 660 pendent,
1324 585 1488 658 propterea

121 664 202 746 quod
227 664 345 727 animae
368 673 485 728 natura.
499 664 686 728 inimitabilis
710 675 768 728 est.
815 665 971 745 Digresaio
986 667 1128 747 planetae
1152 665 1258 728 aSnls
1279 665 1373 728 eflicit
1396 665 1487 728 etiam

122 751 334 816 lentitudinem
358 762 466 817 motus.
513 754 559 817 At
581 770 637 834 ego
661 754 869 817 lentitudinem
893 755 942 816 vel
971 753 1219 836 inaequalitatem
1242 765 1341 816 motus
1362 763 1487 834 praesto

120 860 177 924 per
198 841 390 924 inaequalem
413 843 633 906 denticulorum
656 843 892 922 magnitudinem
916 852 946 907 et
966 844 1142 907 distantiam
1164 844 1194 906 in
1220 843 1296 905 rotis
1318 843 1410 905 trium
1433 861 1486 906 sn·

121 930 286 1012 periorum.
334 931 450 994 Deinde
474 933 643 1012 digressum
672 932 814 1015 planetae
837 941 962 1012 praesto
984 953 1039 1014 per
1063 933 1151 994 nrbes
1175 940 1207 994 et
1229 932 1391 995 curvatilia
1413 932 1486 994 bra-

122 1020 212 1092 cbia,
239 1021 345 1103 quibus
369 1022 494 1102 planeta
517 1022 777 1101 circumgestatur.
825 1023 860 1083 ln
876 1023 996 1085 Venere
1020 1032 1052 1084 et
1075 1026 1096 1099 o
1120 1022 1230 1101 duplex
1244 1030 1294 1084 est
1316 1020 1486 1100 hujusmodi

120 1109 329 1189 inaequalitas
361 1118 394 1172 et
416 1117 515 1173 motus
547 1118 580 1174 et
602 1110 781 1184 distantiae,
815 1128 875 1172 una
896 1113 1010 1191 pendet
1033 1133 1052 1173 a
1075 1111 1185 1186 Terre,
1220 1112 1318 1173 altera
1347 1110 1386 1171 ab
1410 1110 1487 1189 ipsis

122 1197 259 1260 orbibus.
306 1199 466 1274 Dubitari,
491 1200 639 1281 quomodo
663 1207 790 1281 utraque
816 1200 857 1261 sit
879 1201 1074 1281 praestanda.
1119 1199 1210 1275 Dico,
1237 1218 1293 1280 pro
1317 1198 1486 1280 inaequali·

122 1294 189 1349 tate
209 1295 310 1349 motus
333 1289 488 1369 utriusque
511 1297 670 1370 utrumque
695 1288 788 1350 etiam
813 1289 955 1351 circulum
978 1299 1011 1352 et
1034 1289 1156 1351 actricis
1180 1296 1212 1350 et
1230 1296 1316 1350 rotae
1339 1288 1485 1368 inaequa-

122 1376 195 1441 liter
219 1376 422 1439 dividendnm.
469 1377 514 1441 Ut
536 1396 608 1441 vero
633 1377 726 1440 etiam
750 1396 841 1457 snpra
865 1379 894 1440 in
920 1379 1021 1459 operis
1044 1377 1122 1440 facie
1146 1377 1266 1457 gemina
1290 1377 1486 1456 digressionis

123 1466 329 1545 inaequalitas
352 1466 544 1547 respondeat,
568 1467 600 1528 id
624 1467 775 1528 difficilius
798 1475 856 1529 est.
895 1467 1091 1530 Tutissimum
1114 1473 1226 1539 tamen,
1251 1475 1285 1527 ut
1303 1467 1488 1528 cohaereant

123 1555 226 1617 omnia
249 1573 376 1634 corpora
400 1564 431 1616 et
454 1555 559 1629 orbes,
582 1573 636 1618 nec
659 1556 755 1618 Terre
777 1555 984 1619 circumvehat
998 1556 1175 1628 interiores,
1198 1563 1233 1616 nt
1254 1555 1388 1634 proxime
1412 1573 1484 1615 cen-

123 1662 255 1706 sueram.
302 1643 337 1705 ln
361 1645 511 1708 Mercurio
544 1653 644 1706 autem
668 1645 756 1707 alteri
786 1645 964 1725 digressioni
996 1646 1103 1708 melius
1126 1644 1259 1708 succurri
1291 1650 1408 1722 potest,
1443 1660 1486 1704 sc.

122 1750 177 1814 per
202 1733 430 1817 ampliationem
453 1743 487 1797 st
504 1733 741 1796 contractionem
767 1733 857 1796 orbis.
904 1735 1078 1797 Potuissem
1101 1733 1176 1795 haec
1195 1736 1258 1814 jam
1280 1732 1430 1805 omittere,
1455 1739 1489 1792 nt

124 1822 222 1884 adbuc
247 1823 425 1904 imperfecta
452 1832 485 1886 et
511 1824 608 1885 minus
631 1823 662 1885 ln
687 1842 778 1903 opere
802 1823 869 1901 ipso
892 1825 1081 1887 necessaria:
1111 1823 1164 1885 sed
1185 1822 1307 1902 scripsi,
1341 1829 1373 1884 ut
1396 1820 1487 1883 testi-

124 1913 256 1973 monium
280 1921 383 1974 essent
405 1932 490 1975 meae
515 1930 614 1978 curae.
1439 1927 1445 1936 ·

194 2051 231 2115 (a
248 2053 327 2105 nem
346 2054 370 2106 a
390 2055 413 2105 ι.
434 2053 477 2104 er.
496 2056 562 2120 sug.
584 2049 673 2115 sese.)
693 2081 727 2092 -
746 2052 820 2114 usn,
843 2054 866 2103 ι.
887 2052 914 2105 s.
933 2053 996 2106 nse.
1019 2051 1096 2113 rese,
1115 2055 1179 2106 nese
1198 2054 1332 2105 muscus
1349 2028 1422 2104 suns:

216 2267 385 2330 Mercurius
409 2278 479 2330 tuns
503 2268 626 2330 aberrat
644 2275 838 2331 constanter:
863 2285 955 2348 qnare
969 2267 1047 2344 vide,
1073 2285 1131 2346 quc
1152 2275 1242 2345 pacto
1266 2274 1365 2329 motus
1389 2265 1488 2344 longi-

126 2356 241 2419 tudinis
266 2357 443 2436 corrigatur.
490 2356 570 2419 Ecce
595 2357 673 2418 enim
697 2358 735 2418 ad
759 2357 863 2419 literas
888 2376 963 2437 quas
986 2353 1015 2418 4.
1036 2356 1109 2419 Julii
1133 2356 1292 2435 scripsisti,
1317 2374 1384 2417 cum
1407 2362 1491 2416 esset

126 2444 269 2525 Augusto
303 2464 405 2508 mense
438 2446 696 2527 respondendum,
730 2464 833 2508 mense
856 2446 1016 2508 Decembri
1044 2445 1231 2525 respondeo;
1264 2464 1339 2525 quas
1363 2442 1489 2506 Octobri

126 2552 230 2599 mense
253 2535 357 2615 procul
381 2534 471 2597 dubio
494 2534 655 2615 scripsisti,
680 2536 719 2598 ad
743 2555 817 2615 quas
836 2534 927 2598 etiam
947 2535 1003 2597 hoc
1018 2532 1176 2597 Decembri
1191 2553 1368 2615 responsum
1386 2533 1488 2613 procul

126 2623 216 2687 dnbio
241 2633 406 2703 expectas,
441 2624 601 2688 dummodo
623 2624 808 2697 reddantur,
839 2624 1071 2705 respondebitur
1099 2626 1229 2686 sortasse
1261 2622 1302 2698 (si
1324 2623 1390 2684 Deo
1419 2621 1487 2701 pla-

125 2713 221 2776 cuerit
243 2732 292 2774 me
316 2713 466 2791 tantisper
488 2715 615 2789 vivere),
640 2733 743 2777 mense
757 2713 883 2776 Martio.
920 2713 1033 2776 Misisti
1056 2711 1088 2776 4.
1104 2712 1178 2775 Julii
1201 2714 1332 2792 scriptas
1355 2712 1487 2775 Ulmum.

125 2798 188 2864 Eas
213 2802 339 2882 pertulit
362 2801 496 2865 Jacnbus
519 2810 624 2866 noster
646 2804 779 2884 ignarus,
804 2810 891 2866 erant
916 2803 993 2865 enim
1018 2803 1190 2882 implicatae
1214 2801 1333 2875 alteris,
1359 2819 1436 2880 quae
1459 2800 1488 2861 in

127 2886 316 2955 Corinthium
331 2892 522 2972 spectabant.
556 2891 600 2954 Ut
622 2892 750 2955 venitin
766 2890 966 2961 carinthiam,
986 2892 1053 2971 jam
1076 2908 1178 2954 rursus
1201 2889 1272 2952 illac
1296 2906 1488 2961 ascensurus,

126 2979 344 3043 animadvertit
366 2999 506 3057 errorem,
533 2989 639 3061 aperto
663 2981 715 3043 illo
739 2980 891 3044 involucro
915 2999 969 3061 per
992 3000 1069 3056 eum,
1094 2979 1141 3042 cui
1159 2978 1348 3042 mittebatur.
1381 2977 1488 3056 Itaque

129 3067 233 3132 literas
258 3079 327 3131 tuas
352 3070 468 3132 remisit
494 3070 524 3132 in
548 3068 703 3152 Styriam,
736 3071 800 3150 ipse
828 3071 963 3150 perrexit
990 3070 1019 3132 in
1044 3068 1208 3132 Snevism:
1242 3068 1348 3148 opinor
1378 3074 1488 3136 tamen,
1542 3081 1544 3085 ’

129 3158 185 3220 etsi
209 3158 378 3238 legitimum
405 3176 580 3239 responsum
604 3176 660 3220 nnn
685 3159 851 3240 pertulerit,
876 3158 1037 3239 pertulisse
1056 3167 1158 3221 tamen
1178 3158 1295 3220 abunde
1319 3155 1487 3219 verborum.

129 3242 160 3310 Si
185 3247 257 3329 qnid
282 3245 410 3311 Octobri
433 3267 535 3310 mense
559 3247 607 3310 vel
629 3247 794 3313 Novembri
819 3247 984 3328 scripsisti,
1014 3248 1044 3309 id
1068 3248 1149 3310 scias
1172 3247 1245 3310 mihi
1268 3245 1397 3308 nondum
1421 3262 1489 3305 esse

130 3336 291 3399 redditum.
338 3337 417 3399 Nam
440 3336 636 3417 perlatorem,
661 3355 748 3417 quem
770 3336 904 3400 Jacobus
928 3337 984 3400 tibi
1008 3337 1235 3418 designaverat,
1258 3354 1357 3398 rerum
1380 3352 1488 3396 conse-

129 3436 197 3488 enta
221 3426 416 3488 commutatio
440 3425 607 3488 absterruit
630 3427 689 3500 (uti
712 3427 832 3489 omnino
856 3428 945 3505 puto)
968 3446 1006 3488 ne
1030 3425 1164 3508 Styriem
1187 3425 1404 3505 ingrederetur.

216 3513 248 3576 ln
273 3515 420 3595 principio
445 3512 694 3576 Germanicarum
719 3516 872 3578 literamm
897 3534 1027 3577 errorem
1051 3532 1183 3594 agnosco
1208 3515 1375 3578 verborum.
1409 3510 1489 3574 Sen-

129 3621 177 3666 sus
201 3603 324 3665 omnino
348 3603 447 3666 verbis
471 3604 531 3666 illis
555 3625 574 3665 a
597 3623 644 3665 me
667 3604 821 3685 usurpatis
844 3603 924 3665 inest
947 3604 1037 3667 talis:
1062 3604 1153 3666 Velle
1167 3623 1214 3665 me
1234 3602 1396 3665 defendere
1417 3619 1489 3681 pro-

128 3693 258 3771 positum
287 3711 384 3755 meum
417 3712 519 3755 eoram
552 3700 593 3754 ts.
640 3691 735 3773 Atqui
763 3694 863 3755 hercle
891 3712 949 3754 non
981 3693 1010 3754 id
1044 3693 1117 3754 mibi
1149 3693 1206 3754 luit
1237 3689 1347 3765 animi,
1381 3688 1489 3751 abortii

129 3781 269 3862 quicquid
292 3781 324 3843 id
348 3789 397 3843 est
417 3782 586 3844 verborum.
634 3780 762 3844 Sensum
786 3782 864 3844 enim
887 3800 956 3843 esse
980 3783 1079 3857 volni,
1108 3780 1303 3862 suppeditare
1327 3797 1375 3840 me
1397 3797 1489 3858 prae-

129 3871 240 3950 ceptori
264 3870 404 3949 exempla
426 3877 531 3932 vetera
555 3872 628 3944 (nnn
653 3871 772 3949 quidem
796 3871 882 3951 quasi
906 3888 1056 3944 censeam,
1081 3870 1135 3931 illa
1152 3871 1292 3950 ignorare
1315 3877 1356 3942 te,
1380 3868 1435 3928 sed
1458 3874 1491 3926 nt

128 3966 156 4020 te
179 3960 299 4021 illorum
324 3960 628 4034 commonefacerem
651 3958 843 4033 Erinneren.)
869 3960 974 4040 quibus
995 3960 1140 4039 exemplis
1159 3977 1256 4021 meam
1272 3959 1382 4020 famam
1396 3955 1490 4019 Stuc-

128 4048 248 4112 cardias
272 4058 378 4111 contra
402 4049 639 4122 obtrectatores,
663 4048 689 4109 si
715 4049 763 4129 qui
788 4050 864 4111 forte
889 4049 1035 4123 existant,
1068 4048 1221 4112 defendat.
1269 4047 1374 4126 Itaque
1398 4045 1492 4106 verba

128 4154 161 4199 su
183 4137 305 4199 mebrer
326 4137 493 4200 Defension
518 4135 612 4198 meins
636 4138 813 4200 liiirhsbens
837 4137 880 4199 sic
905 4136 1108 4218 accipiantur,
1133 4137 1188 4199 das
1212 4137 1265 4199 der
1287 4137 1327 4198 ll.
1351 4136 1386 4198 P.
1411 4135 1491 4196 mein
1519 4160 1522 4169 ·

129 4225 275 4289 itrhaben
294 4227 397 4288 ‘desto
430 4225 535 4289 besses
564 4225 719 4288 delendim
753 4225 881 4289 lbbnde.
929 4225 991 4289 Sed
1024 4227 1101 4289 bene
1133 4227 1254 4299 iecisti,
1288 4226 1338 4306 qui
1370 4224 1491 4286 lituram

127 4313 268 4378 inducere
291 4315 489 4377 incommodis
512 4314 581 4377 istis
604 4314 705 4377 verbis
728 4314 875 4378 statuisti.
923 4314 1047 4378 Utinam
1071 4335 1145 4378 sane
1172 4316 1300 4379 leceris!
1348 4312 1491 4376 Ceterum

128 4402 181 4466 boc
205 4423 266 4466 uno
289 4407 441 4480 σφαλματι
465 4412 606 4484 excepto,
631 4404 718 4466 vides
740 4405 815 4484 ipse,
840 4404 1006 4467 consultius
1031 4404 1135 4476 luisse,
1158 4411 1193 4466 ιιι
1214 4414 1247 4467 te
1270 4404 1439 4484 alloquerer
1460 4401 1490 4462 in

128 4491 179 4556 llla
202 4493 344 4573 epistola,
368 4510 456 4573 quem
478 4494 571 4555 etiam
593 4493 734 4574 princeps
750 4493 978 4574 alloquebatur:
1002 4503 1047 4567 nt,
1071 4493 1210 4574 quoniam
1234 4512 1290 4574 ego
1314 4512 1334 4552 a
1355 4489 1490 4571 principe

127 4598 179 4660 per
193 4590 225 4643 te
241 4581 460 4644 internuncium
474 4582 700 4662 interrogabar,
723 4582 864 4662 princeps
888 4582 978 4644 etiam
1002 4603 1020 4644 a
1041 4601 1088 4646 me
1102 4601 1278 4663 responsum
1291 4598 1346 4661 per
1365 4580 1491 4641 eundem

130 4680 156 4733 te
180 4671 319 4734 haberet.
367 4669 476 4732 Sciunt
497 4687 622 4744 ornnes,
650 4688 708 4733 non
732 4689 801 4735 esse
825 4671 957 4733 literatis
980 4671 1010 4734 iu
1034 4671 1294 4752 more'positum,
1328 4669 1491 4732 vernacula

131 4777 212 4823 mera
234 4757 299 4822 titi:
333 4776 389 4821 nac
411 4756 538 4822 obscure
561 4756 743 4839 conjiciunt,
776 4759 905 4840 principi
927 4780 974 4822 rne
999 4759 1201 4835 dicta-velle,
1237 4777 1312 4842 qnae
1336 4758 1393 4821 tibi
1417 4757 1488 4818 dixi.

131 4846 217 4923 Quod
240 4847 400 4918 mansuem
422 4866 576 4922 nnmemnr
598 4847 812 4916 clericulorum
835 4849 948 4922 attinet
971 4850 1000 4912 in
1023 4849 1100 4915 rotis
1114 4848 1254 4927 Veneris,
1278 4846 1419 4911 existimo
1442 4863 1488 4913 tue
1603 4906 1606 4911 .
