3278 5542
149 358 216 434 660
672 355 702 415 In
721 364 804 429 Opera
822 357 981 431 Asuologics

146 528 309 595 gerebantur.
327 524 448 588 politicas,
467 538 517 572 non
535 538 662 586 possumus
681 539 730 574 uon
749 525 886 587 conjicere,
905 524 1039 587 Keplerum
1059 525 1177 585 ,animali
1193 525 1234 574 illo
1262 524 1367 589 generis
1385 525 1504 575 neutrius*

147 598 300 651 cardinalem
324 596 434 645 innuisse
461 593 667 643 Melchiorem
685 595 903 651 Khleselium,
933 597 1073 659 episcopum
1100 595 1268 646 Viennensem
1294 603 1324 644 et
1342 593 1470 646 Matthiae
1492 611 1508 646 a

147 670 254 720 consiliis
272 668 372 716 intimis.
409 664 484 715 Teste
503 664 758 729 Hammer·Purgstall
784 665 881 727 (haben
909 663 1035 725 Khlesels)
1064 665 1095 715 l).
1116 664 1262 731 ahlaggau
1290 668 1453 726 intercessit,
1481 674 1507 717 ut

147 742 280 804 lmparator
297 738 466 802 acquiesceret
484 737 508 784 in
527 735 714 786 reconciliandis
733 736 809 786 tratre
828 736 997 786 Maximiliano
1017 745 1042 786 et
1060 752 1119 802 rege
1137 737 1252 786 Romano
1271 736 1442 793 Fesdiuando,
1467 740 1504 801 qni

80 820 81 824 ’
145 809 300 860 Khlesalium
318 810 370 871 ipso
388 808 464 856 inscio
484 805 728 871 comprehenderant,
747 821 794 856 nec
813 820 921 871 nuquam
938 822 965 856 se
983 808 1116 856 immiscuit
1131 809 1239 857 consiliis
1252 807 1427 862 clandestinis.
1446 823 1504 870 quae

146 881 180 930 illi
199 886 286 931 contra
303 878 457 928 Khleselium
476 877 670 940 concoquebant.
709 876 792 937 Quare
811 877 921 942 Maggau
938 877 1000 927 lorte
1020 878 1155 941 Keplerum
1175 878 1251 935 adiit,
1271 886 1303 927 ut
1321 884 1437 927 moneret
1454 893 1503 927 car·

146 952 253 1002 dinalem
271 951 350 1000 verbis
369 949 484 1008 obscuris,
505 954 533 996 nt
551 949 611 997 vitet
627 949 795 997 imminentem
812 949 955 1011 perniciem.
991 948 1161 998 concinnasse
1179 949 1276 998 videtur
1296 948 1424 1011 Keplems
1443 950 1502 997 hanc

146 1024 337 1075 admonitionem
356 1026 453 1070 metata
472 1021 531 1068 anni
551 1015 627 1075 1818,
647 1018 788 1068 Khleselius
806 1034 862 1068 sero
880 1021 1019 1082 principatu
1038 1021 1149 1082 dejectus
1168 1026 1206 1070 est
1219 1020 1241 1069 d.
1258 1019 1303 1069 ²0.
1316 1019 1378 1069 Julii
1397 1020 1501 1082 ejusden

145 1096 213 1145 anui.
242 1093 282 1142 De
299 1099 410 1154 tempore
428 1090 533 1154 quidam,
552 1104 600 1152 quo
612 1089 735 1151 Keplems
753 1092 857 1152 priorem
870 1089 1023 1154 Prognostici
1042 1098 1138 1153 partem
1157 1092 1342 1154 conscripserit,
1363 1106 1416 1140 non
1433 1092 1500 1154 plane

146 1170 257 1220 oonststs
285 1163 332 1212 hoc
351 1168 449 1211 tantum
468 1167 563 1209 certum
579 1160 691 1217 ridetur,
720 1167 779 1210 ante
805 1161 869 1210 diem
888 1159 929 1208 21.
949 1161 1009 1211 Julii
1028 1159 1104 1210 1818.
1129 1161 1197 1211 illam
1226 1163 1398 1224 conscriptam
1425 1161 1500 1217 inisse,

145 1250 202 1286 eum
228 1248 286 1299 pag.
306 1230 358 1281 488
383 1232 463 1280 dicat:
483 1266 489 1278 .
510 1266 515 1278 .
536 1230 584 1279 Die
604 1231 752 1279 Finsterniss
774 1232 818 1280 der
846 1230 946 1281 Scunen
966 1266 972 1279 .
993 1267 1000 1280 .
1019 1267 1026 1280 .
1046 1232 1091 1282 aul
1111 1232 1160 1282 dau
1180 1231 1224 1281 21,
1243 1233 1307 1283 Julii
1326 1229 1498 1281 dieses-1618.

145 1307 234 1357 Jahres
248 1341 254 1353 .
270 1339 276 1352 .
291 1340 297 1353 .
312 1303 443 1352 verdon
462 1336 531 1349 ....
552 1301 590 1349 die
609 1301 771 1351 Amerihanar
788 1303 872 1351 seben.
920 1302 1028 1351 Diversis
1047 1309 1131 1352 autem
1150 1303 1304 1366 temporibus
1323 1304 1499 1368 prognosticum

144 1387 310 1448 conscriptum
329 1397 392 1438 esse,
411 1388 536 1431 testantur
552 1381 628 1429 rerba
646 1396 668 1443 p.
690 1378 755 1429 tae:
799 1375 858 1437 ,ich
888 1375 967 1428 hatte
989 1375 1043 1428 diss
1064 1376 1136 1430 mein
1157 1375 1376 1445 Prognosticum
1398 1377 1441 1429 bis
1461 1378 1499 1428 ds-

145 1459 212 1512 hero
234 1456 379 1517 variasset,
402 1454 479 1507 siche
500 1455 536 1506 da
555 1452 653 1522 kompt
672 1454 723 1507 mir
743 1455 786 1506 die
808 1454 937 1524 Zeitung,
961 1455 1014 1507 wie
1035 1471 1096 1508 vom
1117 1454 1163 1508 27.
1180 1459 1253 1526 Aug.
1277 1455 1325 1508 ein
1342 1456 1442 1509 Comet
1461 1472 1502 1525 ge·

145 1539 229 1592 seheri
245 1537 356 1589 worden
370 1533 445 1597 dsc.,“
469 1540 499 1586 et
511 1550 539 1600 p.
557 1533 626 1586 493:
654 1534 731 1595 ,dees
747 1535 831 1604 Tage,
854 1534 896 1586 als
916 1534 959 1587 ich
975 1534 1029 1587 dise
1045 1535 1167 1602 concept
1182 1551 1243 1588 zum
1258 1534 1501 1604 hinwegschichen

143 1615 309 1685 verlertigc‘
332 1613 478 1668 nunciatur
498 1612 621 1665 Lincium
643 1620 776 1667 mortuum
797 1630 858 1666 esse
879 1613 1060 1667 Archiducem
1081 1614 1303 1667 Maximilianum
1325 1613 1393 1680 (13.
1408 1610 1501 1677 Νοι.);

144 1704 251 1767 denique
268 1701 371 1751 ibidem:
407 1692 494 1755 „uach
516 1692 592 1744 einer
612 1709 702 1745 neuen
722 1694 872 1762 Beredung
892 1693 942 1746 mit
962 1694 1023 1746 dem
1043 1693 1170 1763 hiesigen
1189 1693 1335 1756 Druclrer,
1362 1696 1500 1747 unterdess

145 1776 196 1831 mir
216 1775 271 1828 diss
293 1773 446 1841 Exemplar
467 1772 551 1823 wider
572 1788 607 1823 zu
629 1772 708 1823 Haus
728 1771 854 1825 hominen
877 1770 942 1825 dic.u
983 1779 1170 1843 paragraphum
1183 1778 1214 1827 V.
1235 1776 1271 1842 (p.
1290 1776 1357 1836 488)
1378 1794 1436 1829 sero
1453 1787 1500 1842 post

143 1852 297 1904 Khlasalium
315 1850 439 1911 dejectum
458 1849 602 1910 conscripsit
619 1847 760 1910 Keplems,
787 1849 853 1898 haud
877 1849 977 1900 obscure
1004 1850 1147 1914 significans
1172 1856 1300 1899 auctorem
1320 1850 1499 1899 ferdinandum

144 1931 302 1982 archiducem
322 1927 386 1990 (nat
406 1929 428 1978 d.
449 1925 474 1976 8.
493 1928 552 1978 Julii
571 1944 592 1975 ι.
612 1936 642 1975 st.
666 1925 755 1988 1578),
774 1928 883 1978 addens:
909 1939 955 1983 ,es
977 1922 1013 1974 ist
1034 1921 1099 1975 lucin
1121 1921 1251 1992 Ungliiek
1273 1922 1300 1974 in
1321 1923 1501 1993 Regimeuten

144 2005 188 2058 nie
210 2021 240 2056 ιο
261 2019 350 2073 grass,
373 2020 402 2055 es
424 2002 517 2055 haben
538 2001 658 2070 gewisse
679 2008 817 2071 parteyen
834 2001 864 2069 jr
885 2002 976 2055 Gluek
997 2003 1050 2055 und
1067 2001 1152 2070 jhren
1173 2000 1286 2054 Schuitt
1306 2003 1448 2074 darbey.“

236 2094 280 2158 18)
298 2112 323 2159 p.
344 2093 403 2144 494.
442 2094 592 2145 Celenderis
610 2109 729 2144 annorum
748 2095 949 2145 antecedentium
967 2097 1174 2160 posteriommque
1189 2096 1269 2152 nulla,
1289 2104 1317 2145 ut
1331 2097 1448 2154 cliximm,
1464 2097 1499 2146 da·

144 2169 324 2233 prehendimus.
361 2166 424 2216 illud
453 2166 485 2214 ad
511 2180 603 2215 annum
623 2164 690 2214 1817
709 2169 761 2229 1ριι
780 2166 902 2229 Kaplems
928 2169 954 2216 in
981 2168 1114 2231 praemisso
1133 2168 1193 2216 dicit
1221 2164 1257 2230 (p.
1279 2165 1367 2228 488),
1398 2169 1500 2231 idemque

144 2247 242 2303 spectat
261 2239 379 2302 Georgius
406 2237 541 2299 christoph.
571 2237 602 2286 de
626 2236 878 2301 Schellenberg.
907 2237 1015 2288 Leobaci
1039 2237 1063 2285 d.
1083 2237 1107 2284 2.
1125 2237 1184 2287 ιιι.
1206 2234 1283 2286 1617.
1311 2239 1382 2288 haec
1408 2240 1499 2302 persed-

142 2311 203 2360 bens
231 2309 350 2373 Keplero:
387 2309 434 2356 ridi
458 2307 579 2372 propridia
605 2308 778 2370 Ephemeridee
811 2315 867 2356 tuas
900 2309 966 2371 apud
994 2308 1117 2372 quendam
1152 2315 1178 2356 et
1204 2309 1285 2358 obiter
1310 2312 1423 2372 percurri
1449 2311 1500 2358 susi

144 2381 229 2430 them
247 2386 401 2435 srtmctum,
426 2381 451 2427 in
476 2393 523 2442 quo
542 2393 585 2440 pro
601 2378 686 2439 judicii
704 2379 752 2428 mei
781 2380 904 2429 tenuitate
926 2378 1000 2442 paulo
1019 2380 1125 2442 penitius
1144 2380 1254 2427 animum
1273 2386 1348 2429 tnusn
1370 2380 1500 2443 introspexi·

145 2458 174 2501 ιιι
192 2452 233 2516 qui
250 2450 334 2505 mnudi
352 2451 477 2499 vanitates
495 2449 626 2504 immundi,
654 2451 733 2505 fixas,
752 2449 838 2499 laudas
857 2457 883 2497 et
901 2451 980 2499 firmos
998 2451 1077 2506 rides,
1107 2450 1139 2499 ad
1164 2449 1277 2499 sedulam
1302 2451 1413 2501 hortaris
1434 2451 1498 2498 odicii

145 2523 246 2572 verioris
265 2522 386 2571 culturam
405 2528 431 2569 et
449 2519 613 2579 concordiam,
633 2534 697 2584 quae
715 2535 762 2584 quo
782 2521 865 2570 animo
883 2521 927 2570 abs
940 2528 966 2570 te
979 2520 1099 2570 dictarat
1116 2521 1185 2576 nori;
1205 2521 1247 2570 alii
1267 2536 1319 2571 non
1340 2524 1409 2582 item,
1425 2527 1449 2568 ιι
1460 2520 1497 2582 qni

144 2595 233 2656 partim
252 2599 278 2641 te
298 2592 406 2647 atheum,
432 2592 523 2654 partim
541 2590 711 2645 haereticum,
729 2593 819 2655 partim
838 2597 1035 2647 assentatorem,
1054 2591 1200 2655 philamon,
1220 2599 1247 2640 et
1267 2595 1357 2642 nescio
1376 2591 1433 2658 quid
1448 2606 1497 2654 pro·

145 2663 293 2717 clamarunt,
309 2664 382 2724 juxto
399 2661 467 2718 illud,
486 2662 527 2725 qui
547 2660 622 2710 aedes
641 2664 665 2710 in
685 2663 725 2710 ria
744 2662 843 2718 extruit,
862 2677 962 2712 uxorem
980 2663 1057 2719 ducit,
1081 2669 1107 2712 at
1124 2661 1197 2710 libros
1217 2662 1278 2719 edit,
1297 2678 1327 2712 se
1347 2665 1452 2713 omnium
1468 2663 1497 2709 ori

144 2735 252 2798 exponit.
290 2731 406 2782 Oidciose
424 2733 499 2797 igitur
517 2734 605 2796 rogito,
624 2739 652 2781 ut
669 2731 715 2781 hoc
734 2748 789 2782 meo
806 2733 899 2782 lamule
918 2732 1042 2796 exemplar
1059 2733 1136 2793 illius,
1160 2733 1225 2797 quod
1245 2733 1347 2791 dicunt,
1366 2733 1498 2785 calendarii

144 2805 202 2854 nori
219 2805 382 2860 transmittas,
402 2818 449 2867 quo
468 2803 609 2867 diligentius
629 2805 770 2854 examinare
788 2817 885 2868 queam.
924 2803 951 2852 Sl
969 2810 995 2853 et
1013 2803 1064 2852 alia
1081 2803 1204 2867 quaedam
1226 2819 1294 2854 nora
1313 2806 1349 2855 sd
1367 2820 1410 2855 ros
1431 2818 1497 2867 appu·

145 2874 235 2931 lerunt,
254 2889 293 2924 me
312 2889 396 2925 eornm
415 2873 490 2923 redde
509 2875 662 2937 participem,
683 2876 848 2938 cumprimis,
867 2876 888 2923 si
906 2889 970 2938 quae
990 2875 1020 2924 de
1039 2874 1204 2930 iratemitate,
1225 2889 1303 2940 qnam
1322 2875 1408 2925 Rosse
1423 2874 1497 2923 Crucis

143 2952 249 3003 vocant,
278 2945 382 3009 adeptus
401 2946 490 3001 tueris,
518 2945 548 2994 de
573 2960 620 3008 quo
639 2947 739 3010 negotio
758 2960 852 2994 summo
871 2945 991 2994 desiderio
1011 2951 1080 2994 tuum
1099 2945 1211 2995 desidero
1227 2946 1364 3008 judicium.
1410 2945 1498 2995 Videris

144 3018 232 3083 quippe
251 3017 310 3066 mihi
327 3018 353 3065 in
371 3015 456 3066 schola
474 3015 650 3080 philosophica,
670 3018 695 3064 in
714 3030 763 3079 qua
780 3017 840 3065 nihil
858 3017 996 3079 profanum,
1016 3029 1090 3080 agere
1108 3016 1225 3075 militem,
1245 3030 1294 3066 nea
1311 3019 1376 3082 jugo
1394 3017 1436 3066 illo
1453 3031 1496 3064 ser·

143 3089 196 3138 ritii
221 3088 355 3137 scribarum
380 3093 407 3137 et
431 3085 648 3137 cathedriarioruru
674 3086 821 3138 scholastico
848 3088 942 3150 premi,
970 3087 1015 3149 sed
1037 3088 1090 3152 jugi
1116 3087 1226 3152 gaudere
1243 3087 1366 3138 libertate
1385 3093 1411 3138 et
1430 3087 1498 3137 suini

143 3158 330 3223 tranquillitate.
351 3180 385 3191 -

232 3245 400 3309 Keplerus
419 3245 451 3294 ad
471 3245 576 3294 amicum
595 3244 842 3309 Berneggerum
861 3241 1032 3309 (Argentorati
1050 3242 1223 3309 professorem)
1242 3246 1308 3296 haec
1329 3247 1412 3297 dedit:
1431 3283 1438 3296 .

142 3321 265 3374 Deseror
279 3335 296 3372 a
312 3317 485 3372 caesarianis
496 3316 553 3369 fisci
567 3317 800 3386 procuratoribus,
823 3334 876 3371 non
898 3317 1042 3371 solvuntur
1063 3317 1171 3388 reliqua
1184 3336 1260 3382 mea:
1282 3320 1398 3375 ridetur
1418 3329 1496 3375 aeuo

142 3399 250 3454 nomiae
272 3398 353 3453 matri
373 3399 522 3467 petendum
543 3396 691 3450 subsidium
712 3399 748 3451 ab
770 3397 926 3469 astrologia
947 3397 1131 3452 meretricula.
1161 3399 1194 3453 ln
1214 3399 1241 3452 id
1262 3399 1356 3470 igitur
1378 3400 1496 3455 incumbit

143 3479 338 3551 typographus
359 3494 443 3542 meus,
469 3483 501 3529 nt
521 3473 651 3548 magnum
673 3477 792 3547 aliquem
813 3494 954 3530 numerum
968 3477 1206 3549 prognosticorum
1222 3495 1349 3534 meorum
1365 3482 1495 3538 extrudet

142 3559 271 3630 cupitque
293 3557 394 3612 certior
415 3558 481 3620 lieri,
503 3573 567 3611 num
588 3555 687 3627 aliquis
709 3574 837 3611 numerus
858 3557 1031 3627 Argentinae
1052 3557 1169 3612 distrahi
1188 3559 1289 3628 possit.
1318 3561 1365 3614 En
1386 3561 1437 3614 tibi
1455 3576 1495 3612 er·

142 3640 261 3708 emplum
292 3637 370 3691 horni
400 3636 584 3707 prognostici;
615 3637 817 3705 praefationem
848 3635 909 3705 ejus
940 3637 1033 3708 cogito
1063 3639 1192 3691 recudere
1224 3638 1252 3692 in
1274 3641 1421 3711 sequentis
1441 3638 1495 3692 anui

140 3718 327 3789 prognostico,
351 3717 374 3770 si
395 3717 594 3770 uixero.⁴Eam
616 3725 654 3778 tu,
677 3733 723 3769 cor
744 3717 899 3779 amicorum,
920 3716 986 3787 lege
1007 3723 1039 3770 ut
1059 3724 1246 3786 personatam.
1269 3719 1419 3774 certatum
1435 3719 1495 3772 enin

140 3798 212 3851 scias
234 3797 261 3852 iu
283 3796 403 3851 Comitiis
425 3799 458 3849 de
480 3813 539 3849 meo
561 3796 681 3861 salario,
714 3797 939 3867 oppugnantibus
971 3814 1013 3849 ure
1033 3797 1172 3867 plerisque
1194 3815 1232 3850 ex
1253 3801 1381 3868 equestri
1395 3801 1494 3857 ordine,

139 3877 350 3931 defendentibus
382 3875 546 3937 baronibus;
577 3876 683 3945 vicique
715 3873 816 3941 (rerum
847 3872 974 3948 ignarus)
1005 3877 1129 3945 pluribus
1151 3878 1231 3931 uotis.
1276 3879 1352 3941 Quin
1374 3880 1454 3933 etiam
1473 3877 1494 3928 in

140 3957 270 4011 solatium
300 3956 498 4026 ignominiosae
528 3955 744 4026 oppugnationis
773 3959 807 4009 ad
829 3956 888 4009 Cal.
909 3957 971 4010 ιιι.
998 3957 1137 4010 decretum
1165 3957 1231 4010 mihi
1252 3957 1433 4013 honorarium
1452 3973 1494 4027 pru

139 4035 324 4097 dedicatione;
355 4053 470 4099 vereor,
502 4041 533 4089 ut
554 4034 579 4088 id
601 4037 638 4088 sit
659 4053 676 4089 a
697 4035 846 4089 uictoribus
869 4037 903 4090 ad
924 4038 1126 4105 provocandum
1146 4037 1268 4091 dolorem
1291 4039 1384 4108 partis
1405 4039 1493 4091 victae.

140 4116 212 4171 Nam
233 4116 309 4169 nullo
331 4116 393 4168 velo
413 4115 534 4186 palliata
555 4122 598 4168 est
619 4115 721 4168 invidia
741 4133 861 4169 meorum
889 4115 1121 4181 adversariorum
1152 4122 1264 4171 constat
1297 4117 1373 4173 inter
1403 4131 1491 4175 omnes,

140 4195 285 4266 religionis
306 4213 368 4249 esse
389 4211 509 4260 causam,
532 4212 709 4265 quaecunque
731 4196 789 4249 alia
808 4201 987 4266 praetexant.

229 4275 307 4330 Haec
329 4281 360 4329 ut
381 4275 460 4328 amici
481 4275 508 4329 in
529 4277 618 4329 sinum
639 4277 755 4329 effundo.
798 4276 839 4330 Tu
861 4277 933 4339 vale,
955 4292 1052 4348 meque
1074 4291 1144 4330 ama.

299 4354 387 4409 Lincii
409 4357 435 4408 d.
460 4357 486 4409 7.
507 4356 588 4410 Febr.
614 4353 698 4411 1617.

229 4449 324 4510 Quibus
342 4466 417 4515 quum
435 4451 558 4514 Keplerns
578 4450 699 4500 addiderit
717 4450 840 4513 quaedam
859 4452 889 4501 de
902 4451 968 4502 lano
986 4451 1197 4516 Gringalleto,
1217 4465 1293 4515 quem
1312 4454 1359 4517 ipsi
1378 4467 1490 4504 commen·

139 4520 259 4570 daserant
276 4523 501 4586 Berueggerus
519 4527 546 4571 et
564 4522 735 4571 Florianus
754 4520 884 4571 crusius
903 4521 1031 4583 (Polonus,
1049 4523 1114 4573 med.
1134 4522 1228 4579 doctor,
1247 4531 1303 4572 tum
1322 4526 1436 4589 temporis
1451 4525 1490 4572 sr-

79 4643 86 4655 ,
139 4594 258 4656 gentinae
277 4607 377 4642 versans
396 4593 531 4641 studiomm
551 4605 636 4648 causa,
656 4590 817 4641 Susianorum
836 4593 940 4657 posthac
959 4600 1046 4643 auctor
1063 4592 1186 4652 celeber).
1213 4592 1246 4642 sd
1274 4595 1413 4657 jurandum
1430 4594 1490 4657 Kep-

137 4661 215 4711 lerum
232 4663 258 4711 in
278 4662 397 4721 calculis,
417 4670 443 4713 st
461 4677 488 4711 se
507 4663 662 4711 excusaverit
678 4662 742 4712 mole
760 4665 933 4729 negotiorum,
952 4679 996 4714 cur
1014 4666 1095 4714 miuus
1112 4663 1263 4728 respoudeat
1283 4664 1380 4724 Crusio,
1399 4680 1490 4729 respon·

137 4732 231 4782 donem
256 4733 289 4782 ad
306 4733 408 4798 Kepleri
433 4733 518 4782 literas
545 4733 570 4781 iu
589 4747 616 4781 se
634 4735 743 4797 suscepit
761 4732 897 4784 Orosius
920 4735 986 4785 hunc
1005 4736 1029 4784 in
1049 4735 1161 4786 modum:
1181 4733 1268 4792 Tuas,
1298 4738 1336 4785 sir
1361 4751 1453 4786 summe
1470 4741 1491 4783 st

137 4805 237 4866 optime,
256 4804 341 4853 literas
360 4818 376 4853 a
393 4804 470 4853 tribus
489 4804 538 4851 tuis
557 4805 658 4852 summis
676 4805 770 4860 amicis,
787 4808 912 4866 servitore,
932 4807 1090 4858 observatore
1108 4811 1134 4857 et
1152 4805 1255 4867 cultore,
1277 4807 1414 4858 clarimirm
1432 4805 1492 4866 ride·

137 4872 196 4925 llcet
213 4873 246 4925 D.
267 4874 302 4924 hl.
322 4874 493 4941 Bemeggero,
519 4881 572 4924 turn
598 4873 630 4922 D.
657 4875 818 4942 Gringalleto,
845 4886 871 4927 et
894 4892 934 4929 me
960 4877 1052 4929 dudum
1079 4877 1313 4943 exspectatas,1b⁷.
1332 4876 1493 4933 sonanti
