3278 5542
728 343 892 395 samium-
1425 348 1491 414 aas

122 502 224 583 piunt.
272 491 391 562 Cetera
408 517 485 581 quae
513 500 647 579 allegas,
677 503 756 563 levia
784 511 871 564 suut:
907 512 1134 584 praeceptorem
1157 507 1233 582 dixi,
1264 507 1334 586 quia
1361 526 1397 570 ex
1426 511 1491 588 ejus

124 592 205 654 libro
238 588 340 669 aliqua
371 589 531 651 hauseram
562 589 667 651 utilia:
701 590 919 653 nobilissimum
948 611 1037 668 vero,
1080 594 1151 673 quia
1179 595 1227 657 his
1264 595 1293 655 in
1329 598 1492 675 provinciis

125 679 362 743 Austriacorum
385 677 540 740 nobilitati
564 678 654 740 datur
677 679 804 742 eruditio
832 686 864 741 et
886 700 991 743 munus
1016 681 1153 745 aulicum.
1200 683 1392 766 Hypotheses
1420 705 1491 749 vero

124 768 191 849 ejus
216 766 285 841 feci,
310 765 340 829 in
364 765 471 848 quibus
495 765 609 847 aliquid
631 767 770 830 mutavit.
818 769 899 831 Nam
923 770 949 831 si
973 770 1050 832 bene
1071 771 1201 845 memini,
1226 773 1348 834 Terram
1372 774 1490 854 etipse

124 858 237 930 solvit,
267 865 301 917 et
321 855 352 917 iu
374 855 487 918 Martis
510 855 622 917 circulo
646 857 813 935 discrepat,
848 858 927 932 sive,
953 865 987 918 ut
1010 859 1098 930 dicis,
1130 868 1221 923 errat.
1268 861 1347 922 Nam
1371 864 1429 923 etsi
1453 883 1491 924 ex

123 945 293 1008 hlaestlino
317 943 354 1004 de
378 945 435 1006 hac
458 950 490 1005 te
512 944 592 1006 inter
615 952 648 1006 et
669 946 780 1008 Ursum
806 947 1013 1008 controversia
1040 948 1111 1010 olim
1134 949 1355 1025 inaudiveram,
1388 958 1490 1012 tanen

123 1054 192 1097 cum
226 1040 261 1095 et
288 1031 430 1113 Maginus
457 1033 487 1093 in
511 1032 604 1095 Italia
627 1042 659 1094 et
688 1034 850 1097 Roeslinns
882 1035 912 1096 in
947 1036 1071 1098 Alsatia
1104 1037 1214 1117 singuli
1246 1056 1300 1118 pro
1331 1058 1363 1099 se
1393 1040 1490 1101 simile

123 1122 279 1205 quippiam
304 1140 342 1183 ex
366 1121 583 1203 hypothesibus
607 1119 766 1200 Copernici
790 1122 989 1198 derivassent‚
1016 1124 1230 1188 existimabam
1254 1126 1333 1187 idem
1357 1138 1388 1188 et
1410 1129 1489 1190 Urso

121 1212 301 1292 excogitata
315 1211 448 1289 proclive
464 1209 569 1272 luisse.
584 1205 611 1283 ²)
656 1211 791 1291 Denique
808 1213 886 1292 qnod
900 1213 967 1275 finis
982 1213 1129 1293 principio
1155 1215 1320 1295 respondet
1343 1216 1415 1276 nihil
1431 1218 1489 1278 mi-

122 1314 211 1375 rum,
224 1319 281 1362 neo
297 1299 359 1360 ulla
373 1298 403 1360 in
417 1306 490 1360 voto
503 1298 693 1378 improbitas,
717 1307 751 1361 ut
764 1300 888 1372 „valeat
912 1301 1061 1363 sideribus
1077 1310 1109 1363 et
1127 1303 1305 1365 scientiae“.
1352 1305 1388 1365 Id
1403 1305 1489 1384 equi-

122 1390 192 1453 dem
216 1389 355 1462 studeat,
379 1387 551 1450 maledictis
574 1387 695 1450 omissis
719 1396 750 1449 et
776 1408 857 1451 vana
881 1390 1097 1454 ostentatione.
1143 1391 1266 1466 „Decus
1290 1399 1391 1454 autern
1408 1391 1489 1455 Ger-

122 1477 269 1543 maniae“
293 1475 367 1538 mihi
393 1475 520 1557 quilibet
544 1484 606 1552 est,
638 1477 685 1539 cui
709 1485 827 1540 tantum
850 1478 962 1555 tribuo,
988 1488 1129 1558 quantum
1144 1480 1188 1542 illi
1212 1480 1392 1556 tribuebam,
1422 1482 1493 1563 quia

121 1588 232 1650 nempe
265 1564 494 1627 mathemata
525 1584 647 1626 verum
679 1565 789 1627 decus
822 1576 908 1628 sunt
937 1568 1044 1630 unius
1074 1566 1303 1631 Germaniae.
1333 1600 1374 1612 -
1406 1572 1489 1632 llaec

121 1658 199 1721 adeo
214 1654 342 1737 prolixe,
365 1672 431 1715 cum
447 1662 481 1716 ut
495 1654 629 1716 dolorem
643 1672 741 1715 meum
766 1663 897 1717 testarer
916 1657 1001 1734 justa
1021 1658 1151 1737 querela,
1175 1666 1237 1719 tum
1261 1666 1295 1718 ut
1318 1667 1487 1740 appareret,

121 1744 268 1809 arbitrari
290 1760 337 1804 me
361 1760 419 1803 uon
443 1744 563 1804 omnino
586 1740 660 1804 nibil
684 1744 724 1804 ad
747 1762 845 1806 meam
869 1744 1126 1809 existimationem
1155 1746 1321 1826 pertinere,
1354 1748 1431 1828 quod
1456 1756 1487 1809 tu
1599 1744 1607 1753 '

257 1831 383 1894 sentias.

121 1836 159 1899 ὼ
183 1855 263 1985 mgd
288 1927 462 1993 extremum,
487 1927 614 1977 concludit
631 1926 767 1990 Keplerus,
787 1927 821 1977 ad
838 1927 1001 1978 Maestliuum
1019 1928 1138 1992 loquens,
1168 1922 1285 1994 addidi,
1310 1941 1367 1983 non
1391 1923 1486 1984 videti

122 2014 246 2094 dignum
271 2008 421 2091 'lychonis
444 2006 668 2086 magnitudine,
702 2015 821 2068 uttam
845 2010 1044 2070 vehementer
1066 2008 1104 2068 ob
1134 2009 1210 2070 hanc
1238 2011 1486 2072 obtrectationem

121 2107 356 2167 commoveatur.
404 2097 542 2157 Patietur
565 2096 666 2175 potius
691 2115 783 2175 opera
806 2115 859 2174 pro
884 2106 1013 2177 utroquo
1039 2097 1130 2176 loqui,
1154 2117 1289 2173 securus,
1314 2099 1383 2180 quid
1407 2100 1487 2162 docti

122 2191 242 2255 emori
265 2188 335 2250 siut.

192 2364 297 2428 'l'ycho
314 2363 353 2411 his
370 2359 473 2424 Kepleri
490 2360 567 2408 literis
584 2359 710 2421 respondit
729 2355 764 2419 (d.
785 2356 809 2406 ll.
829 2359 892 2409 Dec.
914 2357 994 2421 1599)
1019 2359 1143 2423 pluribus,
1165 2374 1267 2425 quorum
1293 2374 1337 2419 ea,
1364 2376 1429 2427 quae
1452 2363 1484 2413 ad

120 2437 283 2488 Predromunr
300 2435 439 2497 pertinent,
457 2444 533 2493 supra
557 2429 708 2478 exhibuimus
732 2428 802 2494 (pag.
821 2427 855 2477 46
873 2427 930 2494 sq).
970 2431 1041 2490 Quae
1059 2431 1107 2480 huo
1126 2436 1265 2495 pertinent,
1294 2433 1389 2483 haecce
1411 2442 1486 2484 sunt:

193 2506 400 2570 Exoptatissimas
413 2509 439 2551 et
451 2502 628 2551 eruditissimas
645 2507 702 2548 tuas
718 2500 812 2557 literas,
826 2501 870 2550 Vir
882 2501 1040 2557 Doctissime,
1060 2509 1086 2551 et
1098 2503 1128 2552 ob
1142 2505 1243 2553 eximias
1255 2505 1348 2569 ingenii
1361 2507 1396 2554 tui
1416 2506 1486 2555 dotas

121 2578 192 2643 (hest
206 2579 239 2629 de
251 2577 316 2626 iscis
328 2575 390 2624 mihi
398 2572 505 2623 necdum
520 2567 630 2637 cognite)
643 2571 772 2634 plurimum
785 2578 870 2621 umen
882 2573 984 2631 dilecte,
1005 2575 1091 2636 accepi
1108 2575 1273 2636 praecedente
1287 2581 1384 2625 metata
1396 2576 1484 2626 Witte·

120 2652 222 2716 leugae,
241 2647 315 2712 paulo
335 2651 469 2708 utequam
487 2643 545 2692 inde
564 2643 725 2698 decederem,
745 2657 800 2690 cum
818 2644 844 2691 in
862 2646 991 2707 procinctu
1011 2659 1091 2693 essem
1109 2646 1204 2693 itineris
1216 2645 1350 2696 Bohemici.
1379 2647 1485 2713 ideoque

120 2730 174 2773 am
192 2723 226 2770 iis
244 2717 408 2782 respondendi
426 2714 492 2764 nulla
513 2714 620 2763 dabatur
643 2716 827 2776 opportunitas,
856 2717 892 2762 nti
915 2729 994 2778 neque
1017 2722 1105 2778 postea
1127 2730 1204 2780 usque
1229 2718 1253 2764 in
1276 2717 1323 2766 hoc
1340 2724 1437 2782 tempus
1455 2719 1485 2768 ob

120 2808 201 2844 rerum
220 2803 333 2840 mearum
349 2786 556 2841 vicissitudinem,
582 2791 609 2835 et
632 2798 721 2833 novum
744 2785 878 2835 earundem
903 2787 928 2834 in
951 2786 1011 2835 locis
1034 2788 1168 2850 peregrinis
1193 2795 1350 2850 appaream.
1388 2788 1484 2839 Nactus

123 2872 210 2915 aetem
227 2865 282 2925 jam
301 2857 481 2923 aliquantulum
498 2857 551 2912 otii,
570 2859 622 2905 unt
640 2869 696 2905 cnm
713 2857 827 2905 mittendi
841 2857 873 2906 ad
885 2863 911 2905 te
923 2871 992 2906 meas
1006 2856 1188 2915 commoditate,
1207 2873 1257 2906 non
1274 2859 1365 2908 diutius
1382 2861 1485 2923 rescrip-

120 2937 187 2986 tiose
206 2931 417 2996 supersedendum
436 2928 569 2976 arbitratus
588 2942 650 2976 sum.
1007 2955 1019 2967 ·

190 3005 266 3065 Quae
284 3004 316 3052 ab
333 3002 402 3050 initio
421 3000 452 3048 de
470 2998 625 3047 maleieriato
648 2998 696 3045 isto
715 2997 778 3046 Urso
802 2999 838 3046 tui
856 2997 978 3062 purgandi
1002 3010 1080 3046 causa
1103 2999 1196 3061 prolixe
1220 3013 1410 3056 commemoras,
1434 3015 1482 3049 non

120 3078 235 3144 equidem
252 3081 292 3123 tot
309 3074 388 3123 verbis
408 3077 434 3120 et
452 3075 503 3118 tam
523 3070 646 3133 exquisita
663 3067 833 3117 declaratione
852 3070 1022 3133 indiguissent,
1043 3083 1099 3117 cnm
1116 3070 1222 3132 ipsemet
1240 3070 1303 3118 aliae
1315 3076 1341 3119 te
1359 3071 1420 3119 satis
1438 3085 1483 3120 ex·

120 3157 236 3200 enatum
253 3146 361 3211 habeam
379 3141 487 3205 nihilque
506 3141 551 3190 tibi
568 3141 700 3204 imputem,
718 3140 782 3202 qnod
801 3141 822 3187 is
839 3139 924 3188 literas
943 3147 1013 3194 tuas.
1033 3147 1059 3188 et
1077 3153 1120 3188 eas
1139 3141 1251 3204 quidem,
1270 3143 1306 3190 uti
1325 3155 1391 3191 nunc
1409 3157 1439 3191 ex
1457 3149 1483 3190 te

119 3222 237 3285 percipio,
256 3217 385 3266 mutilatae
404 3220 430 3262 et
448 3213 609 3274 depravatae,
629 3212 666 3259 sui
686 3210 789 3260 ornandi
815 3225 904 3270 causa,
931 3225 989 3259 narn
1011 3212 1047 3260 sio
1066 3211 1128 3260 iorte
1146 3227 1207 3275 opus
1224 3211 1324 3270 habuit,
1349 3214 1395 3262 isto
1418 3214 1483 3278 quod

120 3292 245 3357 evulgavit
264 3287 357 3338 scurrili
376 3290 403 3334 et
419 3283 552 3332 maledieto
571 3283 674 3345 scripto,
701 3287 726 3329 te
750 3282 827 3331 inscio
852 3289 878 3331 et
900 3283 977 3330 invito
995 3283 1134 3330 inseruerit.
1170 3281 1209 3332 De
1227 3281 1403 3347 hypothesibus
1421 3287 1483 3334 meis

120 3364 210 3413 abillo
230 3359 366 3424 praereptis
384 3363 412 3405 et
428 3370 472 3418 pro
490 3355 541 3402 suis
559 3353 693 3402 venditatis
712 3367 762 3401 non
781 3358 855 3401 tanta
876 3359 942 3402 esset
959 3354 1079 3416 quaestio.
1100 3354 1147 3401 nisi
1164 3355 1191 3402 in
1208 3355 1255 3403 isto
1274 3356 1439 3405 inverecundo
1458 3362 1484 3405 et

120 3432 242 3500 figmentis
263 3438 338 3495 atque
357 3427 487 3478 calumniis
505 3430 619 3474 scatente
637 3424 698 3472 libro
717 3423 833 3472 honorem
852 3430 878 3472 et
896 3425 1102 3473 existimationem
1114 3438 1205 3479 meam.
1225 3427 1274 3473 imo
1292 3427 1409 3489 patriam,
1427 3442 1482 3490 pro-

120 3506 223 3569 uptam,
242 3504 340 3552 domum
357 3497 563 3555 honestissimam,
583 3495 798 3558 impudentissimis
817 3501 843 3543 et
866 3495 1044 3543 scelestissimis
1062 3495 1214 3552 mendaciis,
1233 3497 1328 3545 scurrili
1347 3504 1373 3546 et
1390 3511 1483 3546 vesano

120 3577 216 3626 calamo
236 3574 367 3628 arrodere,
392 3576 419 3620 et
441 3568 604 3633 quantumin
623 3568 675 3630 ipso
695 3572 733 3615 est
752 3566 880 3614 delamare
899 3581 948 3614 non
972 3566 1121 3623 erubuisset,
1145 3580 1201 3614 cum
1219 3573 1304 3615 tamar
1322 3568 1427 3629 ipsemet
1444 3570 1481 3617 la·

120 3654 201 3697 terum
219 3648 245 3694 in
264 3644 433 3708 praelatione,
452 3653 493 3687 me
512 3639 574 3688 bene
594 3652 648 3686 esse
667 3637 697 3686 de
717 3636 758 3685 illo
776 3638 905 3690 meritum,
926 3644 951 3685 et
969 3636 1041 3684 adest
1058 3637 1118 3684 mihi
1137 3650 1236 3686 cannen
1255 3637 1377 3700 quoddam
1397 3640 1481 3700 ipsius,

120 3716 175 3770 lieet
186 3717 284 3767 insulsa
303 3712 351 3776 (uti
364 3708 438 3772 solet)
458 3724 522 3757 vena
540 3708 672 3763 effutitum,
693 3709 837 3770 propriaque
858 3711 910 3769 ejus
929 3709 1148 3769 manuscriptum,
1161 3722 1208 3771 quo
1228 3707 1287 3756 mihi
1305 3709 1401 3773 gratias
1419 3711 1480 3772 ugit,

120 3789 180 3854 qud
198 3803 251 3838 non
270 3787 359 3836 salam
378 3798 422 3848 per
438 3780 562 3845 plusculos
581 3781 650 3835 dies,
671 3794 726 3827 cum
746 3779 878 3841 aliquando
898 3779 1046 3841 Uraniburgi
1066 3778 1132 3840 apud
1149 3793 1189 3827 me
1208 3785 1285 3834 esset,
1305 3780 1359 3827 cibo
1379 3785 1405 3828 et
1422 3787 1481 3842 potu

120 3861 184 3910 ihm
201 3859 307 3923 largiter
331 3856 449 3909 alneum,
476 3851 521 3901 sed
546 3858 571 3899 et
595 3853 696 3914 insuper
720 3850 857 3899 discedenti
880 3852 998 3912 pecunias
1021 3849 1137 3897 dederim.
1151 3845 1173 3910 ⁸)
1210 3849 1248 3898 lin
1267 3849 1365 3913 qualem
1382 3865 1426 3913 pro
1443 3849 1481 3898 his

121 3939 192 3997 etque
212 3931 268 3980 alins
286 3928 362 3978 refert
380 3917 506 3993 gratiam!
544 3921 708 3972 Occasionem
727 3923 814 3969 sumsit
831 3921 916 3969 homm
936 3922 1109 3974 convitiorum.
1136 3920 1200 3985 quod
1219 3922 1245 3969 in
1264 3920 1284 3969 1.
1303 3928 1386 3970 nostro
1405 3920 1481 3969 Tomo

121 4002 284 4069 Ephtolarum
302 3999 530 4048 Astronomicarum
550 3999 618 4042 extet
637 3992 695 4041 Chr.
715 3991 867 4040 Rothmanni
892 3993 1012 4055 epistola,
1039 3993 1064 4040 in
1088 4005 1138 4055 qua
1157 3991 1246 4040 Ursum
1265 3993 1338 4041 istum
1360 3995 1481 4056 impurum

121 4083 190 4125 neat
207 4072 365 4130 nebulonem,
384 4069 465 4134 qualis
484 4066 549 4114 enim
569 4071 635 4113 esset
653 4066 677 4112 in
698 4064 757 4112 aula
774 4064 811 4111 sui
825 4065 942 4126 principis
954 4064 1009 4127 ipsa
1021 4064 1173 4126 experientia
1185 4063 1296 4119 edoctus,
1315 4068 1367 4112 tum
1386 4078 1481 4127 quoque

121 4145 239 4196 ulatione
258 4143 361 4192 eliorum
380 4155 410 4189 ex
428 4141 458 4188 iis
476 4136 545 4191 locis,
564 4136 606 4183 uhi
625 4143 703 4185 antea
720 4136 823 4183 vixerat.
852 4134 906 4199 Ego
925 4149 980 4183 vero
999 4136 1024 4182 in
1040 4134 1094 4182 alia
1111 4134 1219 4198 quadam
1238 4134 1271 4184 ad
1289 4135 1383 4183 dictum
1401 4133 1479 4183 Roth·

121 4231 237 4267 nannum
256 4213 362 4278 epistola
379 4213 405 4261 id
423 4210 513 4260 saltem
532 4208 656 4256 mimetice
674 4206 754 4255 resero
773 4211 798 4255 et
816 4206 886 4254 simul
904 4206 1011 4262 insinuo,
1030 4220 1077 4268 quo
1091 4205 1146 4254 dolo
1159 4205 1282 4269 quaedam
1294 4219 1325 4255 ex
1336 4207 1398 4254 meis
1412 4206 1480 4254 clan-

121 4289 199 4339 culum
218 4286 390 4340 subtraxerat,
415 4295 517 4346 quorum
535 4278 654 4327 nonnulla
671 4278 766 4339 recepi,
789 4290 854 4340 quae
874 4278 1008 4325 etiamnum
1026 4277 1102 4339 ipsius
1120 4290 1196 4325 manu
1215 4274 1300 4340 (quam
1318 4290 1411 4342 negare
1430 4291 1480 4325 nou

121 4357 211 4424 potest)
231 4363 337 4408 exarata
355 4368 432 4418 penes
450 4366 490 4400 me
502 4355 574 4404 sunt;
594 4355 620 4398 et
638 4362 708 4404 sane,
728 4350 749 4396 si
767 4347 826 4395 mihi
846 4349 921 4396 otium
941 4347 1118 4412 agrarioribus
1137 4347 1224 4396 studiis
1243 4353 1302 4396 tunc
1320 4348 1480 4410 superfuisset

122 4414 235 4496 phialas
253 4428 317 4488 illas,
338 4427 395 4475 dum
413 4426 479 4487 typis
497 4421 586 4469 amuis
606 4419 798 4475 excudebantur,
819 4420 900 4481 quoad
918 4417 1016 4482 singula
1034 4425 1153 4466 contenta
1169 4418 1304 4474 revidendi,
1324 4433 1374 4466 non
1392 4432 1479 4480 passus

122 4502 217 4553 bissem
241 4501 330 4549 librum
350 4497 417 4546 illum
438 4508 510 4544 arne
532 4492 624 4540 editum
643 4491 713 4539 istius
733 4490 801 4539 efferi
820 4496 846 4537 et
863 4490 940 4552 putidi
959 4489 1013 4538 Ursi
1033 4491 1131 4537 nomine
1150 4490 1319 4552 conspurcari,
1347 4503 1396 4537 non
1414 4489 1480 4552 quod

122 4572 269 4637 winedi
288 4569 406 4631 adinum
419 4565 527 4630 epitheto
539 4562 655 4627 mugnus
668 4563 763 4611 censeri
775 4561 860 4624 possit,
881 4567 925 4610 aut
944 4560 995 4609 ulla
1012 4560 1047 4608 illi
1065 4560 1201 4610 secundum
1216 4560 1341 4609 hominum
1361 4567 1480 4610 consueta

122 4645 210 4697 adime
226 4641 349 4708 loquendo
367 4641 403 4690 sic
421 4638 493 4688 lieret
510 4635 612 4696 injuria,
635 4639 708 4696 prout
726 4648 774 4681 non
795 4631 885 4680 saltem
903 4631 1089 4688 Rothmannus,
1116 4631 1160 4681 sed
1179 4633 1256 4683 etiam
1273 4631 1344 4681 multi
1363 4631 1419 4689 alii,
1438 4633 1479 4696 qui

122 4730 172 4769 tm
189 4716 255 4765 satie
272 4725 371 4768 novere,
390 4714 546 4773 perspectum
564 4703 671 4761 habent,
697 4720 782 4753 rernm
805 4704 864 4766 quia
882 4718 931 4751 uon
950 4703 1055 4752 libenter
1073 4704 1098 4751 in
1116 4704 1179 4752 meis
1197 4704 1295 4766 scriptis
1313 4703 1385 4752 ullius
1402 4704 1479 4752 vitam

122 4794 250 4843 amaru,
269 4782 453 4850 quaerensque
471 4779 529 4835 rint,
549 4777 694 4840 perstringo,
712 4775 779 4825 unde
797 4775 872 4824 etiam
890 4774 915 4823 in
931 4772 1036 4837 epistola
1046 4771 1082 4823 ll.
1095 4773 1130 4823 D.
1139 4773 1195 4824 Jac.
1206 4772 1283 4823 Cordi
1296 4789 1319 4824 o.
1330 4788 1374 4829 sn..
1391 4781 1481 4837 postes

123 4856 300 4923 llandesburqi
318 4868 335 4905 s
351 4867 392 4904 me
409 4852 471 4903 libro
489 4851 520 4899 de
532 4845 684 4897 llechanioa
695 4846 853 4897 araonomta
870 4845 1012 4908 subjuncta,
1029 4859 1120 4897 nomen
1138 4845 1209 4895 istim
1227 4846 1305 4903 omisi,
1323 4852 1380 4895 utut
1398 4845 1479 4895 uetur
