3278 5542
649 306 731 358 Notae
750 310 865 359 ancwris.
1375 311 1431 375 111

106 469 220 540 isquam
241 470 341 524 habet:
365 475 397 524 ut
411 469 517 524 scilicet
538 469 644 524 numeri
659 487 770 533 omnes,
796 470 843 541 qui
862 487 946 524 unum
969 472 1088 542 aliquem
1107 472 1287 536 emetiuntur,
1312 474 1341 527 in
1355 491 1438 528 unum

106 548 199 611 ussati,
224 555 346 619 aequent
358 557 555 604 mensuratum.
596 550 650 604 Est
663 550 770 621 quidem
785 551 941 621 aequalitas
958 552 1102 619 pulchrum
1120 551 1273 623 quippiam,
1298 556 1346 607 aed
1366 554 1437 609 haec

106 628 232 700 qualitas
247 629 365 682 numeris
380 628 463 698 ipsis,
488 631 597 683 ratione
618 629 661 682 sui
675 629 794 699 ipsorum
817 631 988 700 singulorum
1012 639 1056 684 est
1070 631 1267 693 accidentariar
1292 650 1342 686 nec
1361 633 1435 703 quic·

106 725 153 764 am
168 710 254 762 affert
267 709 302 762 ad
317 725 410 762 eorum
426 709 666 772 constitutionem,
682 711 730 762 sed
744 710 866 763 resultat
879 711 1047 765 necessitate
1062 710 1233 782 geometrica
1246 728 1283 764 ex
1296 711 1356 780 jam
1372 731 1434 766 eon·

106 788 193 852 tntia;
217 806 267 842 nec
281 788 329 841 dat
343 788 409 858 ipsis
425 790 485 854 boc,
511 796 543 843 ut
556 789 611 842 sint
624 788 713 860 magis
729 789 883 851 articulati;
908 806 966 842 cum
985 797 1077 844 tamen
1093 791 1165 844 circa
1179 791 1266 860 ipsam
1282 791 1353 845 banc
1368 793 1434 846 arti·

106 868 242 922 lationem
256 876 415 938 occupetur,
433 876 462 922 et
477 885 512 923 ea
526 871 723 939 quodammodo
738 868 898 923 definiatur:
921 870 986 939 quin
997 870 1098 939 potius,
1115 870 1160 939 qui
1172 870 1290 937 jubetur
1309 871 1381 924 banc
1395 872 1435 925 sic

106 953 174 1001 tam
188 947 387 1018 perfectionem
401 949 545 1012 affectare,
570 948 593 1001 is
607 948 660 1002 boc
675 949 734 1017 ipso
749 949 992 1011 circumscribitur,
1015 968 1049 1003 ne
1073 950 1162 1018 possit
1176 967 1282 1003 sumere
1302 951 1433 1005 articula·

106 1027 200 1082 simos.
242 1028 281 1081 Et
303 1034 335 1081 ut
356 1029 433 1098 prius
454 1045 545 1082 sumus
568 1028 726 1082 ratiocinati
749 1030 783 1081 de
798 1029 972 1092 sectionibus,
998 1029 1037 1081 sic
1058 1045 1129 1082 nunc
1150 1030 1235 1082 etiam
1258 1032 1292 1082 de
1315 1031 1433 1083 numeris

106 1107 268 1162 cellentibus
291 1123 375 1161 unum
389 1109 509 1178 aliquem
523 1108 612 1161 dicere
636 1124 795 1177 possumus:
819 1110 889 1178 quod
904 1108 1010 1162 scilicet
1033 1109 1108 1177 prius
1124 1108 1241 1179 quilibet
1260 1110 1369 1164 illorum
1383 1127 1433 1179 pro

111 1187 176 1257 ipso
197 1186 345 1241 emetiatur
367 1188 537 1258 propositum
551 1204 704 1249 numerum,
729 1205 784 1240 uon
799 1187 935 1257 accipiens
959 1189 1033 1241 banc
1054 1196 1181 1242 naturam
1206 1190 1241 1241 ab
1261 1190 1433 1258 aequalitate

106 1274 237 1330 aetensa,
262 1268 309 1319 sed
324 1274 425 1336 postea
438 1269 544 1322 demum
560 1268 668 1321 accidat
682 1267 738 1325 illis
753 1266 886 1341 singulis,
910 1275 942 1321 ut
962 1268 1083 1321 universi
1102 1276 1224 1338 aequent
1237 1276 1432 1323 mensuratum.

106 1348 138 1400 de
153 1347 203 1402 lib.
221 1363 281 1400 meo
296 1347 343 1400 111.
359 1347 490 1401 Hermon.
512 1349 564 1401 sub
586 1348 667 1400 finem
686 1346 785 1416 capitis
801 1347 828 1401 3.
854 1347 943 1400 locum
967 1347 1091 1412 similem,
1115 1349 1148 1400 de
1170 1365 1284 1403 occursu
1308 1349 1432 1414 ternarii,

106 1444 119 1479 c
135 1444 191 1497 quo
205 1426 251 1481 hic
265 1433 310 1483 est
322 1444 450 1491 accursus
466 1426 653 1498 aequalitatis.
696 1427 756 1481 Non
780 1428 842 1499 plus
866 1426 953 1499 igitur
966 1427 1077 1487 virtutis
1091 1434 1121 1483 et
1135 1428 1311 1489 dexteritatis
1327 1430 1434 1482 confert

106 1507 191 1560 meris
215 1507 286 1559 haec
305 1505 477 1577 aequalitas,
503 1523 584 1577 quam
599 1505 741 1578 agricolae
763 1506 883 1569 iuventip
898 1506 1037 1570 thesauri;
1061 1515 1093 1569 ut
1114 1506 1244 1561 credibile
1259 1525 1432 1579 nequaquam

110 1627 119 1649 ,
151 1586 290 1639 senarium
311 1587 372 1639 Deo
399 1586 517 1640 creatori
541 1584 680 1656 placuisse
703 1592 819 1655 propter
838 1586 910 1639 banc
933 1587 1060 1641 indolem.
1103 1587 1171 1641 Dico
1195 1590 1327 1650 secundo,
1359 1589 1431 1642 banc

106 1666 245 1719 tectionem
260 1683 313 1719 nou
327 1672 483 1736 competere
497 1666 625 1729 numeris,
648 1673 681 1719 ut
694 1665 910 1720 numerantibus.
953 1668 982 1720 ld
1006 1666 1087 1719 facile
1112 1668 1245 1736 probatur
1259 1686 1295 1723 ex
1310 1668 1430 1722 Euclidis

108 1785 116 1798 .
132 1746 193 1799 vn.
208 1745 281 1799 Vlll.
298 1744 346 1798 tx,
391 1744 426 1799 [lt
440 1746 512 1798 enim
526 1753 624 1800 auctor
647 1743 694 1798 ille
709 1746 884 1808 demonstret,
909 1744 999 1799 inesse
1014 1746 1174 1814 quibusdam
1198 1747 1269 1800 banc
1282 1748 1429 1817 perfectio·

106 1840 138 1887 m,
162 1824 274 1894 cogitur
286 1824 328 1878 uti
342 1826 461 1879 numeris
475 1825 612 1897 figuratis,
628 1824 654 1877 id
669 1832 720 1887 est,
737 1832 769 1877 ut
782 1825 894 1878 scholae
909 1826 1066 1896 loquuntur,
1083 1827 1201 1880 numeris
1216 1827 1366 1880 numeratis
1381 1845 1430 1880 seu

106 1905 351 1975 sallelogrammis,
367 1906 478 1974 aequali
493 1914 622 1958 mensura
634 1905 728 1958 divisis
743 1905 770 1958 in
785 1906 898 1975 longum
912 1913 942 1958 et
956 1907 1052 1959 latum.
1095 1906 1187 1967 Quare
1204 1906 1227 1959 si
1242 1921 1298 1975 qua
1310 1907 1429 1959 maxime

106 1984 225 2039 bilitatis
240 1991 309 2038 ncta
323 1993 407 2047 esset,
430 1985 500 2038 haec
514 1985 554 2038 sic
568 1985 642 2038 dicta
654 1984 797 2053 perfectio,
818 1984 869 2038 illa
883 1985 970 2054 primo
985 1992 1153 2053 competeret
1168 1986 1343 2057 geornetricis
1357 1987 1428 2056 figu-
1447 1982 1453 1990 ’

106 2099 117 2118 ι
155 2064 217 2119 Etsi
232 2080 298 2119 vero
322 2064 447 2119 senarius
462 2081 556 2119 reram
570 2081 647 2118 suam
668 2071 698 2117 et
711 2065 815 2117 realem
838 2065 1012 2119 nobilitatem
1031 2066 1117 2118 babet
1131 2083 1146 2117 e
1161 2066 1332 2136 sexangulo,
1357 2082 1429 2135 quae

106 2159 159 2210 :ura
173 2144 262 2212 ipsum
277 2144 407 2214 provebit
419 2145 447 2198 in
461 2144 607 2214 disciplina
619 2144 786 2206 harmonica,
810 2162 863 2197 nou
879 2145 939 2198 ideo
955 2152 1047 2198 tamen
1061 2144 1145 2199 etiam
1161 2146 1194 2199 ad
1209 2145 1428 2207 constituendum

106 2239 208 2278 merum
222 2223 414 2292 primariorum
427 2225 519 2278 mundi
533 2241 675 2295 corporum
697 2224 730 2276 fit
745 2230 837 2293 aptus.
879 2224 984 2296 Figura
1007 2224 1078 2278 enim
1101 2225 1152 2277 illa
1166 2224 1297 2278 circulum
1317 2231 1349 2278 ut
1364 2242 1426 2277 con·

106 2319 172 2358 suam
195 2304 381 2374 quantitatem
404 2304 430 2358 in
454 2323 504 2359 sex
528 2311 624 2374 partes
649 2303 757 2357 dividit:
782 2320 900 2373 corpora
919 2306 1059 2358 mundana
1080 2322 1133 2357 non
1149 2311 1214 2358 sunt
1236 2311 1331 2374 partes
1347 2304 1427 2357 unius

106 2382 214 2436 *adnuae
238 2383 412 2454 quantitatis.
455 2384 509 2438 llla
529 2385 620 2455 figura
644 2383 715 2436 inter
738 2383 838 2452 planas
863 2391 918 2437 est:
944 2384 1103 2453 corporibus
1125 2401 1190 2437 sero
1214 2384 1304 2437 mundi
1329 2383 1425 2447 solida,

106 2462 213 2516 utrium
227 2462 424 2517 dimensionum
445 2462 539 2534 spatia
552 2465 619 2516 data
633 2469 698 2517 sunt
718 2465 904 2533 peragranda.
948 2463 1035 2517 Recte
1056 2463 1143 2535 igitur
1163 2463 1305 2533 repudiavi
1325 2464 1426 2519 senarii

106 2541 154 2595 sius
176 2559 226 2612 per
240 2559 269 2595 se
292 2541 457 2597 considerati
471 2544 558 2607 dotes,
584 2561 619 2596 ne
644 2542 822 2596 adsciscerem
844 2543 908 2597 illas
933 2543 1005 2596 inter
1028 2559 1127 2597 causas
1147 2543 1249 2597 senarii
1274 2543 1424 2597 coelorum:

106 2627 145 2675 ete
158 2621 260 2684 censui,
286 2622 441 2691 oportuisse
465 2624 631 2694 praecedere
646 2639 745 2676 causas
767 2622 874 2692 aliquas
892 2622 1043 2687 evidentes,
1068 2641 1105 2677 ex
1120 2624 1217 2693 quibus
1232 2623 1329 2677 deinde
1344 2640 1424 2676 sena·
1531 2633 1533 2637 ’

106 2715 131 2754 ιι
147 2702 197 2755 iste
212 2703 351 2755 coelorum
375 2704 447 2756 ultro
470 2704 635 2764 resultaret;
660 2702 731 2756 sicut
754 2701 781 2755 in
795 2703 953 2756 harmonica
970 2703 1123 2772 disciplina,
1146 2703 1236 2757 causis
1250 2703 1424 2774 praegressis

106 2780 179 2845 basis,
201 2782 324 2836 resultat
337 2789 368 2836 et
380 2783 519 2837 &marius
533 2783 739 2837 consonantium
755 2782 782 2835 in
797 2782 867 2835 idem
880 2799 1008 2836 sonorum
1031 2791 1060 2838 et
1074 2783 1248 2852 septenarius
1264 2783 1424 2837 divisionum

106 2863 295 2917 amnicum.

149 2940 177 3005 b)
192 2945 248 2997 lmo
272 2942 353 2997 ideae
375 2943 563 3012 quantitatum
587 2951 652 2997 sunt
675 2949 808 3012 erantque
827 2943 887 2996 Deo
911 2949 1085 3007 coaeternae,
1109 2945 1185 2999 Deus
1207 2942 1282 3013 ipse;
1307 2949 1426 3012 suntque

106 3018 159 3083 ibae
171 3022 372 3092 exemplariter
386 3023 412 3077 iu
426 3023 525 3081 anisnis
548 3025 583 3077 ad
598 3022 746 3093 imaginem
759 3022 812 3076 Dei
828 3018 926 3088 (etiam
947 3023 1071 3076 essentia
1084 3020 1147 3089 sua)
1169 3022 1258 3087 factis,
1283 3039 1339 3095 qua
1353 3022 1380 3077 in
1394 3039 1425 3079 re

106 3101 242 3156 turentiuut
262 3102 384 3172 gentiles
405 3102 564 3172 philosophi
587 3109 617 3155 et
636 3104 763 3155 doctores
787 3101 931 3157 ecclesiae.

150 3176 170 3249 i)
191 3182 362 3252 Scripseram
376 3183 431 3237 ista
444 3183 510 3237 mibi
524 3182 589 3244 scli;
614 3181 805 3253 intelligebam
820 3181 907 3253 igitur
920 3199 969 3252 pro
985 3184 1071 3237 Terra
1090 3182 1192 3246 orbem,
1217 3198 1269 3254 quo
1284 3180 1336 3239 illa
1349 3179 1425 3233 vebi-

106 3272 130 3321 u,
146 3277 302 3333 magnum
328 3279 346 3316 a
360 3262 509 3333 Ccpemico
524 3263 637 3316 dictum:
660 3261 699 3314 sic
712 3278 762 3331 pro
778 3261 902 3331 quolibet
916 3262 1041 3331 planeta,
1064 3262 1157 3316 orbem
1172 3262 1268 3333 ipsius.
1309 3261 1347 3317 Et
1360 3277 1423 3331 per·

106 3345 144 3393 ast
162 3341 285 3395 ultimum
308 3344 424 3399 comma:
458 3342 554 3397 Habes
573 3342 707 3396 rationem
732 3340 778 3395 dc.
803 3341 888 3395 etiam
912 3343 947 3395 ad
969 3343 1041 3397 banc
1064 3359 1101 3395 ex
1125 3341 1231 3396 sciredis
1255 3340 1425 3410 exscriptam

106 3421 241 3475 latentiam.

149 3498 177 3565 k)
199 3501 340 3555 Laboravi
364 3501 516 3570 pueriliter,
543 3518 576 3560 se
591 3500 651 3572 quis
664 3499 730 3554 mibi
753 3499 912 3569 imputaret,
936 3518 979 3555 me
998 3506 1158 3555 novatorem
1173 3516 1244 3564 esse,
1268 3499 1426 3555 ostentandi

106 3574 158 3632 llum
169 3580 273 3652 ingenii
287 3598 374 3635 causa
397 3581 496 3635 librom
515 3581 672 3650 scripsisse:
687 3579 739 3633 bis
753 3580 871 3649 opposui
885 3587 915 3634 et
929 3586 1022 3634 vobim
1035 3587 1066 3634 st
1087 3580 1287 3650 penitissimam
1305 3596 1424 3649 persua·

106 3651 171 3714 itasn
184 3663 216 3714 de
231 3661 353 3715 veritate
367 3677 469 3723 eorum,
494 3677 566 3731 quas
588 3661 658 3716 liber
673 3660 835 3723 contineret,
860 3668 889 3715 et
903 3661 1021 3730 denique
1042 3661 1167 3718 ardorem
1185 3658 1342 3715 conferendi
1364 3677 1424 3712 cum

106 3731 139 3791 lii·
156 3742 186 3794 de
208 3741 252 3796 bis
275 3741 405 3797 inventis.
446 3742 484 3796 Et
506 3750 595 3807 etant,
620 3741 725 3810 opinor,
749 3739 863 3795 idoneae
886 3757 988 3795 causae
1009 3739 1175 3810 profligandi
1195 3739 1306 3809 pudoris
1328 3739 1424 3808 inepti.
