3278 5542
139 306 204 373 332
296 360 298 364 ,
559 306 659 360 nam
678 308 781 374 aaran
802 309 954 374 errorumque
971 314 1074 361 maa

140 471 214 533 lucis
239 469 280 531 sit
303 489 408 550 capax,
435 470 551 531 mboris
575 486 691 549 quoque
715 467 826 529 Martis
850 469 942 529 fuisse
967 489 1119 550 capacem,
1144 471 1250 553 itaque
1273 478 1311 531 ei
1335 467 1391 529 hoc
1410 468 1478 529 loom

140 560 167 620 in
193 559 320 621 hominis
343 577 466 637 corpore
485 558 622 620 existere
647 556 796 618 terribiles
820 558 945 619 affectus
963 559 1031 634 dra,
1057 560 1207 639 etiamque
1222 557 1286 622 suis
1309 554 1479 637 temporibus

139 648 175 708 ad
201 648 283 728 leges
308 647 504 709 directionum
524 646 689 708 redundare
706 646 843 708 humores
858 655 890 707 et
909 647 1044 709 affectus.
1092 647 1173 720 Quid
1193 656 1227 711 tu
1246 646 1315 709 hic?
1361 640 1479 718 Talibus,

139 737 245 816 inania,
270 736 453 815 argumentis
479 736 619 798 inauditis
644 734 729 795 nobis
754 736 842 813 plane
857 755 966 798 noram
981 746 1011 797 et
1036 736 1268 815 imaginativam
1291 745 1326 796 et
1349 740 1479 813 exparte

139 826 351 904 geometricam
384 825 581 904 astrologiam
614 824 791 886 constitues.
839 825 920 885 Tune
953 844 1011 886 non
1041 827 1123 888 aliud
1151 826 1247 889 babes
1275 832 1479 904 argumentum,

140 914 217 994 quod
242 915 402 993 opponas?
449 915 617 992 l'igmenta,
643 912 698 972 hoc
723 923 771 973 est
795 922 963 974 commenta
989 915 1062 977 haec
1086 935 1154 977 esse
1178 916 1272 987 falsa,
1307 911 1481 993 probandam

139 1003 192 1068 tibi
217 1013 275 1066 est.
323 1004 409 1065 Vera
433 1003 565 1064 inaudire
590 1021 648 1061 non
674 1001 844 1062 reformido.
891 1003 980 1064 Nora
1003 1024 1040 1064 an
1065 1005 1203 1080 afferam,
1228 1022 1288 1066 nou
1313 999 1481 1081 placuerim

139 1112 195 1153 nou
220 1091 318 1153 evolvi
343 1093 471 1153 omnium
498 1092 600 1153 libros.
648 1089 881 1168 Imaginatiram
900 1093 1047 1153 contendo
1063 1112 1179 1154 omnem
1194 1093 1364 1155 coelestem
1385 1109 1480 1169 opera·

138 1181 260 1255 tionem,
286 1189 316 1242 et
333 1181 450 1260 quidem
466 1179 710 1259 imaginationem
725 1178 756 1239 in
772 1180 882 1254 Terris,
908 1181 964 1242 boc
979 1191 1025 1242 est
1044 1182 1072 1242 in
1094 1181 1292 1245 facultatibus
1307 1174 1481 1252 animalibus,

140 1270 181 1330 rei
197 1269 397 1348 geometricae
415 1268 669 1349 imaginabilibus,
685 1267 771 1328 simul
788 1278 819 1329 et
835 1270 918 1330 lucis.
959 1270 1042 1332 Haec
1067 1271 1155 1349 plane
1175 1278 1246 1333 sunt
1259 1288 1328 1331 mea
1344 1269 1480 1348 dogmata

138 1358 205 1420 h'on
239 1378 285 1418 me
318 1367 414 1419 terres
443 1357 665 1439 explosionibus
696 1357 766 1417 tuis.
816 1359 860 1418 Tu
880 1348 957 1421 'vero
991 1379 1088 1420 nonne
1122 1360 1158 1421 de
1184 1359 1270 1420 novis
1303 1356 1430 1420 inventis
1457 1354 1480 1415 in

139 1448 307 1526 astrologia
331 1457 361 1507 et
385 1448 449 1527 ipse
475 1447 529 1508 toti
560 1448 692 1508 minatus
718 1466 750 1504 es
777 1448 971 1526 antiquitati?
1018 1448 1120 1527 Atque
1145 1449 1221 1511 adeo
1249 1463 1482 1528 perquamraora

138 1535 211 1596 haec
227 1555 341 1596 mecum
363 1538 544 1599 communia:
570 1543 652 1596 astra
674 1551 731 1593 non
750 1554 819 1595 esse
840 1556 949 1598 causas
967 1538 1294 1610 rerumsubluuarinm,
1319 1535 1479 1599 ssd-exem·

138 1625 198 1700 pla,
222 1624 288 1684 Deo
313 1625 497 1686 internuncia
522 1636 552 1686 et
577 1630 773 1696 exsecutore;
804 1626 852 1686 ubi
878 1645 934 1704 ego
961 1626 1123 1705 cujuslibet
1146 1627 1187 1687 rei
1222 1626 1403 1689 facultatem
1424 1622 1479 1682 ani-

138 1713 244 1775 malem
274 1722 375 1775 etatuo
400 1716 675 1790 exsecutricemque
702 1712 955 1792 imaginationem.
1003 1714 1070 1776 Tibi
1085 1715 1168 1793 Deus
1189 1714 1218 1776 in
1246 1710 1481 1784 naturamveuit,

138 1801 209 1862 mihi
239 1813 347 1863 natura
375 1804 412 1863 ad
446 1804 635 1864 divinitatem
665 1801 791 1879 aspirat.
838 1805 941 1882 Atque
970 1805 1023 1864 en!
1061 1804 1102 1865 Et
1130 1803 1396 1883 imaginationibus
1417 1799 1480 1862 meis

138 1891 314 1953 subscribis.
362 1894 525 1971 Approbas
549 1889 702 1967 exempta
731 1892 848 1969 profers
873 1893 901 1952 in
922 1901 1017 1971 peste,
1048 1912 1105 1955 non
1134 1901 1253 1955 terrore
1277 1892 1374 1953 solum
1397 1899 1481 1960 nocet,

139 1981 193 2040 sed
217 1981 394 2042 formatione
418 1983 462 2043 rei
487 1982 593 2043 similis
618 1987 650 2038 et
674 1978 701 2037 in
727 1981 857 2041 membro
878 1981 976 2042 simili.
1025 1981 1140 2043 Contra
1158 1999 1217 2043 non
1232 1979 1481 2057 omnisimagina·

139 2069 230 2129 tionis
254 2071 463 2147 opus-malum
486 2080 549 2144 est;
579 2069 647 2130 huic
671 2067 859 2145 pulcherrimi
891 2081 919 2131 et
946 2079 1102 2150 parentum
1127 2071 1241 2132 similes
1273 2070 1423 2150 prodeunt
1442 2067 1480 2127 in·

69 2226 75 2249 ι
139 2160 248 2231 tentes,
264 2159 331 2219 huic
347 2160 418 2220 nulli
431 2161 593 2221 sanitatem
610 2167 842 2233 recuperantes
857 2160 978 2220 morbis.
1017 2159 1168 2240 Denique,
1192 2158 1336 2239 quidquid
1351 2159 1483 2219 hactenns

139 2247 193 2308 luit
218 2249 429 2325 exemplorum,
456 2269 513 2310 non
538 2249 643 2310 mirum
668 2244 733 2317 luit,
759 2256 812 2308 aut
835 2258 916 2309 certe
941 2269 997 2309 non
1023 2269 1082 2328 qua
1104 2256 1191 2328 parte
1211 2248 1320 2309 mirum
1343 2267 1362 2307 a
1385 2255 1416 2307 te
1436 2243 1483 2306 tait

138 2336 308 2397 adductum.
348 2337 451 2407 ,Tuum
480 2346 528 2399 est
559 2339 614 2399 hoc
639 2335 806 2397 clanculum
830 2345 858 2397 et
876 2357 976 2417 supra
999 2347 1134 2399 nostrum
1157 2346 1294 2417 captum,
1321 2335 1400 2418 quod
1422 2350 1483 2395 uxor

138 2444 218 2498 mea,
262 2425 327 2485 viso
361 2426 466 2487 limace
501 2436 532 2488 et
565 2427 634 2488 forti
668 2421 882 2504 imaginatione
921 2426 1012 2487 filiolo
1045 2446 1111 2488 meo
1144 2427 1276 2488 Henrico
1308 2445 1338 2505 p.
1373 2444 1411 2486 ru.
1439 2440 1484 2501 pro

139 2514 271 2575 mentula
295 2513 488 2593 hnplantavit
511 2515 675 2580 limaceam.
705 2520 802 2586 (comp.
826 2524 910 2573 literas
933 2524 1036 2587 Kepteri
1062 2525 1095 2574 ad
1119 2522 1283 2574 Messalinam
1305 2510 1396 2577 duas.
1421 2531 1493 2584 m·

137 2625 160 2674 p.
181 2607 254 2671 ⁶298.)
301 2602 351 2664 Ad
372 2604 428 2664 hoc
453 2624 536 2684 opus,
563 2607 697 2684 quamvis
722 2606 879 2667 rationalis
908 2615 1074 2677 creaturae,
1101 2605 1239 2665 discursu
1261 2622 1337 2666 sane
1357 2624 1415 2665 non
1439 2600 1483 2662 luit

139 2711 194 2751 usa
226 2698 348 2765 natura,
382 2694 499 2754 occulto
532 2695 677 2757 instinctu
711 2695 833 2755 factum.
890 2693 940 2755 Sic
980 2713 1074 2773 neque
1110 2691 1219 2754 Jacobi
1252 2711 1327 2754 oves
1360 2694 1483 2755 discursu

138 2779 263 2840 rationis
298 2782 467 2845 utebantur.
534 2782 614 2853 Quid
647 2784 739 2862 igitur·
772 2793 804 2844 tu
837 2784 885 2845 hic.
915 2785 951 2843 dc
987 2783 1152 2845 structione
1190 2781 1245 2842 viri
1288 2788 1320 2844 et
1359 2781 1482 2851 femina,

137 2867 262 2929 animosi
286 2878 318 2930 et
341 2860 513 2945 effeminati,
541 2873 664 2933 scientis
680 2872 850 2951 philosophi
875 2884 906 2933 et
923 2871 1090 2950 ignorantis
1114 2869 1219 2931 rustici
1239 2873 1404 2949 argutaris,
1427 2884 1482 2929 cnm

137 2977 172 3017 ne
198 2957 316 3037 quidem
342 2959 418 3020 inter
442 2979 528 3022 ovem
552 2969 582 3021 et
607 2962 755 3022 hominem
784 2962 928 3037 hujusrei
954 2980 1048 3020 causa
1064 2961 1155 3019 liccat.
1170 2958 1379 3037 distinguere?
1416 2956 1482 3017 Vide

137 3064 234 3106 meam
258 3046 552 3110 dissertatiunculam
577 3060 606 3110 et
632 3052 747 3110 refuta!
794 3051 953 3128 Nunquam
986 3050 1063 3109 forte
1087 3049 1219 3109 Martem
1237 3048 1322 3109 vidit
1353 3046 1479 3128 agricola

137 3135 214 3194 l’uto
239 3134 450 3198 multominus
475 3139 539 3216 ejus
565 3157 654 3211 uxor;
681 3150 711 3199 et
735 3147 845 3206 tamen,
871 3158 936 3198 cum
961 3137 1105 3216 gignunt,
1130 3137 1221 3197 horas
1246 3135 1410 3214 genesibus
1432 3133 1480 3197 suis

137 3230 356 3284 consentaneas
381 3225 545 3299 inveniunt,
574 3227 702 3288 manime
726 3228 788 3289 illa.
836 3226 868 3288 Si
885 3227 938 3287 tibi
964 3246 1021 3287 uon
1047 3226 1181 3306 suppetit
1204 3226 1408 3304 experientia,
1436 3240 1479 3285 uon

111 3327 173 3371 ’es
197 3310 325 3391 diligens
350 3315 530 3393 astrologus.
577 3315 648 3376 Dixi
674 3317 753 3376 idem
776 3316 806 3375 in
830 3315 1110 3389 dissertatiuncula3
1134 3313 1325 3391 respexisses
1353 3315 1392 3377 ad
1418 3331 1478 3375 cam

226 3400 273 3460 De
298 3410 397 3463 cetero
430 3404 457 3465 in
483 3404 672 3465 enarratione
698 3414 768 3465 tuae
794 3405 964 3466 sententiae
994 3404 1166 3483 theologum
1198 3402 1287 3479 agis;
1319 3422 1438 3483 possum
1456 3408 1479 3460 et

140 3507 196 3566 ego
212 3488 240 3550 in
257 3509 332 3551 mea.
377 3490 452 3553 Cum
472 3492 555 3554 Deus
572 3493 722 3566 irascitur,
748 3504 887 3554 naturam
902 3492 1178 3572 imaginationibus,
1203 3510 1280 3570 quas
1296 3493 1400 3567 mittit,
1422 3492 1476 3552 hor·

54 3594 57 3605 ·
139 3578 240 3639 tendis
265 3579 436 3659 eclipsibus,
462 3580 696 3642 circumstantiis
721 3583 807 3656 acris,
834 3582 942 3660 agitat,
968 3590 1002 3642 ut
1023 3582 1187 3661 profundae
1212 3581 1276 3641 sint
1300 3581 1476 3643 tenebraret

138 3675 275 3729 naturam
299 3669 372 3730 diris
395 3671 491 3731 modis
516 3678 659 3731 terreant.
1121 3692 1124 3696 ·

225 3755 364 3819 Ridicule
388 3758 512 3820 desinis.
560 3759 642 3820 Deus
669 3759 820 3827 et·Satan
855 3765 1035 3819 concurrunt
1061 3787 1099 3797 -
1125 3756 1251 3818 stultum
1276 3776 1365 3839 ergo,
1399 3753 1474 3819 omnis

137 3843 175 3904 ad
200 3865 310 3907 causas
336 3848 490 3908 naturales
514 3849 635 3908 referre.
684 3848 792 3919 Multa,
812 3847 941 3916 Fabrici,
967 3846 1070 3919 multa,
1092 3844 1151 3906 imo
1174 3846 1337 3927 plerasque
1353 3844 1473 3909 scienta

139 3933 228 4011 hujus
254 3937 422 3996 sententiae
448 3937 606 4018 tyrannide
631 3938 791 4017 opprimes.
839 3934 920 4006 Quid
936 3935 1034 3996 enim?
1081 3933 1114 3995 Si
1131 3935 1185 3995 hoc
1206 3953 1321 4011 verum,
1347 3955 1414 3998 num
1428 3933 1472 3994 ideo
1516 3926 1518 3993 i

137 4040 236 4081 meam
260 4025 442 4085 seutentiam
468 4044 533 4085 curn
558 4035 611 4086 tua
634 4016 825 4105 permutabo,
859 4035 1021 4104 propterea
1050 4022 1128 4102 quod
1162 4031 1215 4083 tua
1240 4024 1298 4087 Dei
1323 4034 1356 4087 et
1377 4016 1472 4086 Diaboli

138 4127 193 4188 ope
218 4112 285 4188 plus
310 4111 433 4192 indiget,
459 4133 526 4173 mea
550 4115 618 4175 illas
634 4114 870 4197 hyperphysicas
885 4115 973 4194 plane
1000 4131 1057 4174 uon
1081 4111 1235 4173 excludit?
1282 4113 1405 4175 Minime
1422 4104 1471 4173 lu!

138 4198 242 4259 Potius
268 4220 384 4262 omnem
409 4202 606 4282 astrologiam
630 4203 785 4264 mittamus
810 4212 840 4264 et
856 4203 995 4264 mundum
1019 4201 1210 4262 sublunarem
1230 4201 1298 4264 Deo
1323 4194 1469 4277 erubuit

138 4289 301 4366 regendum
325 4291 489 4351 tradamus.
539 4294 615 4366 Aut,
649 4293 673 4353 si
699 4293 777 4371 pium
804 4302 835 4353 et
859 4301 1009 4366 sanctum,
1040 4289 1230 4352 naturalibus
1254 4303 1398 4371 quantum
1418 4305 1467 4370 poe

138 4396 240 4439 sumus
263 4379 455 4453 contendere,
480 4381 648 4458 praestabit
672 4382 737 4460 ejus
761 4369 921 4454 sententia,
951 4379 999 4458 qui
1029 4378 1221 4458 paucioribus
1236 4379 1392 4461 principiis
1407 4379 1467 4459 plan

138 4465 239 4528 efficit.

208 4555 419 4606 Fabricius:
439 4558 478 4604 Aa
496 4557 702 4606 inflammare
722 4557 917 4607 essentialis
937 4558 1125 4619 proprietas
1145 4553 1233 4605 Solis
1251 4557 1300 4613 sit,
1320 4549 1466 4605 rutente

138 4625 203 4674 Nam
221 4627 385 4676 inflammatio
405 4623 450 4688 (sc.
471 4641 535 4692 qnae
555 4642 571 4676 a
590 4627 647 4677 Sole
667 4629 753 4686 oritur)
771 4644 820 4676 non
840 4629 868 4677 fit
886 4629 917 4678 ab
938 4629 1036 4677 achone
1056 4626 1119 4676 Solis
1139 4627 1267 4677 essentiali
1286 4629 1427 4691 praecipua,
1439 4614 1466 4667 ”b

138 4711 182 4759 per
200 4699 326 4755 accidens,
346 4698 502 4747 aradiorum
521 4700 661 4749 reflexione.
699 4699 785 4748 Multis
804 4701 902 4762 probari
920 4702 1011 4762 potest,
1032 4697 1096 4747 Solis
1117 4697 1224 4747 calorem
1243 4700 1269 4748 in
1288 4713 1383 4748 summo
1394 4692 1467 4746 aethe?

139 4768 257 4816 minorem
276 4783 340 4825 esse,
359 4783 434 4832 quara
451 4770 477 4817 in
495 4770 586 4831 neres,
606 4773 664 4834 qula
683 4770 750 4820 calor
768 4771 810 4820 ille
829 4786 878 4820 non
898 4776 936 4819 est
954 4769 1112 4820 elementaris
1124 4770 1196 4834 ignia
1216 4775 1262 4820 ant
1279 4768 1467 4833 enorum·

138 4846 183 4888 aut
201 4839 338 4898 destruens,
367 4840 412 4890 sed
429 4840 555 4892 vivificans
583 4849 609 4891 st
627 4855 791 4900 ennarrans.
816 4848 845 4892 ut
862 4849 890 4892 tn
908 4848 976 4892 recte
995 4841 1096 4904 scribier
1124 4847 1151 4891 at
1167 4841 1271 4904 proinde
1290 4842 1366 4902 atim
1387 4827 1467 4890 Μ
