3278 5542
250 313 312 376 178
758 309 871 373 Mysterll
891 309 1090 375 cosmographia!

328 473 373 539 „Si
396 489 489 527 verum
510 471 810 526 dicitPtolemaeus
834 473 867 524 de
891 480 965 525 motu
988 487 1133 541 corporum
1147 472 1347 526 mundanorum
1373 480 1408 527 et
1428 471 1600 543 dispositione

249 555 378 619 „orbium
403 560 468 607 tunc
490 552 625 606 nullaest
640 558 768 605 constans
794 559 823 605 et
837 551 960 605 identica
984 567 1035 623 per
1049 568 1142 605 onmes
1163 551 1295 623 planetas
1319 551 1467 622 proportio
1490 560 1598 607 motum

249 653 315 699 „seu
328 633 525 706 periodieorum
540 639 693 701 temporum
708 633 742 684 ad
757 633 846 685 orbes.

329 713 373 777 ,si
397 730 492 767 serum
516 712 582 766 dicit
605 711 725 781 Tycha
746 712 925 773 Braneus,
953 711 1045 764 Solem
1068 711 1176 780 quidem
1199 727 1261 765 esse
1285 719 1412 767 centrum
1435 711 1594 781 planetarum

249 797 392 866 „quinque,
415 793 502 847 veluti
517 793 635 863 quinque
650 792 843 860 epicyclorum,
859 791 972 844 Terram
986 807 1052 844 vero
1067 808 1128 843 osse
1144 798 1268 847 centrum
1282 791 1358 845 orbis
1371 791 1455 856 Solis,
1480 799 1513 847 ut
1524 794 1593 848 ren
1632 796 1635 813 ¹

248 875 422 945 „quiescente
437 873 483 927 Sol
509 873 656 927 circumeat
679 880 795 940 portans
820 877 848 923 et
872 871 973 924 iurans
996 880 1120 941 systema
1138 878 1227 925 totum
1250 871 1454 943 planetariumr
1477 880 1542 927 tuno
1558 883 1589 928 est

248 956 371 1026 ,quidem
387 955 483 1007 eadem
505 952 648 1024 proportio
663 952 861 1022 periodicorurn
876 957 1028 1020 temporum
1048 953 1082 1002 od
1105 953 1186 1005 orbes
1206 967 1258 1020 per
1272 969 1366 1027 omnes
1384 952 1533 1023 planetam
1551 954 1587 1007 soi·

247 1035 330 1097 „licet
344 1033 487 1104 proportio
501 1033 674 1102 periodorum
690 1030 780 1099 (verbi
805 1046 898 1093 causo,
914 1030 986 1085 Solis
1008 1039 1037 1083 et
1051 1024 1165 1099 Mortis)
1180 1039 1225 1084 est
1248 1031 1438 1103 sesquialtera
1455 1034 1585 1105 proportio

248 1116 306 1179 „nis
322 1114 426 1168 orbium
442 1130 560 1174 suorum,
585 1114 632 1165 sed
648 1120 736 1165 motus
751 1130 805 1166 non
820 1112 856 1164 ab
871 1113 964 1164 eodem
980 1118 1074 1164 centro
1090 1111 1274 1181 dispensatur,
1297 1118 1388 1165 motus
1403 1113 1477 1167 enim
1490 1114 1583 1185 quinque

248 1196 441 1265 „planetarum
456 1193 529 1247 circa
543 1193 633 1247 Solem
648 1193 826 1262 dispensatur
841 1208 859 1244 a
873 1190 946 1255 Sole,
972 1197 1060 1244 motus
1078 1208 1141 1245 vero
1156 1191 1227 1245 Solis
1247 1191 1321 1245 circa
1335 1192 1451 1247 Terram
1465 1192 1580 1264 dispenso

248 1282 311 1339 „tur
325 1289 343 1327 a
357 1274 458 1334 Terra:
482 1280 513 1326 at
527 1274 566 1326 sic
580 1273 627 1326 Sol
643 1274 827 1341 planetarum,
852 1271 939 1324 Terra
952 1288 1017 1325 vero
1032 1270 1104 1325 Solis
1119 1279 1208 1326 motor
1221 1272 1410 1327 constituitur.

328 1354 374 1416 „Si
394 1353 510 1423 denique
525 1370 618 1406 rerum
633 1352 699 1406 dicit
712 1351 963 1414 Aristarchus,
989 1352 1079 1405 Solem
1102 1369 1164 1405 esse
1179 1358 1301 1425 centrum
1325 1359 1356 1406 et
1369 1351 1490 1423 quinque
1508 1353 1577 1424 plane

247 1434 397 1498 „tariorum
419 1434 524 1486 orbium
547 1439 578 1485 et
596 1433 669 1485 sexti
684 1433 775 1494 etiam,
801 1431 846 1501 qui
861 1432 998 1485 Tellurem
1018 1431 1102 1493 uehit,
1128 1439 1159 1485 ut
1172 1431 1237 1486 Sole
1251 1432 1413 1502 quiescente
1427 1433 1518 1487 Tellus
1529 1433 1577 1486 inter

247 1515 395 1585 „planetas
410 1520 517 1567 ceteros
533 1514 606 1566 circa
620 1512 711 1566 Solem
725 1512 858 1566 vehatur:
880 1519 946 1565 tunc
961 1512 1084 1565 binorum
1099 1528 1319 1582 quorumcunque
1335 1513 1510 1583 planetarum
1521 1512 1575 1566 ories

246 1595 336 1657 „inter
350 1610 380 1646 se
394 1593 599 1663 proportionem
609 1592 694 1646 talem
704 1593 818 1654 habent,
833 1608 904 1661 quae
915 1594 983 1645 dues
995 1591 1305 1662 tertioscomplectatur
1313 1593 1501 1663 proportionis
1513 1592 1574 1663 pen'e

246 1677 365 1738 ,dorum
380 1674 426 1727 rel
447 1673 589 1743 proportio
609 1672 782 1741 periodorum
805 1678 849 1725 est
864 1672 1063 1740 perfectissime
1083 1672 1269 1742 sesquialtera
1285 1671 1474 1742 proportionis
1486 1672 1573 1727 ortium

246 1760 293 1818 „et
306 1761 395 1808 motus
410 1761 468 1807 tam
482 1753 600 1807 Telluris
620 1769 700 1822 quarn
721 1759 873 1806 ceterorum
895 1752 1014 1822 quinque
1033 1769 1069 1805 ex
1090 1751 1168 1805 unico
1190 1752 1266 1805 fonte
1281 1751 1387 1806 Solaria
1409 1752 1524 1825 corporis
1538 1751 1573 1805 dis·

247 1840 406 1906 „pensatum
1594 1834 1600 1851 ⁸

324 1915 393 1978 „Hic
402 1914 482 1967 nulla
493 1912 574 1982 plane
583 1921 627 1966 est
636 1912 774 1982 exceptio,
786 1911 926 1983 proportio
937 1918 981 1965 est
992 1911 1174 1965 munitissima
1183 1929 1219 1965 ex
1231 1919 1348 1983 utroque
1358 1912 1463 1977 laterem
1474 1931 1508 1969 ox
1519 1921 1573 1984 pult

245 1996 370 2066 „quidem
391 2010 488 2049 sensus
511 1999 683 2046 attestantur
705 2001 921 2046 astronomorum
937 1991 1144 2066 observationes
1171 1991 1348 2062 quotidianae
1371 2010 1434 2048 cum
1457 1991 1574 2048 omnint·

245 2075 366 2138 „tilitate
381 2091 447 2129 sus:
472 2092 508 2127 ex
523 2081 605 2142 parte
620 2089 685 2127 vero
700 2072 816 2127 rationis
841 2072 1012 2142 astipulatur
1025 2072 1104 2125 nobis
1119 2072 1298 2126 Aristarchus
1323 2073 1349 2125 in
1363 2070 1579 2143 generalitatis

245 2155 354 2227 „specie
375 2171 440 2208 vero
462 2164 565 2208 causae
589 2159 742 2222 suppetunt
765 2152 1001 2215 evidentissimae,
1033 2152 1126 2223 posita
1149 2153 1241 2222 specie
1270 2151 1459 2209 immateriale
1484 2150 1580 2223 corpom

244 2235 374 2300 „Sciatis
400 2251 448 2288 cur
470 2233 612 2304 proportio
636 2234 739 2286 debeat
753 2249 814 2285 esse
839 2250 888 2285 nec
910 2232 1017 2302 simplo,
1043 2250 1093 2285 nec
1107 2232 1201 2303 dupla,
1226 2234 1273 2286 sed
1294 2231 1380 2302 plane
1404 2234 1586 2306 sesquialtera:

244 2331 363 2380 „causae
383 2314 467 2367 etiam
492 2319 657 2382 suppetunt,
686 2312 804 2366 cursui
828 2312 920 2381 potius
942 2313 1044 2367 Terrae
1072 2320 1104 2365 ut
1127 2311 1302 2382 planetarum
1330 2321 1498 2380 ceterorum,
1518 2324 1589 2383 quom

245 2396 349 2459 „Terra
362 2393 434 2448 Solis
449 2401 538 2447 motor
551 2410 612 2446 esse
628 2392 728 2462 possit;
753 2392 869 2462 denique
889 2393 1019 2446 naturale
1033 2392 1149 2446 rationis
1173 2392 1265 2449 lumen
1286 2393 1384 2458 dictat,
1408 2394 1545 2467 digniorem
1553 2393 1594 2441 et.
1623 2388 1628 2403 ’

245 2474 351 2545 „magis
366 2473 574 2544 archetypicam
598 2489 660 2525 esse
683 2473 801 2542 speciem
824 2489 937 2542 operum
951 2473 1014 2535 Dei,
1037 2473 1059 2525 si
1074 2481 1164 2525 motus
1179 2489 1272 2527 omnes
1294 2475 1330 2526 ab
1347 2490 1403 2528 uno
1419 2473 1494 2529 fonte
1506 2474 1593 2527 tout

245 2554 381 2625 „quamsi
395 2553 521 2623 plerique
536 2552 643 2623 quidem
658 2554 693 2606 ab
707 2568 762 2606 uno
777 2552 825 2606 illo
841 2551 926 2615 fonte,
944 2553 1027 2606 fontis
1038 2570 1103 2606 vero
1119 2553 1205 2622 ipsius
1221 2555 1256 2607 ob
1267 2552 1323 2607 alio
1338 2553 1503 2625 ignobiliose
1514 2552 1594 2606 nite·

325 2635 464 2697 „Accedat
486 2648 551 2686 vero
567 2632 695 2687 formatio
719 2633 781 2701 ipsa
794 2633 981 2702 proportionis
1004 2633 1108 2686 orbium
1123 2633 1236 2686 seorsim
1252 2642 1317 2687 ante
1331 2640 1423 2689 motus
1446 2635 1524 2696 lacta,
1539 2639 1597 2700 per

245 2715 381 2785 „quinque
404 2713 510 2784 tlguros
535 2721 564 2766 et
587 2730 637 2783 per
651 2713 818 2767 harmonias.
860 2712 931 2767 Nam
956 2713 977 2766 si
993 2714 1118 2767 Braneus
1137 2730 1231 2767 verum
1255 2714 1334 2777 dicit,
1359 2713 1450 2769 locum
1473 2714 1522 2769 isto
1537 2720 1596 2764 non

244 2796 375 2858 „habent
392 2794 443 2847 nisi
459 2793 563 2848 adscito
578 2793 680 2846 circulo
694 2794 787 2863 aliquo
802 2793 920 2846 Telluris
935 2794 1008 2847 inter
1022 2795 1102 2847 orbes
1117 2794 1216 2848 Martis
1231 2800 1260 2848 et
1275 2793 1392 2848 Veneris
1405 2813 1457 2867 per
1469 2791 1596 2865 imepen-

213 2873 217 2881 '
243 2875 363 2939 „tionem
378 2874 575 2928 circumducto:
601 2880 631 2926 et
644 2874 721 2927 Deus
745 2890 799 2926 non
813 2873 853 2925 rei
868 2873 963 2941 ipsius,
988 2876 1035 2927 sed
1051 2874 1256 2946 imaginationis
1280 2874 1372 2944 potius
1389 2892 1481 2930 curam
1494 2868 1592 2928 habuit.

244 2955 432 3025 „distorquens
457 2972 525 3025 opus
550 2953 639 3023 ipsum
659 2956 832 3016 mundanum,
856 2962 889 3006 ut
904 2954 995 3024 operis
1011 2954 1175 3025 imaginatio
1198 2954 1316 3024 pulchra
1335 2972 1398 3009 esse
1411 2963 1515 3027 posset:
1531 2961 1593 3004 com

244 3043 356 3099 „tamen
370 3035 494 3089 infinitae
510 3034 582 3089 oliae
598 3034 699 3087 similes
715 3034 897 3104 imaginariae
912 3034 1019 3103 species
1035 3033 1078 3099 (ut
1093 3035 1243 3089 stationum
1267 3040 1296 3088 et
1318 3020 1594 3110 retrogradationum)

245 3123 377 3179 „careant
391 3115 443 3169 tali
458 3124 574 3169 ornatu:
600 3122 631 3167 at
645 3115 667 3167 si
682 3132 776 3168 verum
791 3116 858 3168 dicit
871 3115 1057 3179 Aristarchus,
1084 3122 1148 3168 tunc
1162 3123 1278 3169 ornatus
1293 3114 1346 3169 iste
1371 3114 1591 3171 inveniturinre.

244 3196 366 3266 ,species
381 3211 446 3248 vero
470 3194 651 3266 imaginariae
676 3212 777 3259 omnes,
803 3195 882 3248 nullo
903 3202 1032 3265 excepta,
1056 3196 1255 3265 permittuntur
1273 3196 1485 3253 necessitatibus
1505 3196 1590 3263 legum

244 3275 424 3345 „opticarum

245 3417 249 3423 Ι
324 3355 423 3418 „Hisce
447 3354 590 3424 perpensis
615 3371 768 3425 sperones
793 3371 896 3424 aequos
921 3357 1081 3425 dogmatum
1104 3344 1231 3410 censores
1255 3355 1329 3420 iore,
1362 3374 1414 3411 nec
1436 3358 1520 3412 noste
1536 3361 1586 3401 '⁰¹

243 3443 388 3507 „gesturos
410 3442 525 3489 ornatus
546 3451 659 3504 operum
681 3435 832 3489 divinorum
854 3434 1071 3505 exquisitissimi.
1113 3436 1243 3490 Valete.“

792 3803 913 3903 Caput
940 3803 1049 3877 XXI.

629 3963 718 4041 Quid
740 3983 780 4026 en
803 3963 926 4046 desecto
949 3962 1169 4045 coilipendum.
1184 3970 1211 4039 ⁸)

331 4101 381 4164 Sic
405 4103 497 4183 igitur
520 4104 576 4166 hoo
601 4105 728 4166 alterum
753 4113 960 4186 argumentum
980 4105 1082 4179 habet,
1108 4126 1165 4188 quo
1184 4109 1344 4189 probatum
1364 4092 1592 4173 ostensioni*

241 4192 439 4267 auctoritate,
468 4192 602 4273 potiores
628 4213 693 4255 esse
719 4213 812 4255 novas
837 4194 1034 4276 hypotheses,
1063 4207 1224 4277 propterea
1247 4200 1324 4278 quod
1350 4218 1405 4279 per
1427 4219 1481 4263 eas
1502 4189 1595 4261 notu⁶

242 4279 352 4361 duplici
376 4281 509 4356 nomine,
539 4293 570 4344 et
593 4281 715 4369 virtutis
739 4282 905 4345 intentione
930 4291 961 4345 et
984 4284 1141 4347 celeritate
1165 4286 1296 4362 reditus,
1328 4289 1403 4351 fiant
1430 4281 1597 4369 proportio‘,

240 4370 327 4432 noles
357 4368 528 4448 decennem
556 4368 788 4451 Copemicanis,
822 4373 902 4452 quod
933 4371 963 4435 in
991 4383 1127 4437 veterum
1154 4376 1191 4439 de
1222 4378 1330 4439 mundo
1355 4378 1515 4441 traditione
1531 4367 1597 4435 ies¹

241 4460 321 4521 nullo
345 4470 436 4540 pacto
459 4460 569 4541 potuit.
616 4461 718 4541 Atque
747 4462 822 4524 haec
855 4461 973 4541 quidem
1005 4463 1094 4541 hujus
1123 4466 1160 4526 de
1189 4476 1271 4528 motu
1302 4475 1454 4531 tractatus
1478 4460 1596 4553 inusto

242 4549 308 4611 sola
332 4549 463 4611 debebat
486 4569 564 4612 esse.
613 4550 728 4612 Verum
751 4570 810 4617 non
834 4551 956 4612 difficile
979 4550 1052 4613 mihi
1075 4562 1124 4614 est
1152 4556 1316 4634 conjicere,
1344 4557 1524 4631 exstituros,
1546 4558 1594 4634 qus

168 4670 171 4675 ·
241 4640 433 4718 optaverint,
466 4647 501 4700 ut
527 4638 605 4701 hanc
633 4639 769 4702 ultimam
797 4639 930 4720 opusculi
959 4649 1077 4719 partem
1102 4643 1280 4706 omisissem.
1327 4644 1451 4709 Etenim
1475 4646 1592 4723 (dicent)

242 4726 268 4787 si
296 4745 398 4790 veram
425 4747 480 4808 per
508 4747 635 4809 corpora
661 4729 885 4809 proportionem
919 4730 1069 4792 coelorum
1101 4732 1335 4797 constituisses:
1369 4734 1473 4818 utique
1506 4742 1592 4800 motus

241 4816 325 4879 illam
340 4817 561 4881 confirmarent.
599 4818 726 4901 Veritas
747 4818 825 4882 enim
849 4838 869 4901 a
890 4836 924 4881 se
948 4819 1016 4901 ipss
1039 4839 1098 4884 non
1122 4822 1262 4887 dissidet.
1299 4822 1396 4919 Atqui
1419 4826 1509 4898 videt
1529 4825 1595 4911 ipso.
