3278 5542
655 388 658 393 .
695 340 779 407 capnt
795 343 939 396 v1-vm.

602 566 604 570 ·
706 534 826 635 Caput
851 536 934 611 VH.

412 692 469 755 De
489 693 755 756 secundariorum
778 694 890 757 ordine
913 702 943 758 ct
962 698 1219 779 proprietatibu.

225 832 414 895 Secundaria
432 833 511 913 qnod
525 832 645 908 attinet,
671 853 738 897 oum
760 835 923 900 octae'dron
947 838 988 899 sit
1011 839 1094 918 prius
1116 839 1283 914 icosae'dro,
1308 841 1415 911 mirum
1437 841 1497 904 ali-

134 922 181 984 cui
197 921 293 984 videri
308 922 417 1002 possit,
441 941 494 984 cur
513 922 591 1003 quod
607 923 710 984 ordine
730 932 855 986 naturae
870 925 1021 1006 posterius
1042 936 1098 1001 est,
1123 927 1152 988 in
1177 929 1286 990 mundo
1310 922 1498 1008 praecedat?

133 1011 216 1073 iiam
241 1011 312 1091 qnia
334 1011 420 1072 Mars
444 1011 650 1072 dodecaidron
676 1013 800 1073 sortitus
825 1023 873 1074 est
896 1033 963 1075 cum
985 1015 1114 1089 Tellure,
1140 1015 1275 1096 sequitur
1297 1037 1335 1077 ex
1360 1019 1396 1078 iis
1421 1037 1497 1098 quae

136 1099 288 1173 diximuS,
321 1099 400 1161 inter
423 1100 572 1161 Tellurem
602 1110 633 1160 et
655 1100 806 1163 Venerem
835 1102 981 1164 interesse
1010 1104 1196 1166 icosaedron.
1250 1105 1292 1165 Et
1319 1106 1401 1184 prius
1431 1127 1498 1168 esse

135 1189 302 1250 octaedrou
333 1189 491 1250 icosaeoro
524 1190 620 1250 multa
652 1189 792 1268 probant.
843 1188 976 1253 Primum
1009 1193 1088 1253 enim
1120 1194 1282 1255 octaddron
1315 1203 1419 1256 natum
1451 1203 1499 1256 est

136 1282 211 1349 (non
236 1295 308 1338 vere
331 1277 462 1357 quidem,
487 1278 540 1340 sed
563 1278 608 1340 ita
632 1279 717 1358 quasi
741 1288 844 1340 natum
868 1281 925 1352 ait)
948 1299 986 1341 ex
1009 1281 1084 1343 cubo
1109 1289 1140 1342 et
1162 1282 1318 1362 pyramide
1340 1283 1444 1362 primis
1467 1284 1497 1345 in

135 1385 189 1428 suo
205 1366 329 1427 ordine:
355 1385 480 1447 qnorum
494 1366 576 1429 illins
590 1386 745 1429 nnmerum
760 1368 897 1442 laterum,
921 1369 1010 1448 hujus
1027 1369 1113 1431 basin
1133 1370 1315 1449 triangulam
1333 1381 1496 1433 mutuatur.
1512 1444 1515 1449 y

135 1455 322 1525 Icosaedron
345 1474 417 1516 vero
442 1456 630 1537 apyramide
651 1456 885 1519 etuodecaedro
910 1459 1070 1537 postremis
1094 1458 1122 1518 in
1149 1477 1201 1519 suo
1226 1459 1328 1520 ordine
1353 1460 1496 1522 nascitur.
1552 1468 1563 1483 ·’

132 1540 270 1631 Rursum
285 1542 364 1606 enim
382 1563 420 1605 ex
444 1543 497 1604 illa
518 1544 616 1619 basin,
642 1564 679 1606 ex
693 1544 750 1605 hoc
765 1564 918 1607 numerum
933 1546 1060 1608 latemm
1075 1554 1239 1608 mutuatur.
1273 1543 1310 1621 2)
1326 1545 1498 1610 Octaedrou

134 1641 168 1695 et
190 1632 371 1694 icosaedron
396 1631 421 1695 si
445 1651 482 1693 ex
503 1633 625 1712 'angulis
649 1632 815 1712 adspicias,
847 1634 920 1696 illud
946 1634 1013 1696 cubi
1036 1635 1123 1695 basin
1148 1636 1327 1715 quadratam
1351 1645 1497 1713 ostentat,

133 1720 192 1785 boc
218 1721 400 1785 dodecaedri
424 1718 686 1802 quinquangulum.
730 1719 765 1796 3)
790 1719 976 1785 Octaedrum
999 1723 1074 1784 cubo
1097 1725 1287 1804 aequealtum
1311 1734 1368 1802 est,
1392 1734 1427 1787 ιιι
1449 1726 1498 1788 νὶ-

134 1808 293 1885 debimus,
328 1817 360 1871 et
381 1810 558 1872 iconaedron
582 1811 781 1873 dodecaedro.
828 1805 865 1887 cl)
890 1809 1064 1873 Octabdron
1096 1832 1162 1874 cum
1191 1812 1285 1888 cubo,
1321 1813 1498 1876 icosaedron

134 1919 203 1962 cnm
227 1899 417 1960 dodecaedro
440 1906 613 1979 permutant
636 1918 789 1961 numerum
811 1899 929 1962 basium
945 1909 977 1962 et
992 1900 1178 1981 angulorum.
1213 1902 1293 1962 Nam
1317 1902 1384 1964 cubi
1409 1902 1499 1964 bases

135 1996 166 2051 et
190 1987 328 2051 octaedri
352 1989 454 2068 anguli
477 1996 547 2051 sunt
575 2006 648 2064 sex,
684 1988 765 2050 illius
796 1989 896 2068 anguli
922 1997 953 2051 et
975 1989 1064 2068 hujus
1088 1989 1177 2051 bases
1201 1997 1280 2050 octo.
1329 1990 1380 2053 Sic
1404 1991 1499 2052 dode-

135 2076 239 2139 caedri
263 2076 354 2139 bases
378 2084 410 2138 et
431 2074 580 2139 icosaedri
605 2077 705 2155 anguli
729 2085 799 2138 sunt
822 2077 959 2158 utrinque
979 2077 1155 2139 duodecim:
1180 2077 1314 2140 vicissim
1336 2079 1418 2141 illius
1441 2096 1498 2140 an-

134 2167 197 2247 guli
223 2173 257 2227 et
280 2165 369 2246 hujus
392 2164 483 2229 bases
507 2173 577 2227 suut
599 2164 716 2245 viginti.
764 2165 799 2240 5)
824 2163 997 2228 Octatdron
1027 2166 1095 2227 cubi
1126 2175 1239 2228 recturo
1263 2167 1406 2246 angulum
1429 2167 1498 2229 imi-

134 2261 236 2329 tatur,
265 2255 444 2316 icosaedron
473 2253 653 2317 dodecaddri
682 2255 831 2317 obtusum.
878 2254 927 2316 Ex
960 2254 1065 2334 quibus
1098 2264 1185 2336 patet
1216 2258 1379 2319 ocuedron
1408 2262 1500 2337 caput

136 2363 203 2406 esse
227 2343 276 2406 sui
298 2341 427 2418 ordinis,
452 2343 530 2406 sicut
552 2343 645 2405 cubus
668 2343 831 2424 primorum
854 2353 902 2406 est
923 2343 1073 2425 princeps.

725 2579 731 2590 s
748 2584 865 2594 ---.--.-.

698 2765 818 2865 Caput
845 2765 944 2840 VIII.

362 2943 458 3023 Quod
480 2942 650 3005 octaedron
671 2943 713 3007 cit
734 2944 821 3005 iutro
850 2943 997 3006 Venerem
1021 2952 1051 3008 et
1073 2945 1279 3008 Mercurium.

228 3103 320 3176 Quod
344 3112 445 3166 autem
469 3112 632 3183 propterea
655 3104 760 3164 statim
788 3105 826 3164 ad
855 3103 1062 3165 dodecaddron
1087 3105 1116 3167 in
1140 3105 1249 3166 mundo
1273 3102 1356 3182 sequi
1380 3102 1499 3177 debeat,

137 3214 195 3258 non
220 3192 368 3275 sequitur.
410 3191 443 3265 l)
466 3193 546 3255 Nam
570 3193 640 3273 quia
661 3210 768 3254 revera
792 3194 850 3254 duo
874 3192 985 3253 diversi
1010 3202 1081 3255 sunt
1103 3194 1233 3267 ordines,
1257 3200 1386 3273 possunt
1407 3192 1501 3253 etiam

136 3284 324 3347 indis-ereas
341 3282 443 3344 mundi
465 3282 574 3360 plagas
598 3290 736 3360 spectare
760 3282 823 3343 suis
842 3281 1000 3359 capitibus.
1039 3282 1075 3357 2)
1097 3283 1195 3361 Atque
1211 3284 1296 3356 adeo,
1320 3281 1391 3361 quia
1409 3281 1501 3342 cubus

137 3371 338 3454 dignissimae
361 3371 463 3432 mundi
482 3369 597 3451 regioni
611 3379 699 3432 extra
713 3371 838 3433 Terram
853 3372 1082 3450 appropinquat,
1108 3371 1365 3433 circumferentiae
1384 3370 1502 3430 scilicet
1609 3426 1614 3432 .

137 3463 203 3524 sive
227 3461 317 3531 lixis,
343 3479 400 3540 par
423 3469 508 3533 erat,
539 3469 573 3521 nt
601 3469 632 3521 et
655 3460 780 3521 alterius
804 3460 917 3521 ordinis
942 3468 1032 3537 caput
1055 3461 1183 3539 digniori
1207 3462 1272 3521 loco
1296 3458 1398 3521 mundi
1422 3459 1501 3520 intra

138 3550 272 3613 Telluris
299 3548 403 3613 orbern
433 3549 600 3610 accederet.
646 3548 729 3610 Nihil
757 3558 858 3610 autem
890 3548 1007 3627 dignius
1037 3560 1140 3610 centro
1169 3556 1201 3610 et
1223 3548 1304 3610 Sole.
1352 3544 1388 3620 3)
1412 3544 1500 3616 Quod

138 3640 165 3702 'si
189 3639 285 3700 etiam
308 3637 462 3718 utriusque
486 3638 600 3698 ordinis
624 3638 715 3698 situm
738 3656 792 3717 pro
821 3656 879 3698 uno
907 3656 1102 3712 censeamus,
1138 3638 1206 3717 qnid
1239 3636 1409 3714 elegantius
1437 3634 1501 3695 lieri

137 3736 282 3810 poterat,
316 3746 404 3808 quam
435 3734 470 3788 ut
491 3725 543 3788 ille
570 3726 707 3806 utrinque
737 3726 882 3787 similibus
913 3734 944 3786 et
966 3726 1070 3803 primis
1093 3718 1266 3804 corporibus
1290 3721 1500 3785 clauderetur?

136 3815 176 3893 4)
199 3817 361 3879 Pulchrios
384 3816 477 3877 etiam
500 3823 562 3889 est,
591 3816 760 3877 multifacia
783 3833 908 3895 corpora
931 3814 1098 3875 adinvicem
1122 3814 1207 3893 sequi
1230 3815 1260 3874 in
1283 3811 1396 3883 medio,
1427 3818 1459 3870 et
1482 3829 1500 3869 a

137 3906 319 3987 pluralitate
342 3904 461 3966 basium
483 3904 621 3984 utrinqne
645 3903 758 3969 sensim
782 3904 819 3964 ad
834 3903 1016 3983 paucitatem
1033 3903 1159 3975 discedi,
1182 3901 1208 3963 si
1226 3901 1298 3963 nihil
1323 3900 1404 3961 aliud
1427 3917 1499 3978 pro-

138 3995 256 4069 bibeat,
280 4012 370 4075 quam
393 3993 420 4054 si
443 3994 483 4054 ad
507 3993 666 4055 multarum
685 3991 802 4053 basium
818 4011 925 4071 corpus
945 4000 1120 4070 sequeretur
1143 4009 1233 4052 unum
1255 4008 1417 4069 paucarum
1442 3989 1499 4049 ba-

138 4085 229 4158 sium,
255 4092 288 4145 et
310 4083 438 4162 deniqne
461 4082 638 4144 succederet
661 4100 776 4143 rursum
802 4081 883 4142 alind
906 4080 995 4159 longe
1018 4080 1154 4159 plurium,
1180 4099 1269 4160 qnam
1289 4086 1356 4141 erat
1378 4084 1497 4138 utrum·

137 4192 210 4256 que.
249 4170 285 4247 5)
308 4171 411 4251 Atque
434 4189 502 4233 cum
526 4170 736 4232 dodecaodron
761 4180 844 4232 esset
866 4169 895 4230 iu
920 4188 974 4230 suo
998 4170 1101 4230 ordine
1120 4169 1266 4241 ultimum,
1290 4165 1499 4236 conveniebat,

136 4272 175 4325 nt
197 4261 243 4323 illi
267 4261 444 4323 succederet
470 4278 509 4321 ex
536 4259 632 4320 altero
660 4259 778 4333 ordine,
808 4259 886 4338 quod
915 4265 999 4319 esset
1026 4258 1071 4318 sui
1095 4258 1203 4318 simile.
1250 4253 1286 4329 6)
1316 4254 1419 4316 Etiam
1443 4254 1499 4315 hoc

137 4353 181 4414 ad
205 4350 336 4413 Telluris
360 4349 539 4430 dignitatem
561 4349 709 4427 pertinet,
734 4355 768 4408 ut
792 4348 928 4428 utrinque
953 4347 1105 4420 similiter,
1131 4354 1273 4425 quantum
1295 4343 1359 4405 fieri
1383 4350 1498 4421 posset,

137 4440 318 4521 stiparetur.
359 4435 437 4500 Onm
460 4438 553 4517 igitur
575 4437 620 4498 ita
642 4437 815 4511 cecidisset,
839 4445 873 4497 ut
896 4435 1028 4498 exterius
1051 4435 1185 4515 proxime
1210 4432 1372 4495 ambiretur
1394 4430 1498 4491 multi-

137 4530 230 4605 racio,
255 4536 411 4608 parerat,
435 4535 470 4588 nt
490 4525 617 4587 interius
643 4525 736 4586 etiarn
760 4524 893 4605 proxime
917 4525 1166 4604 complecteretur
1189 4520 1394 4585 multifaoium.
1431 4519 1498 4580 Duo

136 4621 234 4701 igitur
257 4617 288 4680 hi
312 4616 433 4678 ordines
456 4616 585 4695 quinque
608 4614 713 4676 horum
736 4632 893 4694 corpomm
923 4614 966 4674 ita
993 4620 1064 4674 sunt
1091 4633 1110 4674 a
1133 4610 1357 4693 sapientissimo
1382 4607 1496 4671 Condi-

136 4718 208 4771 tore
232 4708 262 4770 in
285 4722 376 4768 unum
399 4703 526 4774 redacti,
550 4711 586 4765 nt
609 4703 743 4766 calcibus
761 4703 888 4765 invicem
907 4703 946 4764 ad
961 4702 1121 4775 Tellurem,
1146 4721 1221 4782 quae
1245 4697 1390 4760 maceries
1414 4697 1498 4777 ipso-

135 4816 206 4862 rum
229 4803 288 4872 est,
313 4794 551 4868 obverterentur,
576 4792 726 4874 capitibus
750 4793 779 4854 in
803 4791 940 4855 diversas
964 4790 1065 4853 mundi
1087 4791 1196 4870 plagas
1219 4787 1418 4929 dppederent
1435 4786 1462 4858 ⁸)
