3278 5542
140 311 206 381 300
566 250 667 368 titana
685 313 789 380 Raplarl
806 315 958 381 aliorumque
973 320 1077 367 mutuae

139 475 196 538 lide
220 474 322 555 digno,
348 474 399 535 vix
421 475 533 538 imitari
558 475 670 549 audeo)
693 475 809 555 periere
834 473 963 537 flammis
987 471 1029 537 25
1053 474 1198 550 hominos,
1223 471 1246 538 d
1268 481 1377 548 turres,
1398 474 1475 555 ipsius

138 564 225 626 Jovis
240 563 387 645 palatium
403 574 484 626 metu
499 565 623 643 periculi
648 584 733 625 suum
753 564 868 643 expulit
884 563 1096 626 habitatorem.
1135 561 1397 626 Omnesreditum
1409 564 1475 643 priu-

141 653 216 733 cipis
250 652 411 732 trepidant.
457 654 576 715 Dicitur
604 654 712 713 Italica
740 653 852 714 auxilia
881 653 1039 714 adducere.
1091 651 1219 714 Senatui
1250 652 1348 716 civico
1375 662 1475 714 nostrae

139 740 340 805 confessionis
356 742 552 822 magistratus
578 742 741 821 abrogat-us
766 751 822 802 est.
868 742 1028 803 Portarum
1044 750 1076 803 et
1091 740 1319 803 armamentarii
1334 740 1423 803 urbici
1436 732 1476 803 cu·

139 831 258 892 stadiae
289 829 392 910 Papae
426 830 649 892 confessoribus
682 831 825 892 creditae.
873 831 1021 892 Minarum
1054 829 1152 891 omnia
1186 830 1287 910 plena.
1334 828 1395 892 Sed
1425 848 1477 891 ecca

138 920 252 981 omina:
278 928 341 982 tres
365 920 393 981 iu
419 920 475 981 hac
499 921 571 981 urbe
594 926 750 981 matronae
775 919 879 982 eodem
904 920 966 980 lere
989 927 1134 998 ternpore,
1159 919 1310 981 adornato
1331 918 1477 999 puerperio.

138 1010 288 1071 conducta
311 1016 343 1069 et
366 1010 517 1071 accersita
541 1008 721 1084 obstetrice,
751 1008 801 1070 diu
833 1029 887 1079 aaa
912 1006 1019 1079 dorae
1042 1015 1240 1088 expectantes
1269 1008 1393 1070 tandem
1415 1007 1477 1069 didi-

137 1117 204 1159 cere
229 1118 248 1158 a
271 1097 333 1159 suis
358 1098 581 1170 obstetricibus,
601 1118 633 1159 se
654 1105 770 1159 uterum
790 1116 848 1158 non
863 1116 978 1177 gerere,
1003 1097 1108 1159 Haben
1124 1098 1208 1178 Drey
1224 1096 1286 1158 fcbl
1301 1095 1477 1170 (Nullitateal

137 1184 278 1266 geboren.
324 1187 414 1248 Faxit
438 1187 520 1249 Deus
550 1194 649 1248 ratum
679 1205 764 1248 omen
797 1193 829 1247 et
851 1186 980 1265 dissipet
1008 1186 1135 1247 consilia
1158 1184 1402 1247 adversariomm
1423 1202 1478 1246 auo

136 1295 210 1337 rum.
259 1273 387 1335 Oremus
412 1284 512 1337 autem
536 1274 641 1356 ipsum,
667 1284 700 1338 ut
722 1275 1000 1337 innocentissimum
1025 1275 1177 1354 juvenculi
1200 1273 1346 1354 principis
1369 1273 1480 1335 animun

138 1372 243 1425 contra
275 1359 422 1442 pessimos
455 1365 642 1426 consultores
675 1365 798 1426 muniat.
848 1362 928 1435 Quid
961 1363 986 1423 si
1021 1364 1112 1425 donet
1146 1364 1244 1444 ipsum
1272 1362 1358 1425 Deus
1384 1362 1477 1424 nostris

137 1453 287 1532 precibus.

227 1539 386 1602 Cometam
410 1541 511 1602 dixere
535 1548 689 1602 nostrates
713 1541 832 1601 stellam
853 1539 983 1602 Veneris
1007 1539 1136 1601 interdiu
1159 1539 1274 1614 visam3
1299 1539 1336 1600 de
1360 1558 1417 1619 quo
1435 1558 1478 1619 ego

138 1630 301 1698 consultus,
326 1638 359 1690 ut
382 1630 486 1709 aspexi
511 1629 661 1711 respondi,
686 1629 834 1691 mitiorem
863 1629 892 1689 in
913 1629 997 1689 coelo
1021 1628 1143 1690 stellam
1166 1647 1225 1690 nou
1240 1646 1320 1690 esse.
1358 1628 1393 1689 Id
1410 1647 1477 1690 ouen

137 1719 242 1779 eodem
266 1737 322 1797 ego
346 1719 459 1779 refero:
488 1728 523 1780 ut
545 1718 694 1797 significet
716 1718 763 1779 bic
787 1726 905 1779 cometa
923 1724 1035 1778 metum
1060 1717 1271 1778 frustraneum.
1312 1714 1381 1788 Quo
1403 1716 1477 1778 etiarn

136 1806 268 1886 pertinet
290 1808 439 1886 eclipseos
462 1806 589 1885 inlapse
612 1808 660 1869 vel
676 1807 855 1868 emanantia.
901 1805 1074 1867 Moscovita
1097 1806 1206 1868 dicitur
1225 1814 1373 1868 mortuns.
1412 1805 1476 1867 Esca

136 1896 287 1957 borealem
312 1895 446 1975 eclipsin.
494 1898 539 1980 De
564 1898 663 1958 Turca
687 1896 785 1973 exigui
816 1903 887 1957 suut
910 1913 1055 1956 rumores.
1101 1894 1268 1957 Perhibent
1297 1904 1398 1956 tamen
1419 1912 1477 1955 ren·

137 1992 235 2047 turum
259 1985 380 2064 propria
411 1985 440 2046 in
473 2004 611 2066 persona.
658 1985 704 2045 De
732 1984 858 2045 Jaurino
887 1993 1064 2062 recuperato
1093 2001 1221 2063 maguae
1254 1989 1328 2045 suut
1359 1983 1477 2063 gratula-

137 2072 246 2136 tiones.
293 2074 361 2136 Non
386 2074 429 2135 ita
451 2075 566 2154 pridem
592 2072 854 2152 Constantinopoli
883 2068 972 2135 4000
996 2072 1150 2133 domorum
1181 2073 1416 2152 conflagrarunt.
1453 2071 1478 2132 ln

136 2162 279 2245 Bithynia
302 2181 394 2242 prope
419 2164 638 2244 Trapezuntem
668 2164 744 2223 duae
769 2163 856 2223 urbes
890 2180 947 2222 non
974 2159 1121 2240 ignobiles
1144 2168 1244 2225 terrae
1268 2168 1353 2223 motu
1375 2178 1478 2222 corrua-

137 2260 224 2313 runt:
262 2259 292 2312 et
320 2252 448 2331 periisse
476 2252 671 2332 perhibentur
703 2253 741 2313 ad
766 2248 875 2313 70000
898 2249 1060 2311 hominurn.
1106 2250 1141 2312 In
1165 2250 1321 2311 limitanea
1344 2250 1481 2329 Huugaria

136 2340 211 2400 duos
235 2341 351 2401 Bassas
374 2340 453 2402 inter
476 2341 542 2402 rixa
565 2349 597 2401 et
621 2340 719 2401 minae
744 2338 926 2400 delationum
952 2339 989 2399 ad
1014 2357 1100 2399 suum
1124 2336 1290 2401 Caesarem
1313 2339 1479 2400 intercesse-

136 2435 216 2490 rant.
263 2428 325 2489 Res
350 2429 387 2490 ad
404 2449 488 2491 arma
511 2430 603 2491 venit.
650 2430 778 2491 Delator
793 2429 909 2490 futurus
932 2427 971 2488 ab
991 2427 1088 2488 altero
1111 2426 1140 2488 in
1165 2445 1330 2507 congressu
1354 2424 1480 2507 singulari

136 2516 329 2579 interfectus:
359 2518 436 2598 quod
461 2538 528 2580 cum
551 2518 674 2580 alterius
698 2517 776 2579 servi
800 2517 950 2591 viderent,
977 2515 1126 2577 dominum
1150 2515 1206 2578 ulti
1229 2516 1359 2578 alterum
1382 2532 1481 2597 qnoque

137 2603 371 2667 interfecemnt:
404 2608 520 2686 periere.
545 2608 583 2668 ad
606 2604 650 2672 40
673 2607 820 2688 utrinque.
870 2607 953 2689 Haec
977 2605 1078 2666 omnia
1101 2605 1179 2667 male
1202 2604 1247 2667 illi
1271 2605 1397 2684 imperio
1418 2602 1480 2666 oni-

137 2701 257 2756 nantur.
303 2696 382 2758 Nam
406 2696 431 2756 si
455 2705 571 2758 tantum
596 2697 759 2757 animorum
773 2694 879 2756 Bessis
904 2694 1043 2768 accrevit,
1070 2694 1140 2756 olim
1159 2693 1285 2756 audebit
1303 2692 1425 2773 aliquid,
1441 2690 1480 2771 qui

137 2783 231 2844 vitam
247 2802 331 2845 suam
346 2784 374 2845 in
391 2786 523 2865 periculo
542 2785 664 2847 videbit.
704 2785 746 2847 Ut
769 2794 838 2845 suut
861 2784 960 2844 omnia
975 2783 1113 2856 bumana,
1134 2783 1200 2861 jam
1223 2781 1384 2854 salutaria,
1405 2782 1481 2863 paulo

137 2880 208 2951 post
231 2872 376 2943 exitiosa,
401 2875 444 2936 ita
467 2873 559 2935 etiarn
583 2874 697 2955 rigidae
722 2873 884 2935 Turcarum
909 2873 1006 2950 leges,
1041 2878 1074 2932 et
1096 2870 1293 2933 inexorabilis
1316 2870 1347 2932 iu
1370 2871 1480 2943 Bastar,

136 2959 166 3022 in
191 2961 290 3040 regios
315 2963 425 3024 liberos
449 2964 610 3033 sententia,
636 2963 742 3042 quibus
766 2963 855 3023 rebus
880 2961 1025 3022 hactenus
1050 2960 1138 3021 stetit
1152 2960 1228 3022 hacc
1242 2960 1349 3034 moles,
1375 2958 1481 3022 easdem

136 3049 220 3111 illam
251 3069 373 3129 pessum
402 3052 525 3113 dabunt.
573 3052 751 3130 Exemplum
782 3069 860 3111 anuo
895 3045 977 3111 1562
1007 3048 1035 3110 in
1059 3049 1225 3128 Mustapha
1246 3047 1389 3111 vidimus.
1431 3044 1481 3109 Sed

138 3137 313 3220 Solymanni
337 3158 453 3201 summa
480 3141 645 3201 auctoritas
668 3138 870 3219 periculosum
894 3137 1062 3201 incendium
1086 3137 1273 3217 restinguere
1301 3146 1367 3200 tum
1388 3136 1480 3219 potuit.

138 3225 287 3287 aliusnon
303 3227 423 3306 poterit,
449 3229 533 3307 cujus
553 3248 610 3289 non
631 3236 679 3289 est
699 3235 785 3289 tanta
799 3227 879 3290 bello
896 3226 1028 3288 felicitas
1044 3234 1255 3307 gestorumque
1280 3225 1389 3305 gloria.
1431 3221 1479 3287 Sed

141 3315 242 3376 futura
266 3316 309 3376 sic
333 3316 488 3378 habentos
523 3317 552 3379 in
576 3315 751 3397 praesentia
775 3318 851 3378 citra
875 3334 992 3376 omnem
1017 3315 1253 3376 controversiam
1277 3314 1382 3395 gliscit
1401 3310 1479 3377 nostu'

142 3401 285 3465 Caesaris
310 3406 492 3479 auctoritas,
517 3412 666 3487 utcunque
691 3405 858 3486 Hispanica
881 3405 1011 3484 expiret.
1057 3403 1220 3465 Enimvero
1243 3404 1424 3483 vigilandum
1443 3408 1480 3462 est

138 3493 339 3555 nostratibus:
374 3494 492 3556 videtur
515 3494 543 3556 in
574 3504 677 3557 nostro
702 3493 835 3556 Caesare
860 3494 959 3555 inesse
985 3491 1204 3554 Archimedaea
1236 3492 1386 3572 quaedam
1415 3488 1476 3554 ratio

138 3591 256 3656 motus,
291 3583 341 3664 qui
365 3584 440 3645 adeo
464 3584 582 3658 lentae,
616 3591 650 3645 ut
672 3583 723 3643 vix
752 3584 853 3644 oculos
877 3582 1025 3653 incurrat,
1058 3600 1200 3642 successu
1223 3589 1327 3644 tamen
1350 3578 1474 3662 temporis

138 3670 289 3750 ingentem
313 3674 421 3735 molem
445 3683 642 3735 commoveat.
688 3671 768 3733 Ecce
793 3673 910 3751 Pragae
935 3671 1060 3744 sedeas,
1098 3669 1163 3731 siue
1183 3671 1246 3731 ulla
1269 3670 1397 3733 bellicae
1417 3664 1474 3730 artis

137 3760 266 3839 peritia,
309 3761 372 3823 sine
406 3762 587 3824 auctoritate
622 3764 671 3835 (ut
694 3761 822 3822 antehac
851 3760 1046 3832 credebatur)
1079 3766 1179 3820 tamen
1213 3758 1362 3821 miracula
1381 3761 1471 3840 psat

137 3848 287 3927 principes
311 3850 341 3911 iu
366 3850 464 3912 officio
489 3852 639 3919 continet,
674 3850 891 3929 obsequentes,
925 3857 1074 3928 promtos‚
1108 3846 1250 3909 liberales
1274 3848 1382 3924 habet,
1411 3842 1471 3909 orbi!

138 3938 331 3999 monarcham
364 3947 410 4001 tot
440 3940 549 4001 seculis
579 3938 798 4001 formidabilem
822 3937 968 4011 sustinet,
1004 3943 1104 3997 tractu
1127 3936 1198 3997 belli
1223 3936 1388 4017 defatigat,
1414 3934 1471 3997 citn

138 4033 239 4086 tamen
264 4046 403 4106 maguum
428 4029 548 4109 aliquod
573 4028 804 4102 incommodum,
837 4027 915 4106 qrrod
939 4025 1099 4088 hostilibus
1123 4025 1321 4087 incommodis
1344 4038 1468 4106 praepon-

138 4114 233 4175 deret.
282 4113 398 4185 Quibus
422 4116 512 4177 rebus
535 4117 682 4195 ejusmodi
714 4135 813 4177 merae
837 4113 1002 4196 potestatis
1035 4115 1230 4177 fundamenta
1248 4114 1341 4193 jacit,
1372 4124 1404 4177 nt
1421 4108 1468 4173 solt

137 4201 220 4283 regui
246 4203 362 4265 'lbrcici
395 4205 549 4267 inclinatio
583 4206 690 4266 deesse
723 4205 871 4266 videatur.
919 4203 1025 4273 Quid?
1071 4201 1188 4274 Quibus
1221 4222 1335 4283 quaeso
1368 4200 1465 4267 artibus

138 4310 198 4372 qua
230 4291 375 4354 felicitate
399 4294 664 4376 Traussylvauiam
695 4294 830 4356 restituit
854 4292 1050 4355 Austriacis?
1096 4290 1183 4363 Quod
1216 4293 1464 4355 amnesamnes·

138 4378 217 4450 Quin
242 4388 273 4443 et
296 4382 351 4443 hoo
375 4383 489 4462 passim
513 4384 694 4456 affirmatur,
719 4383 842 4445 tertium
866 4402 904 4443 ex
925 4381 1105 4444 haeredibus
1128 4380 1314 4445 nominatum
1329 4376 1464 4445 saetae

139 4490 236 4532 sarem
260 4480 395 4534 nostrum
419 4491 438 4532 a
460 4471 640 4533 Moscovita.
688 4471 725 4532 Ei
750 4472 791 4533 rei
817 4470 929 4551 legatio
952 4468 1199 4549 splendidissima
1222 4472 1425 4541 adornabatur,
1442 4466 1464 4522 1¹⁸

138 4577 181 4619 sc.
206 4559 288 4621 solus
312 4568 417 4622 noster
438 4559 545 4623 haeres
570 4560 782 4623 nominaretur.
830 4559 892 4623 Sed
916 4567 1012 4621 morte
1035 4559 1226 4622 Mosoovitae
1255 4560 1369 4642 legatio
1394 4559 1463 4621 lutat·

138 4646 222 4708 cidit.

226 4736 305 4798 Utut
327 4734 377 4811 sit,
403 4736 558 4798 fatendum
581 4735 700 4798 omnino
726 4743 789 4807 est,
815 4756 834 4796 a
856 4736 922 4798 Deo
946 4735 1082 4798 benedici
1106 4736 1201 4798 nostri
1227 4735 1372 4802 Caesaris
1391 4734 1462 4801 alus
