3278 5542
649 296 681 346 ae
697 296 771 347 usus
789 297 951 362 nonroges
1415 294 1480 364 317

116 452 335 532 multiplicatio
358 454 496 534 ejusdem
518 454 547 515 iu
572 454 629 516 sibi
652 455 759 530 simile,
785 456 940 535 quodlibet
963 473 999 516 eo
1018 456 1116 530 modo,
1142 475 1200 537 quo
1224 457 1376 520 esseutiae
1393 459 1481 520 medo

119 541 225 605 utitur.
275 543 379 623 Imago
412 543 476 623 ejus
503 543 565 618 vis,
599 563 674 625 qnae
698 545 728 606 iu
752 563 841 606 maun
865 552 927 618 est,
959 544 1136 626 relinquitur
1158 544 1187 607 in
1213 547 1312 627 lepide
1342 554 1374 608 et
1395 547 1480 609 illum

119 631 208 692 vehit
231 652 349 693 sursum
383 634 474 712 litque
507 633 665 717 impressio
695 653 787 717 causa
807 634 952 695 materiae
983 641 1014 695 et
1037 635 1198 713 temporis,
1232 635 1303 715 quia
1326 644 1481 716 utrumque

120 719 163 780 ad
188 728 289 782 motus
312 721 477 784 essentiam
500 722 676 802 requiritur;
700 722 801 802 imago
826 722 900 784 lucis
925 743 944 783 a
968 723 1032 784 luce
1056 724 1152 784 effluit
1177 743 1270 785 causa
1294 724 1386 786 solius
1412 726 1479 800 loci,

122 808 195 889 quia
218 819 305 872 caret
328 810 378 873 lux
400 810 531 872 materia
552 819 583 873 et
607 820 751 892 tempore.
798 811 903 891 Imago
936 812 1029 892 igitur
1062 820 1093 873 et
1121 813 1186 892 ejus
1211 814 1368 895 temperis,
1403 816 1481 893 qnod

119 906 193 979 post
215 908 336 980 partum
358 898 491 981 proxime
516 899 586 973 fuit,
616 900 731 975 effluit,
767 900 931 980 elongatur,
949 922 969 962 a
991 909 1125 981 ternpore
1149 901 1200 964 illo
1235 902 1263 964 iu
1288 903 1481 982 proportione

120 995 293 1068 temporum
320 989 454 1064 illorum,
488 998 520 1051 ct
543 989 703 1070 elongatur
731 990 759 1051 in
784 990 881 1051 locum
906 990 1050 1070 temporis
1083 991 1213 1065 ratione,
1248 992 1318 1072 qnia
1341 1000 1482 1055 etenum

121 1076 271 1157 originale
305 1099 357 1140 seu
387 1079 454 1140 fons
483 1079 607 1159 ejusque
636 1079 771 1141 essentia
799 1087 918 1159 tempus
952 1087 1009 1153 est.
1057 1080 1106 1141 lta
1133 1080 1302 1142 tricesimus
1326 1080 1391 1142 dies
1415 1101 1481 1143 cum

120 1168 375 1229 antecedentibus
398 1177 578 1248 prorogatur
602 1168 630 1229 iu
656 1166 699 1231 30
722 1186 826 1242 anuos,
852 1168 988 1248 quodque
1009 1168 1065 1230 fuit
1088 1169 1136 1230 die
1157 1169 1309 1232 tricesimo
1333 1169 1361 1231 in
1385 1171 1479 1246 coelo,

120 1262 267 1338 operatur
290 1275 367 1318 auno
392 1256 544 1319 tricesimo
569 1257 598 1319 iu
623 1257 755 1330 homine,
788 1257 911 1336 perinde
936 1276 971 1319 ac
996 1257 1021 1318 si
1055 1266 1118 1319 tum
1142 1259 1259 1321 demum
1282 1259 1429 1321 existeret
1451 1260 1481 1321 in
1578 1322 1584 1331 ,

120 1345 222 1419 coelo,
248 1345 338 1426 plane
363 1353 396 1406 ut
414 1346 498 1408 calor
520 1345 586 1418 ille,
612 1347 660 1428 qni
685 1346 786 1408 estin
811 1345 898 1420 Sole,
930 1354 1073 1426 operatur
1096 1348 1325 1410 calefactionem
1350 1348 1379 1411 in
1404 1348 1481 1411 Ter-

120 1452 204 1508 ram,
240 1435 364 1515 perinde
388 1454 424 1496 ac
448 1434 475 1494 si
498 1434 552 1496 Sol
577 1436 640 1514 ipse
663 1444 747 1496 esset
779 1436 808 1496 iu
833 1436 937 1496 Terra.
984 1436 1041 1497 Hic
1066 1437 1163 1498 distat
1185 1437 1304 1516 patiens
1332 1446 1364 1498 et
1388 1455 1482 1518 agene

119 1520 217 1587 causa
242 1523 314 1596 loci,
348 1523 408 1585 illic
432 1543 525 1585 causa
548 1524 700 1605 temporis.
747 1525 880 1587 Medium
904 1523 952 1586 hic
975 1524 1060 1586 radio
1084 1525 1289 1600 continuatur,
1324 1525 1385 1588 illic
1409 1545 1481 1606 pro-

118 1614 277 1695 portione,
311 1612 380 1691 quia
408 1612 465 1676 hoc
494 1614 544 1675 lux
569 1621 631 1686 est,
670 1613 744 1675 illud
774 1622 872 1674 motus
905 1613 933 1674 in
967 1622 1050 1675 certo
1080 1633 1201 1677 numero
1234 1624 1266 1677 et
1288 1616 1481 1697 proportione

119 1713 632 1841 teminustissicius:Praetercardines
658 1790 720 1840 coeli
739 1790 848 1841 nullas
867 1792 1018 1856 agnoscis
1037 1790 1118 1841 alias
1138 1791 1252 1841 domus.
1288 1790 1372 1842 Miror.
1403 1791 1481 1842 Prae·

119 1872 161 1912 ter
181 1867 298 1926 aspectus
318 1860 456 1911 cardinales
483 1860 569 1911 alies
598 1869 749 1926 aspectus
775 1862 968 1919 iutroducis;
998 1869 1064 1912 certe
1093 1869 1119 1911 et
1136 1877 1213 1912 noras
1232 1862 1318 1913 domus
1341 1864 1481 1923 fabricabis,

119 1948 183 1984 nam
202 1940 319 1997 aspectus
338 1933 464 1982 domorum
482 1932 617 1982 interstitia
635 1935 796 1983 constituunt.

200 2005 419 2084 =Keplerus:
453 2004 592 2079 Miraris,
628 2005 706 2085 quod
730 2024 884 2067 nnmerum
903 2005 1056 2066 domorum
1080 2004 1269 2078 imminuam,
1303 2014 1480 2086 aspectuum

120 2093 277 2174 augeam?
324 2090 403 2163 Quia
427 2093 501 2154 illud
525 2093 661 2155 horuiuee
686 2102 864 2168 sanxerunt,
890 2094 946 2156 hoc
971 2100 1088 2156 natura.
1135 2092 1187 2155 Sic
1211 2094 1283 2156 mihi
1307 2095 1482 2159 demonstra

121 2193 247 2245 veteres
272 2183 387 2254 domus,
414 2189 448 2243 ut
471 2201 527 2262 ego
553 2182 608 2243 tibi
627 2201 721 2244 novos
738 2194 890 2265 aspectus.
937 2182 1098 2244 Rationem
1114 2182 1206 2244 redde
1221 2183 1352 2258 uumeri;
1375 2184 1481 2264 proba,

120 2272 227 2355 plnres
256 2280 288 2333 et
316 2270 473 2350 pauciores
505 2290 572 2332 esse
603 2291 660 2333 nou
684 2291 790 2352 posse3
825 2273 919 2333 deduc
943 2292 1065 2334 causam
1096 2290 1134 2332 ex
1157 2272 1222 2351 ipso
1247 2273 1347 2334 muudi
1372 2274 1479 2336 arche-

120 2374 212 2446 typo,
248 2381 286 2422 eir
309 2361 508 2442 geometriae,
543 2361 690 2440 genuinae
715 2360 847 2435 scilicet,
882 2360 1054 2441 principiis,
1087 2361 1214 2422 ostende
1238 2362 1377 2442 exempla
1400 2361 1480 2425 illins

122 2450 350 2514 distributionis
382 2449 504 2511 indubia
528 2459 559 2511 et
583 2449 757 2529 splendida;
789 2449 915 2530 denique
939 2451 1080 2524 ostende,
1105 2450 1134 2511 in
1158 2451 1283 2530 proclivi
1308 2470 1391 2524 esse,
1425 2471 1481 2513 ex-

121 2541 307 2623 perientiam
331 2556 456 2620 capere,
481 2558 536 2600 nec
561 2539 669 2600 leviter
693 2540 861 2618 capientem
887 2539 992 2601 fallere
1017 2539 1108 2614 hauc,
1134 2558 1188 2599 nec
1213 2539 1429 2619 ambiguitates
1453 2541 1480 2602 iu

121 2629 310 2711 experiundo
334 2627 436 2707 objici.
483 2629 567 2688 Haec
594 2628 694 2689 omnia
718 2629 775 2689 feci
800 2629 875 2691 meis
892 2628 1076 2708 aspectibus.
1125 2628 1262 2691 Proclive
1286 2627 1342 2691 tibi
1362 2636 1411 2691 est
1433 2630 1481 2690 rel

121 2719 233 2800 cuique
258 2717 318 2796 alii,
344 2737 382 2779 ex
405 2715 491 2779 novis
515 2717 688 2797 aspectibus
713 2727 744 2778 et
758 2710 853 2779 noras
869 2717 1017 2779 fabricare
1034 2717 1147 2790 doruus,
1173 2719 1252 2798 quia,
1278 2737 1325 2779 me
1341 2720 1480 2793 Hercule,
1566 2776 1573 2789 .

123 2828 218 2890 quaru
247 2825 362 2887 paucae
391 2813 462 2867 eunt
495 2807 532 2867 ad
558 2807 796 2886 respondendnm
831 2807 870 2867 ad
894 2806 992 2867 omnia
1016 2806 1213 2887 interrogata.
1261 2808 1306 2868 Tu
1330 2827 1400 2869 vero
1425 2809 1480 2868 de-

120 2904 261 2962 monstra
293 2904 345 2958 aut
369 2916 388 2956 a
409 2895 586 2957 Ptolemaeo
622 2904 796 2976 usurpatum
826 2895 1055 2970 dnodenarium,
1089 2902 1141 2956 ant
1174 2896 1237 2957 alia
1264 2896 1302 2957 ab
1327 2897 1480 2959 Arabibns

121 2987 310 3049 introducta.
359 2982 448 3055 Quod
479 3003 550 3046 vero
583 2984 730 3047 rationem
763 2985 802 3046 ab
830 2984 1004 3065 aspectibus
1039 2984 1142 3057 ducis,
1176 2985 1308 3046 concedo
1335 2986 1391 3048 tibi
1424 2986 1481 3046 lroc

121 3086 218 3158 pacto
242 3076 356 3149 domus,
382 3083 416 3134 ut
439 3074 501 3135 siut
527 3074 556 3135 in
580 3073 734 3153 patiendo,
759 3075 838 3156 quod
860 3074 984 3154 plancta
1006 3075 1034 3135 in
1052 3074 1179 3152 agendo.
1225 3073 1268 3135 Et
1286 3082 1386 3136 tamen
1402 3076 1481 3138 malo

122 3166 242 3237 dicere,
269 3164 433 3226 Saturnum
457 3163 485 3224 in
510 3163 611 3224 sextili
630 3163 723 3226 Medii
739 3162 833 3235 Cocli,
858 3181 946 3244 quam
971 3163 998 3224 iu
1015 3162 1191 3225 duodecima
1206 3164 1302 3239 domo,
1328 3164 1387 3226 uisi
1403 3164 1482 3245 quod

122 3266 157 3318 et
180 3253 353 3317 memoriam
373 3252 462 3332 juvat
485 3251 666 3314 distributio.
712 3253 781 3315 Nou
804 3272 915 3333 pugno,
941 3261 974 3314 ut
998 3253 1052 3314 has
1072 3252 1236 3327 destruam,
1263 3253 1316 3315 sed
1338 3272 1480 3335 repugno,

122 3364 162 3406 ne
187 3343 343 3405 aedificem
368 3351 421 3403 aut
443 3342 573 3404 sarciam
597 3341 674 3403 illos.

197 3432 381 3482 Fabricius:
409 3428 558 3491 Quaeritur,
586 3445 619 3479 an
637 3429 741 3494 planata
762 3431 834 3492 Juxta
855 3427 1067 3478 latitudinem
1086 3429 1270 3494 dirigendus
1288 3431 1321 3480 sit
1340 3431 1373 3481 ad
1392 3445 1480 3481 ascen

123 3504 227 3557 dentem
253 3504 291 3552 rel
311 3502 406 3559 Solam,
430 3503 469 3552 rel
495 3504 549 3552 siue
574 3499 724 3551 latitudine?
759 3499 849 3564 Magni
875 3501 993 3549 momenti
1011 3514 1050 3549 res
1070 3506 1122 3556 est,
1152 3502 1221 3551 etin
1240 3502 1415 3552 directionibus
1432 3518 1482 3552 nou

123 3590 229 3641 parram
249 3575 310 3625 lacit
329 3573 503 3624 differentiam.
540 3574 592 3638 Ego
611 3574 681 3622 rideo
701 3573 781 3636 petius
800 3573 853 3621 sine
872 3571 1003 3621 latitudine
1017 3571 1165 3623 dimotiouss
1176 3573 1335 3636 respondere,
1354 3576 1413 3639 quia
1424 3574 1482 3623 lati·

122 3645 219 3698 mdiuiri
236 3648 273 3695 ris
292 3654 330 3696 est
348 3647 373 3694 iu
391 3645 471 3710 madir
487 3645 656 3712 longitudinis,
676 3649 703 3692 et
720 3643 824 3706 planeta
841 3645 938 3694 ratione
957 3642 1117 3707 longitudinis
1135 3645 1183 3693 rim
1205 3643 1301 3715 zodiaci
1314 3646 1480 3710 consequitur,

123 3733 191 3785 quae
209 3718 326 3768 vidcttcet
343 3717 379 3767 illi
396 3718 470 3767 inest.

215 3791 424 3871 Keplerus:
449 3787 555 3867 Dirige
579 3787 688 3860 sidere,
716 3793 748 3846 nt
771 3785 915 3860 oriuntur,
941 3786 980 3847 ad
996 3786 1209 3849 ascendentem
1225 3795 1257 3848 et
1271 3788 1314 3848 Μ.
1332 3784 1384 3860 0.,
1409 3805 1480 3867 ergo

124 3898 180 3961 per
204 3879 392 3943 latitudines.
439 3877 474 3938 ld
498 3876 757 3956 Regiomontauns
781 3875 952 3936 inculcavit.
1000 3873 1076 3937 Cum
1095 3873 1150 3937 Sol
1173 3876 1346 3957 dirigendus
1370 3884 1418 3937 eet
1442 3877 1481 3937 ad

126 3969 292 4041 Venerem,
317 3976 348 4028 et
370 3965 425 4029 illa
446 3966 540 4028 habet
564 3960 610 4029 9ο
633 3966 703 4039 lat,
729 3963 796 4026 dico
821 3963 937 4026 fatuam
961 3964 1174 4041 directionem,
1210 3966 1293 4047 quia,
1317 3985 1384 4028 curn
1407 3984 1480 4045 pro-

123 4058 198 4121 ximi
223 4057 295 4119 lacti
319 4064 398 4132 suut,
423 4051 467 4118 9⁰
489 4056 673 4117 distiteruut.
721 4053 766 4114 Tu
789 4053 890 4115 nescio
915 4054 986 4134 qnid
1008 4075 1174 4132 capuanae:
1203 4057 1340 4137 planeta,
1368 4055 1477 4136 inquis,

124 4150 243 4210 ratione
268 4145 462 4225 longitudinis
487 4145 545 4206 viru
570 4143 684 4206 zodiaci
709 4142 911 4223 consequitur.
959 4143 1027 4206 Non
1048 4143 1189 4205 zodiacus
1212 4145 1353 4225 planetis,
1380 4143 1479 4206 sedbi

124 4237 249 4299 zodiaco
273 4236 334 4296 vim
358 4234 535 4313 largiuntur.
582 4234 728 4294 Plauetae
753 4231 885 4292 enimin
910 4251 942 4292 se
967 4232 1042 4312 ipsis
1066 4240 1146 4294 sunt.

200 4325 381 4375 Fabricius:
401 4323 547 4387 Eclipses
565 4321 653 4372 iutra
670 4320 800 4370 Terram
819 4321 992 4386 confingentes
1010 4323 1035 4371 iu
1054 4320 1187 4387 geuesibua
1206 4335 1255 4370 nou
1273 4327 1332 4370 suut
1349 4321 1479 4387 negligen-

124 4397 181 4457 dae,
202 4411 259 4446 curu
276 4397 339 4445 vires
357 4409 415 4445 suas
434 4400 567 4445 exerceant
585 4394 619 4444 ad
636 4393 735 4442 modurn
753 4390 917 4455 planetarum.

215 4468 420 4548 Keplerus:
452 4467 526 4529 Illas
555 4466 657 4546 ntique
682 4463 848 4525 censuerim
872 4462 1122 4536 considerandae,
1155 4473 1188 4524 at
1210 4482 1268 4524 uon
1292 4463 1397 4539 aliter,
1422 4463 1480 4524 uisi

124 4558 371 4639 conjunctionem
400 4557 596 4637 corporalem.
643 4553 723 4616 Nam
758 4551 876 4614 luminis
906 4552 1038 4615 subitam
1068 4553 1267 4633 privationem
1296 4553 1379 4614 nulla
1401 4553 1480 4615 ratio

124 4647 264 4711 admittit
286 4646 343 4708 nisi
368 4665 403 4708 eo
427 4646 492 4708 loco
518 4645 719 4717 considerare,
745 4641 794 4703 nbi
810 4642 950 4704 cernitur.
1003 4642 1068 4703 Tua
1087 4640 1309 4722 argumentatio
1332 4643 1414 4704 nulla
1433 4650 1482 4703 est

124 4759 145 4801 a
166 4740 358 4820 planetarum
391 4735 505 4798 viribus
536 4735 575 4797 ad
594 4734 673 4795 vires
697 4731 862 4812 eclipsium.
908 4731 1040 4792 Plaueta
1067 4739 1116 4793 est
1138 4730 1324 4807 substantia,
1359 4731 1481 4811 eclipsis

123 4837 175 4892 est
198 4827 340 4909 privatio,
365 4825 567 4888 determinata
589 4822 650 4886 situ
674 4821 749 4901 certi
774 4819 840 4883 loci.
887 4819 953 4882 Illis
967 4819 1061 4902 igitur
1083 4838 1151 4883 csse
1175 4820 1256 4884 vires
1274 4821 1316 4884 nil
1329 4820 1481 4902 probibet,
