3278 5542
136 313 200 382 tto
428 320 431 327 '
685 317 807 385 A1³⁰¹⁰s¹¹⁸
824 316 948 381 syenem·

137 487 255 541 stantes
284 498 303 539 a
330 476 408 559 polis
438 475 544 555 hujus,
580 486 723 555 quantum
757 477 920 556 quantitati
952 478 1225 558 retrogradationis
1254 474 1381 549 sufficit,
1412 493 1493 554 snper

138 569 242 651 quibus
267 567 347 629 orbis
370 565 417 627 hic
441 565 565 626 interior
589 565 618 625 in
642 565 824 627 contrarium
848 567 1006 628 exterioris
1022 568 1141 648 aequali
1156 575 1293 646 tempore
1309 563 1492 626 restituatur.

136 661 182 720 At
203 657 260 719 hoc
283 664 372 736 pacto
399 654 525 734 planeta
547 669 666 735 semper
695 654 724 715 in
756 655 897 734 ecliptica
927 665 980 716 aut
1003 675 1121 736 semper
1144 654 1318 736 inaequali
1341 653 1494 716 latitudine

137 754 224 809 extra
248 744 417 824 eclipticam
440 752 552 818 manet,
579 752 659 805 motu
686 744 853 805 librationis
878 745 921 805 cis
946 753 979 806 et
1001 746 1082 807 ultre
1106 744 1210 808 Solem
1233 762 1418 815 excurrens,
1449 749 1494 802 aut

139 835 169 897 si
202 833 292 897 fuerit
320 834 480 914 inaequale
511 842 629 913 tempus
657 833 895 910 restitutionum,
925 835 978 895 liet
1005 842 1039 896 ut
1061 834 1134 896 olim
1162 836 1289 915 planeta
1312 830 1494 895 latitudinem

135 923 249 986 babeat
272 923 428 1002 aequalem
452 921 716 1002 retrogradationi.
763 923 805 984 Et
827 930 862 984 ut
885 924 998 997 demus,
1023 924 1193 1004 neglectam
1215 923 1256 986 ab
1273 921 1407 984 Eudoxo
1429 919 1493 982 lati-

136 1013 270 1076 tudinem
298 1013 504 1092 planetamm,
539 1031 597 1073 non
625 1020 725 1073 tamen
756 1019 804 1073 est
832 1011 1008 1087 verisimile,
1041 1032 1127 1074 usum
1157 1032 1225 1076 esse
1248 1010 1413 1073 Eudoxum
1441 1016 1493 1071 tan

135 1103 294 1166 recondita
324 1103 421 1163 forma
443 1101 647 1181 hypotheseos
671 1101 710 1162 ad
732 1101 1025 1180 retrogradationem
1052 1101 1254 1165 efficiendam:
1282 1119 1353 1163 curn
1376 1097 1494 1180 epicycli

136 1200 300 1270 conceptus
319 1209 386 1252 sese
416 1191 514 1270 ipsum
538 1189 624 1269 qnasi
647 1192 755 1252 offerat
771 1191 848 1252 ultro
865 1191 1155 1270 retrogradationem
1175 1188 1395 1265 consideranti,
1420 1186 1492 1250 etin

138 1280 365 1361 disciplinamm
395 1278 609 1341 constitutione
629 1278 852 1358 simplicissima
874 1287 906 1341 et
935 1279 1080 1342 facillima
1102 1299 1238 1362 quaeque
1266 1279 1366 1360 primo
1392 1295 1491 1356 sequa·

137 1389 217 1443 mur,
255 1369 474 1431 necessitatem
506 1369 729 1448 perpendentes
768 1387 826 1429 non
855 1368 1020 1448 ingenium,
1054 1377 1089 1431 ut
1114 1371 1348 1432 Fracastoreus.
1397 1366 1491 1446 Neque

139 1467 258 1522 tantum
280 1457 444 1520 verisimile
474 1477 531 1519 uon
556 1466 613 1534 est,
639 1458 692 1519 sed
711 1457 801 1536 plane
816 1467 922 1519 contre
941 1477 1057 1520 omnem
1076 1459 1233 1534 rationem,
1257 1457 1391 1521 Eudoxo
1405 1454 1490 1517 visun

137 1568 206 1610 esse
231 1549 308 1610 hunc
331 1547 602 1627 retrogradationis
628 1555 742 1608 motum
765 1545 794 1607 in
819 1547 1008 1609 conceutrico
1032 1548 1094 1611 fieri
1123 1559 1205 1610 motu
1230 1545 1424 1619 librationis,
1457 1543 1491 1605 ita

140 1646 174 1700 nt
197 1637 323 1699 eandem
351 1637 488 1698 aTerra
512 1636 688 1698 distantiam
716 1636 841 1714 planeta
868 1646 1042 1699 conservet:
1076 1657 1142 1699 cum
1174 1636 1266 1699 etiam
1290 1633 1377 1715 vulgi
1401 1632 1491 1696 oculos

133 1727 328 1809 perstringat
350 1726 461 1788 Martis
485 1725 657 1809 aorouychii
681 1725 787 1804 ingens
807 1725 992 1803 magnitudo,
1018 1726 1067 1808 qni
1087 1727 1152 1805 jam
1175 1727 1214 1788 ad
1228 1725 1334 1788 Solem
1354 1722 1492 1787 accedens

141 1837 160 1878 a
186 1815 296 1877 tertiae
321 1814 537 1895 magnitudinis
561 1816 659 1878 stellis
683 1822 850 1892 superatur,
876 1834 914 1875 ex
938 1834 995 1895 quo
1019 1817 1182 1878 manifesta
1204 1823 1254 1877 est
1275 1815 1342 1895 ejus
1367 1834 1387 1875 a
1410 1812 1493 1874 Terra

137 1905 346 1967 diversissima
369 1905 508 1987 utrinque
533 1904 690 1967 distantia.
738 1901 837 1974 Quam
862 1903 1051 1966 librationem
1080 1905 1106 1966 si
1130 1905 1223 1966 etiarn
1246 1902 1415 1965 statuisset
1438 1900 1492 1963 Eu·

141 1995 251 2069 donus,
282 1993 433 2063 fuisseta
462 1992 589 2077 Calippo
620 1994 833 2073 reprehensus,
866 2001 897 2054 et
923 1993 1049 2074 proinde
1073 1994 1188 2056 orbium
1211 1992 1332 2055 Eudoxi
1362 2007 1492 2054 numerus

141 2092 174 2145 et
196 2083 269 2145 ordo
292 2091 437 2159 mutatus,
462 2084 545 2163 cujus
570 2082 750 2145 contrarium
770 2083 901 2144 affirmat
922 2082 1117 2145 Aristoteles.
1165 2081 1242 2145 Cum
1265 2083 1371 2162 itaque
1396 2077 1491 2157 Calip-

140 2192 197 2253 pus
221 2172 395 2251 diligentior
425 2193 483 2234 nou
512 2173 639 2234 haberet
672 2172 750 2251 quod
774 2172 822 2233 hic
847 2173 875 2232 iu
898 2171 1024 2233 Eudoxo
1049 2173 1296 2252 reprehenderet,
1330 2189 1393 2232 non
1416 2169 1492 2231 decet

141 2280 206 2332 nos,
229 2261 355 2324 Eudoxo
380 2269 498 2323 tantam
520 2261 721 2342 ignorantiam
746 2260 887 2322 tribuere.
935 2259 996 2322 Sed
1021 2263 1059 2323 ad
1074 2261 1232 2323 Eudoxum
1244 2260 1420 2323 redeamus.
1454 2254 1492 2317 Ex

141 2350 233 2412 tertio
258 2357 290 2411 et
312 2350 414 2431 quinto
443 2350 530 2426 orbe,
564 2351 708 2423 diximus,
737 2351 863 2412 alterum
895 2350 1047 2412 latitudini
1072 2351 1184 2413 servire
1214 2350 1339 2425 debere,
1375 2349 1493 2410 alterum

143 2439 409 2518 retrogradationi.
456 2438 544 2510 Quod
573 2440 668 2521 primo
698 2440 763 2500 loco
792 2447 938 2501 tenemus.
990 2440 1107 2501 Deinde
1136 2458 1202 2501 cnm
1230 2439 1375 2502 distincte
1404 2442 1494 2499 umet

141 2529 331 2592 Aristoteles
355 2528 392 2589 de
411 2528 507 2609 primo
531 2538 562 2590 et
585 2529 716 2591 secundo
741 2528 827 2603 orbe,
860 2528 989 2607 quodie
1013 2529 1149 2591 omuibus
1175 2529 1309 2609 planetis
1337 2523 1494 2589 communis

142 2618 200 2693 sit,
225 2617 262 2679 de
286 2616 377 2678 tertio
400 2637 472 2679 vero
500 2619 549 2680 vel
573 2629 680 2698 quarto
709 2616 728 2680 5
752 2618 943 2698 planetarum
972 2637 1030 2679 non
1055 2619 1201 2691 affirmet,
1231 2618 1416 2694 altemtrnm
1438 2630 1494 2676 cnm

142 2707 233 2769 tertio
262 2706 450 2769 luminarium
480 2726 547 2768 esse
574 2709 716 2781 eundem;
750 2707 819 2768 hinc
847 2715 930 2768 recte
960 2707 1097 2769 concludi
1126 2706 1281 2782 existimo,
1314 2707 1375 2769 etsi
1399 2705 1494 2766 horum

143 2796 291 2859 alteruter
321 2795 400 2857 idern
429 2816 496 2858 cum
528 2798 618 2859 tertio
644 2796 829 2858 luminarium
857 2796 950 2857 habet
982 2796 1112 2858 officium
1151 2797 1280 2859 vehendi
1307 2791 1495 2876 planetaein

142 2886 341 2959 latitudinem,
366 2885 515 2964 positione
540 2897 640 2949 tamen
663 2885 823 2965 plurimum
846 2886 976 2947 differre.
1023 2886 1127 2947 Tertio
1142 2886 1395 2947 considerandum
1418 2880 1495 2945 nobis

141 2983 200 3046 est,
225 2975 294 3054 quid
319 2994 357 3035 ex
381 2994 415 3036 eo
440 2984 594 3055 sequatur,
619 2975 697 3055 qnod
720 2976 830 3037 tertiae
854 2975 1001 3055 sphaerae
1025 2975 1086 3055 poli
1111 2976 1139 3036 in
1165 2974 1190 3048 Ω
1214 2984 1247 3036 et
1269 2976 1291 3051 Q
1314 2974 1380 3036 sint
1402 2972 1495 3035 iidem.

142 3063 219 3127 Cum
246 3063 340 3142 igitur
367 3063 450 3124 hisce
479 3065 594 3126 duobus
619 3084 772 3126 commune
801 3063 874 3126 nibil
903 3063 945 3125 sit
968 3063 1012 3135 (iu
1041 3065 1158 3127 usitata
1181 3064 1302 3144 quidem
1330 3064 1371 3125 de
1394 3059 1496 3127 mundo

142 3153 369 3232 conceptione),
400 3161 523 3232 praeter
546 3154 654 3216 lineam
678 3153 767 3215 medii
791 3162 905 3229 motus,
938 3173 1014 3233 quae
1038 3173 1093 3233 per
1116 3161 1251 3215 centmm
1281 3152 1414 3234 cpicycli
1436 3159 1495 3212 tra-

138 3241 259 3322 iicitur:
293 3242 424 3303 latitudo
453 3244 531 3304 enim
556 3242 676 3305 diversa
699 3252 762 3316 est,
794 3243 1064 3322 retrogradationis
1093 3251 1125 3305 et
1148 3250 1266 3322 tempus
1290 3250 1324 3304 et
1347 3240 1496 3323 quantitas

141 3331 247 3392 itidem
270 3330 406 3392 diversa:
432 3332 567 3412 seqnitur
590 3332 691 3411 igitur,
714 3332 796 3393 tertii
820 3332 902 3393 orbis
925 3333 1011 3413 polos
1034 3333 1165 3412 pendere
1184 3353 1203 3394 a
1227 3331 1306 3394 linea
1329 3329 1424 3394 medii
1436 3346 1496 3391 mo-

142 3429 202 3481 tus.
249 3419 291 3481 Et
314 3420 456 3499 amplius,
492 3440 558 3484 cum
588 3429 701 3483 certum
730 3422 771 3482 sit
802 3421 980 3483 latitudines
1010 3421 1035 3495 Ω
1069 3424 1145 3499 eto
1177 3422 1206 3483 in
1232 3421 1362 3484 diversis
1387 3414 1497 3483 zonat

144 3509 217 3572 locis
240 3509 358 3590 perfici,
387 3529 442 3572 nec
466 3530 585 3591 semper
608 3510 775 3592 aequaliter
798 3512 836 3572 ab
861 3511 987 3573 invicem
1018 3511 1166 3572 removeri
1190 3511 1265 3572 haec
1289 3512 1374 3573 loca:
1404 3516 1496 3573 retro·

143 3599 332 3679 gradationis
355 3618 426 3662 vero
450 3600 480 3662 in
505 3610 629 3681 utroque
652 3602 778 3679 planeta
800 3600 869 3661 loca
890 3600 991 3662 media
1015 3619 1133 3680 semper
1158 3619 1225 3661 esse
1244 3601 1423 3681 cunjuncta:
1451 3616 1496 3657 se·

143 3690 243 3769 quitur
265 3689 366 3768 igitur,
391 3691 513 3753 tertium
537 3691 638 3752 orbem
662 3689 914 3770 retrogradationi
934 3689 1057 3762 servire,
1081 3696 1219 3770 quartum
1234 3689 1402 3763 latitudini,
1425 3683 1497 3768 quod

143 3779 263 3858 quidem
293 3788 324 3840 et
351 3779 445 3841 verba
470 3780 648 3842 Aristotelis
677 3799 736 3840 non
764 3779 890 3841 obscure
919 3780 1054 3842 innuunt.
1101 3778 1168 3839 Hoc
1197 3778 1241 3840 ita
1269 3787 1375 3840 tamen
1403 3790 1497 3838 verum

144 3875 202 3943 est,
226 3874 260 3928 nt
284 3877 314 3928 et
339 3887 429 3948 snpra
451 3871 482 3931 in
498 3870 585 3932 Luna
609 3869 679 3931 fuit:
705 3887 811 3947 nempe
836 3869 944 3930 tertius
958 3868 1053 3930 nodos
1067 3868 1187 3942 vehere,
1212 3875 1337 3949 quartus
1358 3873 1497 3929 etretro·

143 3956 352 4036 gradationem
377 3966 408 4018 et
432 3958 621 4020 latitudinem
645 3957 706 4019 unci
730 3957 874 4018 beneficio
897 3957 980 4019 tertii
1007 3958 1125 4019 efficere
1144 3965 1257 4037 potest.
1305 3954 1425 4026 Quarto
1448 3954 1497 4014 de-

144 4045 232 4125 nique
257 4045 494 4123 consideremus,
526 4048 604 4126 quod
628 4048 760 4108 affirmat
783 4047 982 4115 Aristoteles,
1014 4047 1101 4126 polos
1130 4046 1213 4108 tertii
1241 4065 1311 4109 esse
1339 4046 1372 4107 iu
1396 4041 1498 4106 circuio

143 4153 197 4215 per
220 4134 349 4197 medinm
374 4136 535 4216 signorum.
583 4137 618 4197 Id
641 4136 837 4198 multifariam
860 4136 923 4197 lieri
946 4144 1062 4216 potest.
1108 4136 1268 4197 Autenim
1290 4134 1428 4216 oppositi
1444 4127 1499 4213 puli

143 4225 174 4284 in
204 4224 352 4304 oppositis
379 4224 495 4288 zodiaci
526 4225 600 4287 locis
627 4234 798 4299 cernentur,
834 4245 899 4287 cnm
928 4245 970 4287 sc.
995 4226 1091 4287 Terra
1117 4225 1260 4305 inhujus
1288 4223 1375 4286 tertii
1404 4229 1500 4286 centm

144 4320 211 4375 est:
237 4322 291 4376 ant
315 4321 439 4394 uterque
462 4315 600 4394 polorum
623 4314 652 4375 in
677 4315 781 4376 eodem
805 4314 920 4376 zodiaci
945 4316 1020 4386 loco,
1044 4333 1110 4377 cnm
1134 4333 1177 4375 sc.
1193 4315 1287 4377 Terra
1302 4322 1393 4375 extra
1406 4311 1499 4374 orbem

145 4403 221 4464 bunc
245 4403 448 4481 constituitur,
472 4405 516 4466 ita
539 4412 573 4465 ut
595 4403 677 4465 orbis
700 4404 748 4464 hic
772 4405 923 4486 epicyclus
948 4404 999 4479 eit,
1024 4411 1055 4466 et
1079 4405 1159 4466 linea
1181 4424 1220 4466 ex
1243 4404 1339 4465 Terra
1362 4420 1420 4484 per
1440 4398 1499 4480 epi·

145 4495 221 4574 cycli
254 4500 390 4555 centmm
417 4493 570 4555 coincidet
599 4512 665 4554 cum
700 4494 766 4572 ejus
798 4513 864 4557 axe.
911 4493 976 4555 Ant
1004 4493 1131 4573 deniqne
1164 4494 1230 4555 axis
1258 4492 1348 4573 hujus
1380 4484 1501 4573 epicycli

145 4585 307 4645 secundnm
336 4583 494 4662 eclipticas
524 4582 737 4662 longitudinem
762 4583 853 4658 situs,
886 4592 1043 4666 utrumque
1072 4585 1173 4663 polum
1201 4583 1230 4644 iu
1255 4582 1365 4645 vicinis
1392 4575 1500 4645 zodiaci

144 4670 218 4733 locis
250 4671 424 4736 constituet
471 4672 602 4735 Primum
626 4674 827 4734 Fracastoreo
855 4675 974 4752 placet,
1006 4673 1060 4733 sed
1085 4673 1123 4734 ob
1147 4691 1257 4734 causas
1284 4691 1382 4752 supra
1409 4671 1501 4733 dota·

145 4779 294 4823 essenon
318 4772 431 4843 potest.
478 4764 556 4824 Nam
589 4763 736 4842 ejusmodi
764 4762 845 4824 orbis
874 4783 932 4825 non
962 4772 1010 4824 est
1038 4762 1082 4825 ita
1105 4770 1313 4843 comparatus,
1343 4770 1380 4824 nt
1407 4766 1502 4825 retro·

144 4852 353 4932 gradationem
377 4852 496 4916 efficere
523 4851 633 4936 possit
680 4850 864 4929 Secundum,
896 4853 923 4914 si
945 4852 1040 4916 verba
1065 4853 1203 4936 praecise
1230 4869 1412 4933 urgeamus,
1440 4860 1503 4913 esst
