<?xml version="1.0" encoding="UTF-8"?>
<!DOCTYPE html PUBLIC "-//W3C//DTD XHTML 1.0 Transitional//EN"
    "http://www.w3.org/TR/xhtml1/DTD/xhtml1-transitional.dtd">
<html xmlns="http://www.w3.org/1999/xhtml" xml:lang="en" lang="en">
 <head>
  <title>
</title>
<meta http-equiv="Content-Type" content="text/html;charset=utf-8" />
  <meta name='ocr-system' content='tesseract 3.04.00' />
  <meta name='ocr-capabilities' content='ocr_page ocr_carea ocr_par ocr_line ocrx_word'/>
</head>
<body>
  <div class='ocr_page' id='page_1' title='image "./joanniskepleria17frisgoog_0056.png"; bbox 0 0 3278 5542; ppageno 0'>
   <div class='ocr_carea' id='block_1_1' title="bbox 729 249 1544 387">
    <p class='ocr_par' dir='ltr' id='par_1_1' title="bbox 729 249 1544 387">
     <span class='ocr_line' id='line_1_1' title="bbox 729 249 1544 387; baseline 0.001 -1"><span class='ocrx_word' id='word_1_1' title='bbox 729 316 891 371; x_wconf 62' lang='lat' dir='ltr'><strong>m</strong></span> <span class='ocrx_word' id='word_1_2' title='bbox 1140 249 1142 254; x_wconf 35' lang='lat'>⁵</span> <span class='ocrx_word' id='word_1_3' title='bbox 1443 304 1544 387; x_wconf 81' lang='lat' dir='ltr'><strong>aa·</strong></span> 
     </span>
    </p>
   </div>
   <div class='ocr_carea' id='block_1_2' title="bbox 126 473 1495 903">
    <p class='ocr_par' dir='ltr' id='par_1_2' title="bbox 126 473 1495 903">
     <span class='ocr_line' id='line_1_2' title="bbox 127 473 1486 560; baseline 0.008 -28"><span class='ocrx_word' id='word_1_4' title='bbox 127 489 186 532; x_wconf 90' lang='lat' dir='ltr'><strong>nou</strong></span> <span class='ocrx_word' id='word_1_5' title='bbox 211 481 336 535; x_wconf 85' lang='lat' dir='ltr'><strong>moveat</strong></span> <span class='ocrx_word' id='word_1_6' title='bbox 357 474 432 536; x_wconf 87' lang='lat' dir='ltr'><strong>haec</strong></span> <span class='ocrx_word' id='word_1_7' title='bbox 455 475 626 538; x_wconf 85' lang='lat' dir='ltr'><strong>calumnia?</strong></span> <span class='ocrx_word' id='word_1_8' title='bbox 666 474 821 540; x_wconf 87' lang='lat' dir='ltr'><strong>Recordor</strong></span> <span class='ocrx_word' id='word_1_9' title='bbox 844 478 924 540; x_wconf 89' lang='lat' dir='ltr'><strong>illius</strong></span> <span class='ocrx_word' id='word_1_10' title='bbox 948 479 993 541; x_wconf 89' lang='lat' dir='ltr'><strong>tui</strong></span> <span class='ocrx_word' id='word_1_11' title='bbox 1017 479 1065 541; x_wconf 93' lang='lat' dir='ltr'><strong>ovi</strong></span> <span class='ocrx_word' id='word_1_12' title='bbox 1089 473 1486 560; x_wconf 75' lang='lat' dir='ltr'><strong>christophorocolumhaui.</strong></span> 
     </span>
     <span class='ocr_line' id='line_1_3' title="bbox 126 557 1486 648; baseline 0.007 -26"><span class='ocrx_word' id='word_1_13' title='bbox 126 557 260 622; x_wconf 83' lang='lat' dir='ltr'>Scilicet</span> <span class='ocrx_word' id='word_1_14' title='bbox 283 560 411 639; x_wconf 91' lang='lat' dir='ltr'><strong>homini,</strong></span> <span class='ocrx_word' id='word_1_15' title='bbox 441 583 508 626; x_wconf 93' lang='lat' dir='ltr'><strong>cum</strong></span> <span class='ocrx_word' id='word_1_16' title='bbox 535 565 668 640; x_wconf 87' lang='lat' dir='ltr'><strong>videret,</strong></span> <span class='ocrx_word' id='word_1_17' title='bbox 697 566 808 629; x_wconf 91' lang='lat' dir='ltr'><strong>habere</strong></span> <span class='ocrx_word' id='word_1_18' title='bbox 836 586 882 630; x_wconf 90' lang='lat' dir='ltr'><strong>me</strong></span> <span class='ocrx_word' id='word_1_19' title='bbox 911 568 1055 630; x_wconf 88' lang='lat' dir='ltr'><strong>adversos</strong></span> <span class='ocrx_word' id='word_1_20' title='bbox 1079 570 1179 648; x_wconf 88' lang='lat' dir='ltr'><strong>magni</strong></span> <span class='ocrx_word' id='word_1_21' title='bbox 1202 569 1330 631; x_wconf 88' lang='lat' dir='ltr'><strong>nominis</strong></span> <span class='ocrx_word' id='word_1_22' title='bbox 1353 569 1434 632; x_wconf 89' lang='lat' dir='ltr'><strong>viros</strong></span> <span class='ocrx_word' id='word_1_23' title='bbox 1456 570 1486 631; x_wconf 90' lang='lat' dir='ltr'><strong>in</strong></span> 
     </span>
     <span class='ocr_line' id='line_1_4' title="bbox 126 651 1489 733; baseline 0.007 -23"><span class='ocrx_word' id='word_1_24' title='bbox 126 667 227 711; x_wconf 86' lang='lat' dir='ltr'><strong>causa</strong></span> <span class='ocrx_word' id='word_1_25' title='bbox 254 651 400 732; x_wconf 84' lang='lat' dir='ltr'><strong>conjugii,</strong></span> <span class='ocrx_word' id='word_1_26' title='bbox 431 653 546 733; x_wconf 78' lang='lat' dir='ltr'><strong>placuit</strong></span> <span class='ocrx_word' id='word_1_27' title='bbox 574 655 671 717; x_wconf 89' lang='lat' dir='ltr'><strong>oleum</strong></span> <span class='ocrx_word' id='word_1_28' title='bbox 699 656 816 717; x_wconf 89' lang='lat' dir='ltr'><strong>camino</strong></span> <span class='ocrx_word' id='word_1_29' title='bbox 845 656 956 720; x_wconf 81' lang='lat' dir='ltr'>addere</span> <span class='ocrx_word' id='word_1_30' title='bbox 980 665 1013 718; x_wconf 92' lang='lat' dir='ltr'><strong>et</strong></span> <span class='ocrx_word' id='word_1_31' title='bbox 1034 677 1132 719; x_wconf 90' lang='lat' dir='ltr'><strong>meam</strong></span> <span class='ocrx_word' id='word_1_32' title='bbox 1155 657 1407 720; x_wconf 80' lang='lat' dir='ltr'><strong>existimationem</strong></span> <span class='ocrx_word' id='word_1_33' title='bbox 1429 678 1489 720; x_wconf 90' lang='lat' dir='ltr'><strong>una</strong></span> 
     </span>
     <span class='ocr_line' id='line_1_5' title="bbox 127 739 1495 891; baseline 0.003 -91"><span class='ocrx_word' id='word_1_34' title='bbox 127 756 196 800; x_wconf 90' lang='lat' dir='ltr'><strong>com</strong></span> <span class='ocrx_word' id='word_1_35' title='bbox 221 739 415 891; x_wconf 69' lang='lat' dir='ltr'><strong>copjpgioiu</strong></span> <span class='ocrx_word' id='word_1_36' title='bbox 445 742 543 818; x_wconf 80' lang='lat' dir='ltr'><strong>lqmos</strong></span> <span class='ocrx_word' id='word_1_37' title='bbox 567 762 668 824; x_wconf 86' lang='lat' dir='ltr'><strong>agere.</strong></span> <span class='ocrx_word' id='word_1_38' title='bbox 715 742 778 807; x_wconf 91' lang='lat' dir='ltr'><strong>Sed</strong></span> <span class='ocrx_word' id='word_1_39' title='bbox 805 746 892 808; x_wconf 87' lang='lat' dir='ltr'><strong>venio</strong></span> <span class='ocrx_word' id='word_1_40' title='bbox 920 746 960 809; x_wconf 85' lang='lat' dir='ltr'><strong>ad</strong></span> <span class='ocrx_word' id='word_1_41' title='bbox 991 745 1126 809; x_wconf 90' lang='lat' dir='ltr'><strong>tabulam</strong></span> <span class='ocrx_word' id='word_1_42' title='bbox 1157 765 1227 828; x_wconf 88' lang='lat' dir='ltr'><strong>pag.</strong></span> <span class='ocrx_word' id='word_1_43' title='bbox 1252 743 1294 810; x_wconf 78' lang='lat'><strong>76</strong></span> <span class='ocrx_word' id='word_1_44' title='bbox 1318 747 1372 810; x_wconf 78' lang='lat' dir='ltr'><strong>bc.</strong></span> <span class='ocrx_word' id='word_1_45' title='bbox 1403 747 1495 822; x_wconf 55' lang='lat' dir='ltr'><strong>(vide.</strong></span> 
     </span>
     <span class='ocr_line' id='line_1_6' title="bbox 127 831 329 903; baseline 0.005 -14"><span class='ocrx_word' id='word_1_46' title='bbox 127 835 234 890; x_wconf 81' lang='lat' dir='ltr'><strong>annot</strong></span> <span class='ocrx_word' id='word_1_47' title='bbox 304 831 329 903; x_wconf 92' lang='lat'><strong>).</strong></span> 
     </span>
    </p>
   </div>
   <div class='ocr_carea' id='block_1_3' title="bbox 217 915 1488 1005">
    <p class='ocr_par' dir='ltr' id='par_1_3' title="bbox 217 915 1488 1005">
     <span class='ocr_line' id='line_1_7' title="bbox 217 915 1488 1005; baseline 0.007 -28"><span class='ocrx_word' id='word_1_48' title='bbox 217 915 373 981; x_wconf 84' lang='lat' dir='ltr'><strong>Existimo</strong></span> <span class='ocrx_word' id='word_1_49' title='bbox 397 939 444 983; x_wconf 91' lang='lat' dir='ltr'><strong>me</strong></span> <span class='ocrx_word' id='word_1_50' title='bbox 467 919 556 982; x_wconf 89' lang='lat' dir='ltr'><strong>hodie</strong></span> <span class='ocrx_word' id='word_1_51' title='bbox 579 920 608 983; x_wconf 94' lang='lat' dir='ltr'><strong>in</strong></span> <span class='ocrx_word' id='word_1_52' title='bbox 633 921 774 986; x_wconf 90' lang='lat' dir='ltr'><strong>tribunali</strong></span> <span class='ocrx_word' id='word_1_53' title='bbox 797 923 912 987; x_wconf 85' lang='lat' dir='ltr'><strong>sedere.</strong></span> <span class='ocrx_word' id='word_1_54' title='bbox 955 923 1055 1005; x_wconf 87' lang='lat' dir='ltr'><strong>Usque</strong></span> <span class='ocrx_word' id='word_1_55' title='bbox 1081 924 1156 985; x_wconf 85' lang='lat' dir='ltr'><strong>adeo</strong></span> <span class='ocrx_word' id='word_1_56' title='bbox 1180 924 1288 988; x_wconf 89' lang='lat' dir='ltr'><strong>obruor</strong></span> <span class='ocrx_word' id='word_1_57' title='bbox 1310 923 1370 985; x_wconf 88' lang='lat' dir='ltr'><strong>tuis</strong></span> <span class='ocrx_word' id='word_1_58' title='bbox 1394 942 1488 986; x_wconf 86' lang='lat' dir='ltr'><strong>excu-</strong></span> 
     </span>
    </p>
   </div>
   <div class='ocr_carea' id='block_1_4' title="bbox 133 1005 1600 1098">
    <p class='ocr_par' dir='ltr' id='par_1_4' title="bbox 133 1005 1600 1098">
     <span class='ocr_line' id='line_1_8' title="bbox 133 1005 1600 1098; baseline 0.004 -29"><span class='ocrx_word' id='word_1_59' title='bbox 133 1005 313 1070; x_wconf 83' lang='lat' dir='ltr'><strong>sationibus.</strong></span> <span class='ocrx_word' id='word_1_60' title='bbox 358 1009 438 1072; x_wconf 85' lang='lat' dir='ltr'><strong>Ecce</strong></span> <span class='ocrx_word' id='word_1_61' title='bbox 462 1028 551 1090; x_wconf 90' lang='lat' dir='ltr'><strong>qoam</strong></span> <span class='ocrx_word' id='word_1_62' title='bbox 572 1028 718 1090; x_wconf 88' lang='lat' dir='ltr'><strong>operosus</strong></span> <span class='ocrx_word' id='word_1_63' title='bbox 747 1031 780 1074; x_wconf 91' lang='lat' dir='ltr'><strong>es</strong></span> <span class='ocrx_word' id='word_1_64' title='bbox 810 1012 840 1074; x_wconf 94' lang='lat' dir='ltr'><strong>iu</strong></span> <span class='ocrx_word' id='word_1_65' title='bbox 869 1013 990 1092; x_wconf 86' lang='lat' dir='ltr'><strong>negotio</strong></span> <span class='ocrx_word' id='word_1_66' title='bbox 1012 1014 1195 1075; x_wconf 90' lang='lat' dir='ltr'><strong>mendorum.</strong></span> <span class='ocrx_word' id='word_1_67' title='bbox 1241 1013 1309 1076; x_wconf 83' lang='lat' dir='ltr'><strong>Non</strong></span> <span class='ocrx_word' id='word_1_68' title='bbox 1333 1032 1398 1075; x_wconf 89' lang='lat' dir='ltr'><strong>sum</strong></span> <span class='ocrx_word' id='word_1_69' title='bbox 1421 1031 1487 1092; x_wconf 90' lang='lat' dir='ltr'><strong>ego,</strong></span> <span class='ocrx_word' id='word_1_70' title='bbox 1596 1091 1600 1098; x_wconf 23' lang='grc' dir='ltr'>Ι</span> 
     </span>
    </p>
   </div>
   <div class='ocr_carea' id='block_1_5' title="bbox 133 1094 1495 3233">
    <p class='ocr_par' dir='ltr' id='par_1_5' title="bbox 133 1094 1489 1362">
     <span class='ocr_line' id='line_1_9' title="bbox 133 1094 1488 1183; baseline 0.004 -26"><span class='ocrx_word' id='word_1_71' title='bbox 133 1094 301 1158; x_wconf 82' lang='lat' dir='ltr'><strong>clarissime</strong></span> <span class='ocrx_word' id='word_1_72' title='bbox 325 1097 353 1163; x_wconf 90' lang='lat' dir='ltr'><strong>d.</strong></span> <span class='ocrx_word' id='word_1_73' title='bbox 377 1099 577 1180; x_wconf 84' lang='lat' dir='ltr'><strong>Praeceptor,</strong></span> <span class='ocrx_word' id='word_1_74' title='bbox 603 1118 641 1161; x_wconf 85' lang='lat' dir='ltr'><strong>ex</strong></span> <span class='ocrx_word' id='word_1_75' title='bbox 664 1118 766 1163; x_wconf 88' lang='lat' dir='ltr'><strong>eorum</strong></span> <span class='ocrx_word' id='word_1_76' title='bbox 789 1120 925 1177; x_wconf 88' lang='lat' dir='ltr'><strong>numero,</strong></span> <span class='ocrx_word' id='word_1_77' title='bbox 954 1101 1017 1182; x_wconf 90' lang='lat' dir='ltr'><strong>qui,</strong></span> <span class='ocrx_word' id='word_1_78' title='bbox 1047 1101 1105 1166; x_wconf 91' lang='lat' dir='ltr'><strong>uisi</strong></span> <span class='ocrx_word' id='word_1_79' title='bbox 1128 1101 1300 1183; x_wconf 91' lang='lat' dir='ltr'><strong>ephippium</strong></span> <span class='ocrx_word' id='word_1_80' title='bbox 1323 1120 1389 1163; x_wconf 91' lang='lat' dir='ltr'><strong>cum</strong></span> <span class='ocrx_word' id='word_1_81' title='bbox 1412 1119 1488 1182; x_wconf 88' lang='lat' dir='ltr'><strong>equo</strong></span> 
     </span>
     <span class='ocr_line' id='line_1_10' title="bbox 133 1183 1489 1272; baseline 0.004 -26"><span class='ocrx_word' id='word_1_82' title='bbox 133 1183 237 1255; x_wconf 89' lang='lat' dir='ltr'><strong>dones,</strong></span> <span class='ocrx_word' id='word_1_83' title='bbox 263 1205 372 1268; x_wconf 89' lang='lat' dir='ltr'><strong>equum</strong></span> <span class='ocrx_word' id='word_1_84' title='bbox 386 1188 497 1251; x_wconf 91' lang='lat' dir='ltr'><strong>nudum</strong></span> <span class='ocrx_word' id='word_1_85' title='bbox 510 1189 676 1252; x_wconf 90' lang='lat' dir='ltr'><strong>remittunt.</strong></span> <span class='ocrx_word' id='word_1_86' title='bbox 714 1190 779 1252; x_wconf 90' lang='lat' dir='ltr'><strong>Nec</strong></span> <span class='ocrx_word' id='word_1_87' title='bbox 802 1191 891 1254; x_wconf 87' lang='lat' dir='ltr'><strong>aliter</strong></span> <span class='ocrx_word' id='word_1_88' title='bbox 913 1191 1274 1272; x_wconf 61' lang='lat' dir='ltr'><strong>erratomm&#39;catalogum</strong></span> <span class='ocrx_word' id='word_1_89' title='bbox 1297 1191 1375 1265; x_wconf 92' lang='lat' dir='ltr'><strong>misi,</strong></span> <span class='ocrx_word' id='word_1_90' title='bbox 1399 1210 1489 1272; x_wconf 91' lang='lat' dir='ltr'><strong>quam</strong></span> 
     </span>
     <span class='ocr_line' id='line_1_11' title="bbox 133 1272 1210 1362; baseline 0.005 -26"><span class='ocrx_word' id='word_1_91' title='bbox 133 1281 165 1337; x_wconf 89' lang='grc' dir='ltr'><strong>ιιι</strong></span> <span class='ocrx_word' id='word_1_92' title='bbox 184 1272 235 1336; x_wconf 88' lang='lat' dir='ltr'><strong>ita</strong></span> <span class='ocrx_word' id='word_1_93' title='bbox 257 1276 458 1358; x_wconf 87' lang='lat' dir='ltr'><strong>subjungatur</strong></span> <span class='ocrx_word' id='word_1_94' title='bbox 480 1277 557 1340; x_wconf 90' lang='lat' dir='ltr'><strong>calci</strong></span> <span class='ocrx_word' id='word_1_95' title='bbox 580 1278 687 1352; x_wconf 92' lang='lat' dir='ltr'><strong>libelli,</strong></span> <span class='ocrx_word' id='word_1_96' title='bbox 712 1279 740 1341; x_wconf 92' lang='lat' dir='ltr'><strong>si</strong></span> <span class='ocrx_word' id='word_1_97' title='bbox 762 1298 820 1341; x_wconf 90' lang='lat' dir='ltr'><strong>non</strong></span> <span class='ocrx_word' id='word_1_98' title='bbox 845 1288 962 1362; x_wconf 89' lang='lat' dir='ltr'><strong>tempus</strong></span> <span class='ocrx_word' id='word_1_99' title='bbox 986 1280 1017 1342; x_wconf 93' lang='lat' dir='ltr'><strong>id</strong></span> <span class='ocrx_word' id='word_1_100' title='bbox 1040 1280 1210 1360; x_wconf 86' lang='lat' dir='ltr'><strong>prohibeat.</strong></span> 
     </span>
    </p>

    <p class='ocr_par' dir='ltr' id='par_1_6' title="bbox 140 1363 1493 1991">
     <span class='ocr_line' id='line_1_12' title="bbox 220 1363 1491 1450; baseline 0.003 -25"><span class='ocrx_word' id='word_1_101' title='bbox 220 1363 356 1427; x_wconf 87' lang='lat' dir='ltr'><strong>Rursum</strong></span> <span class='ocrx_word' id='word_1_102' title='bbox 378 1385 448 1429; x_wconf 89' lang='lat' dir='ltr'><strong>ecce</strong></span> <span class='ocrx_word' id='word_1_103' title='bbox 472 1367 533 1428; x_wconf 89' lang='lat' dir='ltr'><strong>alia</strong></span> <span class='ocrx_word' id='word_1_104' title='bbox 556 1367 712 1429; x_wconf 81' lang='lat' dir='ltr'><strong>excusatio</strong></span> <span class='ocrx_word' id='word_1_105' title='bbox 732 1369 769 1430; x_wconf 89' lang='lat' dir='ltr'><strong>de</strong></span> <span class='ocrx_word' id='word_1_106' title='bbox 783 1369 906 1432; x_wconf 84' lang='lat' dir='ltr'><strong>Rhetici</strong></span> <span class='ocrx_word' id='word_1_107' title='bbox 925 1369 1108 1444; x_wconf 82' lang='lat' dir='ltr'><strong>narratione,</strong></span> <span class='ocrx_word' id='word_1_108' title='bbox 1132 1369 1215 1450; x_wconf 84' lang='lat' dir='ltr'><strong>cujus</strong></span> <span class='ocrx_word' id='word_1_109' title='bbox 1239 1387 1294 1449; x_wconf 83' lang='lat' dir='ltr'><strong>ego</strong></span> <span class='ocrx_word' id='word_1_110' title='bbox 1318 1386 1376 1429; x_wconf 90' lang='lat' dir='ltr'><strong>nou</strong></span> <span class='ocrx_word' id='word_1_111' title='bbox 1399 1366 1491 1429; x_wconf 88' lang='lat' dir='ltr'><strong>aliam</strong></span> 
     </span>
     <span class='ocr_line' id='line_1_13' title="bbox 140 1451 1490 1539; baseline 0.002 -26"><span class='ocrx_word' id='word_1_112' title='bbox 140 1451 268 1527; x_wconf 89' lang='lat' dir='ltr'><strong>obrem,</strong></span> <span class='ocrx_word' id='word_1_113' title='bbox 295 1475 384 1535; x_wconf 90' lang='lat' dir='ltr'><strong>quam</strong></span> <span class='ocrx_word' id='word_1_114' title='bbox 406 1464 531 1536; x_wconf 90' lang='lat' dir='ltr'><strong>propter</strong></span> <span class='ocrx_word' id='word_1_115' title='bbox 553 1465 679 1533; x_wconf 85' lang='lat' dir='ltr'><strong>sumtus,</strong></span> <span class='ocrx_word' id='word_1_116' title='bbox 703 1458 885 1521; x_wconf 91' lang='lat' dir='ltr'><strong>mentionem</strong></span> <span class='ocrx_word' id='word_1_117' title='bbox 909 1459 974 1521; x_wconf 89' lang='lat' dir='ltr'><strong>feci.</strong></span> <span class='ocrx_word' id='word_1_118' title='bbox 1021 1457 1169 1539; x_wconf 86' lang='lat' dir='ltr'><strong>Equidem</strong></span> <span class='ocrx_word' id='word_1_119' title='bbox 1193 1460 1292 1532; x_wconf 87' lang='lat' dir='ltr'><strong>credo,</strong></span> <span class='ocrx_word' id='word_1_120' title='bbox 1318 1456 1490 1519; x_wconf 85' lang='lat' dir='ltr'><strong>existimare</strong></span> 
     </span>
     <span class='ocr_line' id='line_1_14' title="bbox 143 1542 1492 1628; baseline 0.004 -26"><span class='ocrx_word' id='word_1_121' title='bbox 143 1549 183 1616; x_wconf 91' lang='lat' dir='ltr'><strong>te,</strong></span> <span class='ocrx_word' id='word_1_122' title='bbox 212 1542 295 1604; x_wconf 91' lang='lat' dir='ltr'><strong>lecto</strong></span> <span class='ocrx_word' id='word_1_123' title='bbox 323 1564 382 1608; x_wconf 90' lang='lat' dir='ltr'><strong>uno</strong></span> <span class='ocrx_word' id='word_1_124' title='bbox 410 1554 500 1626; x_wconf 90' lang='lat' dir='ltr'><strong>atque</strong></span> <span class='ocrx_word' id='word_1_125' title='bbox 525 1546 619 1607; x_wconf 88' lang='lat' dir='ltr'><strong>altero</strong></span> <span class='ocrx_word' id='word_1_126' title='bbox 644 1545 735 1608; x_wconf 87' lang='lat' dir='ltr'><strong>verbo</strong></span> <span class='ocrx_word' id='word_1_127' title='bbox 759 1547 838 1610; x_wconf 90' lang='lat' dir='ltr'><strong>illius</strong></span> <span class='ocrx_word' id='word_1_128' title='bbox 861 1567 946 1611; x_wconf 87' lang='lat' dir='ltr'><strong>meae</strong></span> <span class='ocrx_word' id='word_1_129' title='bbox 975 1548 1142 1627; x_wconf 91' lang='lat' dir='ltr'><strong>epistolae,</strong></span> <span class='ocrx_word' id='word_1_130' title='bbox 1174 1555 1205 1610; x_wconf 89' lang='lat' dir='ltr'><strong>te</strong></span> <span class='ocrx_word' id='word_1_131' title='bbox 1231 1547 1352 1628; x_wconf 90' lang='lat' dir='ltr'><strong>penitus</strong></span> <span class='ocrx_word' id='word_1_132' title='bbox 1376 1564 1492 1608; x_wconf 92' lang='lat' dir='ltr'><strong>omnem</strong></span> 
     </span>
     <span class='ocr_line' id='line_1_15' title="bbox 148 1627 1493 1718; baseline 0.004 -27"><span class='ocrx_word' id='word_1_133' title='bbox 148 1648 257 1710; x_wconf 88' lang='lat' dir='ltr'><strong>operam</strong></span> <span class='ocrx_word' id='word_1_134' title='bbox 280 1632 399 1696; x_wconf 87' lang='lat' dir='ltr'><strong>inanem</strong></span> <span class='ocrx_word' id='word_1_135' title='bbox 422 1634 551 1709; x_wconf 83' lang='lat' dir='ltr'><strong>locasse,</strong></span> <span class='ocrx_word' id='word_1_136' title='bbox 576 1635 689 1716; x_wconf 89' lang='lat' dir='ltr'><strong>tibique</strong></span> <span class='ocrx_word' id='word_1_137' title='bbox 713 1635 779 1714; x_wconf 88' lang='lat' dir='ltr'><strong>ejus</strong></span> <span class='ocrx_word' id='word_1_138' title='bbox 802 1638 882 1717; x_wconf 87' lang='lat' dir='ltr'><strong>apud</strong></span> <span class='ocrx_word' id='word_1_139' title='bbox 904 1656 952 1699; x_wconf 90' lang='lat' dir='ltr'><strong>me</strong></span> <span class='ocrx_word' id='word_1_140' title='bbox 975 1656 1092 1700; x_wconf 88' lang='lat' dir='ltr'><strong>omnem</strong></span> <span class='ocrx_word' id='word_1_141' title='bbox 1110 1637 1235 1718; x_wconf 87' lang='lat' dir='ltr'><strong>periisse</strong></span> <span class='ocrx_word' id='word_1_142' title='bbox 1254 1627 1393 1716; x_wconf 81' lang='lat' dir='ltr'><strong>gratiam.</strong></span> <span class='ocrx_word' id='word_1_143' title='bbox 1431 1632 1493 1698; x_wconf 83' lang='lat' dir='ltr'><strong>Cur</strong></span> 
     </span>
     <span class='ocr_line' id='line_1_16' title="bbox 151 1719 1492 1808; baseline 0.002 -27"><span class='ocrx_word' id='word_1_144' title='bbox 151 1729 237 1784; x_wconf 86' lang='lat' dir='ltr'><strong>autem</strong></span> <span class='ocrx_word' id='word_1_145' title='bbox 259 1720 340 1785; x_wconf 85' lang='lat' dir='ltr'><strong>illius</strong></span> <span class='ocrx_word' id='word_1_146' title='bbox 363 1743 411 1789; x_wconf 85' lang='lat' dir='ltr'><strong>me</strong></span> <span class='ocrx_word' id='word_1_147' title='bbox 433 1722 627 1786; x_wconf 82' lang='lat' dir='ltr'><strong>Narrationis</strong></span> <span class='ocrx_word' id='word_1_148' title='bbox 649 1725 822 1805; x_wconf 88' lang='lat' dir='ltr'><strong>poeniteat,</strong></span> <span class='ocrx_word' id='word_1_149' title='bbox 855 1719 945 1808; x_wconf 84' lang='lat' dir='ltr'><strong>qaam</strong></span> <span class='ocrx_word' id='word_1_150' title='bbox 974 1725 1086 1806; x_wconf 89' lang='lat' dir='ltr'><strong>primus</strong></span> <span class='ocrx_word' id='word_1_151' title='bbox 1114 1745 1170 1806; x_wconf 86' lang='lat' dir='ltr'><strong>ego</strong></span> <span class='ocrx_word' id='word_1_152' title='bbox 1198 1726 1374 1806; x_wconf 87' lang='lat' dir='ltr'><strong>cupiebam,</strong></span> <span class='ocrx_word' id='word_1_153' title='bbox 1405 1730 1439 1786; x_wconf 88' lang='lat' dir='ltr'><strong>ut</strong></span> <span class='ocrx_word' id='word_1_154' title='bbox 1461 1723 1492 1784; x_wconf 93' lang='lat' dir='ltr'><strong>iu</strong></span> 
     </span>
     <span class='ocr_line' id='line_1_17' title="bbox 154 1809 1491 1893; baseline 0.001 -20"><span class='ocrx_word' id='word_1_155' title='bbox 154 1809 264 1889; x_wconf 76' lang='lat' dir='ltr'><strong>obtata</strong></span> <span class='ocrx_word' id='word_1_156' title='bbox 286 1810 326 1874; x_wconf 84' lang='lat' dir='ltr'><strong>ad</strong></span> <span class='ocrx_word' id='word_1_157' title='bbox 348 1810 388 1874; x_wconf 77' lang='grc' dir='ltr'><strong>Ι).</strong></span> <span class='ocrx_word' id='word_1_158' title='bbox 413 1812 454 1875; x_wconf 91' lang='lat' dir='ltr'><strong>D.</strong></span> <span class='ocrx_word' id='word_1_159' title='bbox 478 1813 697 1877; x_wconf 83' lang='lat' dir='ltr'><strong>Haferefferum</strong></span> <span class='ocrx_word' id='word_1_160' title='bbox 720 1812 900 1878; x_wconf 89' lang='lat' dir='ltr'><strong>Stuccardia</strong></span> <span class='ocrx_word' id='word_1_161' title='bbox 921 1815 1016 1878; x_wconf 86' lang='lat' dir='ltr'><strong>missa</strong></span> <span class='ocrx_word' id='word_1_162' title='bbox 1039 1824 1171 1877; x_wconf 88' lang='lat' dir='ltr'><strong>testatus</strong></span> <span class='ocrx_word' id='word_1_163' title='bbox 1199 1835 1279 1888; x_wconf 81' lang='lat' dir='ltr'><strong>suan,</strong></span> <span class='ocrx_word' id='word_1_164' title='bbox 1310 1814 1491 1893; x_wconf 83' lang='lat' dir='ltr'><strong>subjungere</strong></span> 
     </span>
     <span class='ocr_line' id='line_1_18' title="bbox 158 1899 1253 1991; baseline 0.006 -30"><span class='ocrx_word' id='word_1_165' title='bbox 158 1917 205 1962; x_wconf 85' lang='lat' dir='ltr'><strong>mo</strong></span> <span class='ocrx_word' id='word_1_166' title='bbox 225 1899 394 1981; x_wconf 82' lang='lat' dir='ltr'><strong>opusculo?</strong></span> <span class='ocrx_word' id='word_1_167' title='bbox 440 1902 517 1964; x_wconf 83' lang='lat' dir='ltr'><strong>Tum</strong></span> <span class='ocrx_word' id='word_1_168' title='bbox 539 1912 641 1964; x_wconf 87' lang='lat' dir='ltr'><strong>autem</strong></span> <span class='ocrx_word' id='word_1_169' title='bbox 663 1903 713 1966; x_wconf 91' lang='lat' dir='ltr'><strong>ille</strong></span> <span class='ocrx_word' id='word_1_170' title='bbox 737 1904 935 1985; x_wconf 82' lang='lat' dir='ltr'><strong>dissuaserat.</strong></span> <span class='ocrx_word' id='word_1_171' title='bbox 1248 1952 1253 1991; x_wconf 62' lang='lat'><em>3</em></span> 
     </span>
    </p>

    <p class='ocr_par' dir='ltr' id='par_1_7' title="bbox 165 1986 1493 2161">
     <span class='ocr_line' id='line_1_19' title="bbox 224 1986 1493 2074; baseline -0.004 -19"><span class='ocrx_word' id='word_1_172' title='bbox 224 1986 373 2055; x_wconf 81' lang='lat' dir='ltr'><strong>Carminis</strong></span> <span class='ocrx_word' id='word_1_173' title='bbox 398 1991 437 2052; x_wconf 92' lang='lat' dir='ltr'><strong>ad</strong></span> <span class='ocrx_word' id='word_1_174' title='bbox 460 1991 606 2054; x_wconf 89' lang='lat' dir='ltr'><strong>tabellam</strong></span> <span class='ocrx_word' id='word_1_175' title='bbox 629 1993 746 2055; x_wconf 91' lang='lat' dir='ltr'><strong>authori</strong></span> <span class='ocrx_word' id='word_1_176' title='bbox 770 1993 936 2064; x_wconf 87' lang='lat' dir='ltr'><strong>Leiblrido‚</strong></span> <span class='ocrx_word' id='word_1_177' title='bbox 960 1994 1097 2074; x_wconf 89' lang='lat' dir='ltr'><strong>quamvis</strong></span> <span class='ocrx_word' id='word_1_178' title='bbox 1121 1993 1222 2068; x_wconf 85' lang='lat' dir='ltr'><strong>ignoto</strong></span> <span class='ocrx_word' id='word_1_179' title='bbox 1247 1992 1284 2053; x_wconf 90' lang='lat' dir='ltr'><strong>de</strong></span> <span class='ocrx_word' id='word_1_180' title='bbox 1308 1992 1395 2065; x_wconf 88' lang='lat' dir='ltr'><strong>facie,</strong></span> <span class='ocrx_word' id='word_1_181' title='bbox 1419 2008 1493 2069; x_wconf 87' lang='lat' dir='ltr'><strong>gra-</strong></span> 
     </span>
     <span class='ocr_line' id='line_1_20' title="bbox 165 2075 1492 2161; baseline 0.002 -23"><span class='ocrx_word' id='word_1_182' title='bbox 165 2075 201 2138; x_wconf 81' lang='lat' dir='ltr'><strong>ta</strong></span> <span class='ocrx_word' id='word_1_183' title='bbox 221 2096 277 2158; x_wconf 81' lang='lat' dir='ltr'><strong>ago</strong></span> <span class='ocrx_word' id='word_1_184' title='bbox 296 2097 351 2159; x_wconf 91' lang='lat' dir='ltr'><strong>pro</strong></span> <span class='ocrx_word' id='word_1_185' title='bbox 371 2080 500 2142; x_wconf 88' lang='lat' dir='ltr'><strong>honesta</strong></span> <span class='ocrx_word' id='word_1_186' title='bbox 518 2101 574 2143; x_wconf 88' lang='lat' dir='ltr'><strong>sua</strong></span> <span class='ocrx_word' id='word_1_187' title='bbox 597 2082 752 2144; x_wconf 88' lang='lat' dir='ltr'><strong>voluntate</strong></span> <span class='ocrx_word' id='word_1_188' title='bbox 777 2090 808 2144; x_wconf 91' lang='lat' dir='ltr'><strong>ct</strong></span> <span class='ocrx_word' id='word_1_189' title='bbox 826 2083 940 2161; x_wconf 89' lang='lat' dir='ltr'><strong>judicio</strong></span> <span class='ocrx_word' id='word_1_190' title='bbox 964 2084 1001 2145; x_wconf 88' lang='lat' dir='ltr'><strong>de</strong></span> <span class='ocrx_word' id='word_1_191' title='bbox 1025 2102 1090 2144; x_wconf 92' lang='lat' dir='ltr'><strong>me:</strong></span> <span class='ocrx_word' id='word_1_192' title='bbox 1115 2081 1216 2161; x_wconf 89' lang='lat' dir='ltr'><strong>illiqus</strong></span> <span class='ocrx_word' id='word_1_193' title='bbox 1240 2080 1373 2143; x_wconf 88' lang='lat' dir='ltr'><strong>vicissim</strong></span> <span class='ocrx_word' id='word_1_194' title='bbox 1388 2098 1492 2141; x_wconf 88' lang='lat' dir='ltr'><strong>exem·</strong></span> 
     </span>
    </p>

    <p class='ocr_par' dir='ltr' id='par_1_8' title="bbox 169 2165 1464 2253">
     <span class='ocr_line' id='line_1_21' title="bbox 169 2165 1464 2253; baseline 0.002 -25"><span class='ocrx_word' id='word_1_195' title='bbox 169 2165 209 2243; x_wconf 70' lang='grc' dir='ltr'><strong>ιιι</strong></span> <span class='ocrx_word' id='word_1_196' title='bbox 226 2168 362 2247; x_wconf 89' lang='lat' dir='ltr'><strong>opusculi</strong></span> <span class='ocrx_word' id='word_1_197' title='bbox 386 2169 473 2245; x_wconf 92' lang='lat' dir='ltr'><strong>dono,</strong></span> <span class='ocrx_word' id='word_1_198' title='bbox 498 2170 566 2231; x_wconf 88' lang='lat' dir='ltr'><strong>dum</strong></span> <span class='ocrx_word' id='word_1_199' title='bbox 589 2170 660 2251; x_wconf 90' lang='lat' dir='ltr'><strong>quid</strong></span> <span class='ocrx_word' id='word_1_200' title='bbox 682 2171 726 2233; x_wconf 92' lang='lat' dir='ltr'><strong>illi</strong></span> <span class='ocrx_word' id='word_1_201' title='bbox 752 2189 841 2252; x_wconf 88' lang='lat' dir='ltr'><strong>porro</strong></span> <span class='ocrx_word' id='word_1_202' title='bbox 866 2191 981 2253; x_wconf 92' lang='lat' dir='ltr'><strong>quoque</strong></span> <span class='ocrx_word' id='word_1_203' title='bbox 1005 2173 1117 2234; x_wconf 88' lang='lat' dir='ltr'><strong>servire</strong></span> <span class='ocrx_word' id='word_1_204' title='bbox 1140 2169 1264 2248; x_wconf 89' lang='lat' dir='ltr'><strong>possim,</strong></span> <span class='ocrx_word' id='word_1_205' title='bbox 1289 2169 1464 2248; x_wconf 86' lang='lat' dir='ltr'><strong>intelligam.</strong></span> 
     </span>
    </p>

    <p class='ocr_par' dir='ltr' id='par_1_9' title="bbox 225 2256 1494 2341">
     <span class='ocr_line' id='line_1_22' title="bbox 225 2256 1494 2341; baseline 0.001 -23"><span class='ocrx_word' id='word_1_206' title='bbox 225 2256 322 2319; x_wconf 89' lang='lat' dir='ltr'><strong>Venio</strong></span> <span class='ocrx_word' id='word_1_207' title='bbox 355 2258 394 2320; x_wconf 90' lang='lat' dir='ltr'><strong>ad</strong></span> <span class='ocrx_word' id='word_1_208' title='bbox 427 2257 558 2321; x_wconf 88' lang='lat' dir='ltr'><strong>Schema</strong></span> <span class='ocrx_word' id='word_1_209' title='bbox 592 2256 665 2340; x_wconf 86' lang='lat' dir='ltr'><strong>Cap.</strong></span> <span class='ocrx_word' id='word_1_210' title='bbox 699 2257 752 2323; x_wconf 90' lang='grc'><strong>22.</strong></span> <span class='ocrx_word' id='word_1_211' title='bbox 806 2260 848 2323; x_wconf 89' lang='grc' dir='ltr'>Ει</span> <span class='ocrx_word' id='word_1_212' title='bbox 879 2281 967 2336; x_wconf 87' lang='lat' dir='ltr'><strong>sane,</strong></span> <span class='ocrx_word' id='word_1_213' title='bbox 1010 2261 1060 2341; x_wconf 92' lang='lat' dir='ltr'><strong>qui</strong></span> <span class='ocrx_word' id='word_1_214' title='bbox 1093 2261 1243 2338; x_wconf 88' lang='lat' dir='ltr'><strong>hucusque</strong></span> <span class='ocrx_word' id='word_1_215' title='bbox 1275 2258 1402 2338; x_wconf 87' lang='lat' dir='ltr'><strong>legendo</strong></span> <span class='ocrx_word' id='word_1_216' title='bbox 1434 2277 1494 2319; x_wconf 92' lang='lat' dir='ltr'><strong>non</strong></span> 
     </span>
    </p>

    <p class='ocr_par' dir='ltr' id='par_1_10' title="bbox 160 2346 1495 3233">
     <span class='ocr_line' id='line_1_23' title="bbox 168 2346 1495 2430; baseline -0.001 -22"><span class='ocrx_word' id='word_1_217' title='bbox 168 2346 272 2425; x_wconf 77' lang='lat' dir='ltr'><strong>saepit</strong></span> <span class='ocrx_word' id='word_1_218' title='bbox 294 2347 495 2427; x_wconf 86' lang='lat' dir='ltr'><strong>suspicionem</strong></span> <span class='ocrx_word' id='word_1_219' title='bbox 518 2348 644 2428; x_wconf 88' lang='lat' dir='ltr'><strong>alicujus</strong></span> <span class='ocrx_word' id='word_1_220' title='bbox 668 2357 739 2411; x_wconf 89' lang='lat' dir='ltr'><strong>tuae</strong></span> <span class='ocrx_word' id='word_1_221' title='bbox 763 2350 949 2426; x_wconf 84' lang='lat' dir='ltr'><strong>offensionis,</strong></span> <span class='ocrx_word' id='word_1_222' title='bbox 973 2351 999 2414; x_wconf 87' lang='lat' dir='ltr'><strong>is</strong></span> <span class='ocrx_word' id='word_1_223' title='bbox 1019 2351 1085 2430; x_wconf 87' lang='lat' dir='ltr'><strong>jam</strong></span> <span class='ocrx_word' id='word_1_224' title='bbox 1109 2348 1276 2428; x_wconf 87' lang='lat' dir='ltr'><strong>concipiet:</strong></span> <span class='ocrx_word' id='word_1_225' title='bbox 1302 2348 1370 2409; x_wconf 90' lang='lat' dir='ltr'><strong>dum</strong></span> <span class='ocrx_word' id='word_1_226' title='bbox 1394 2346 1495 2408; x_wconf 87' lang='lat' dir='ltr'><strong>omnia</strong></span> 
     </span>
     <span class='ocr_line' id='line_1_24' title="bbox 167 2431 1493 2519; baseline 0.003 -26"><span class='ocrx_word' id='word_1_227' title='bbox 167 2431 231 2496; x_wconf 71' lang='lat' dir='ltr'><strong>dam</strong></span> <span class='ocrx_word' id='word_1_228' title='bbox 250 2435 343 2498; x_wconf 83' lang='lat' dir='ltr'><strong>rerba</strong></span> <span class='ocrx_word' id='word_1_229' title='bbox 366 2436 494 2517; x_wconf 85' lang='lat' dir='ltr'><strong>regeris,</strong></span> <span class='ocrx_word' id='word_1_230' title='bbox 523 2438 609 2518; x_wconf 90' lang='lat' dir='ltr'><strong>quasi</strong></span> <span class='ocrx_word' id='word_1_231' title='bbox 638 2438 770 2518; x_wconf 87' lang='lat' dir='ltr'><strong>litiganti</strong></span> <span class='ocrx_word' id='word_1_232' title='bbox 793 2439 865 2502; x_wconf 93' lang='lat' dir='ltr'><strong>mihi</strong></span> <span class='ocrx_word' id='word_1_233' title='bbox 888 2439 1034 2503; x_wconf 89' lang='lat' dir='ltr'><strong>tenereris</strong></span> <span class='ocrx_word' id='word_1_234' title='bbox 1057 2439 1240 2519; x_wconf 84' lang='lat' dir='ltr'><strong>singulorum</strong></span> <span class='ocrx_word' id='word_1_235' title='bbox 1265 2436 1397 2500; x_wconf 87' lang='lat' dir='ltr'><strong>rationes</strong></span> <span class='ocrx_word' id='word_1_236' title='bbox 1421 2436 1493 2497; x_wconf 89' lang='lat' dir='ltr'><strong>red·</strong></span> 
     </span>
     <span class='ocr_line' id='line_1_25' title="bbox 166 2520 1493 2608; baseline 0.005 -28"><span class='ocrx_word' id='word_1_237' title='bbox 166 2520 221 2586; x_wconf 84' lang='lat' dir='ltr'><strong>dere.</strong></span> <span class='ocrx_word' id='word_1_238' title='bbox 260 2523 341 2606; x_wconf 83' lang='lat' dir='ltr'><strong>Ego,</strong></span> <span class='ocrx_word' id='word_1_239' title='bbox 373 2545 449 2607; x_wconf 90' lang='lat' dir='ltr'><strong>quae</strong></span> <span class='ocrx_word' id='word_1_240' title='bbox 473 2526 674 2606; x_wconf 88' lang='lat' dir='ltr'><strong>superioribus</strong></span> <span class='ocrx_word' id='word_1_241' title='bbox 698 2527 795 2590; x_wconf 88' lang='lat' dir='ltr'><strong>literis</strong></span> <span class='ocrx_word' id='word_1_242' title='bbox 819 2530 856 2591; x_wconf 87' lang='lat' dir='ltr'><strong>de</strong></span> <span class='ocrx_word' id='word_1_243' title='bbox 880 2529 936 2590; x_wconf 92' lang='lat' dir='ltr'><strong>hac</strong></span> <span class='ocrx_word' id='word_1_244' title='bbox 960 2549 991 2591; x_wconf 92' lang='lat' dir='ltr'><strong>re</strong></span> <span class='ocrx_word' id='word_1_245' title='bbox 1016 2528 1136 2608; x_wconf 87' lang='lat' dir='ltr'><strong>scripsi,</strong></span> <span class='ocrx_word' id='word_1_246' title='bbox 1161 2546 1219 2588; x_wconf 91' lang='lat' dir='ltr'><strong>nou</strong></span> <span class='ocrx_word' id='word_1_247' title='bbox 1241 2525 1364 2606; x_wconf 87' lang='lat' dir='ltr'><strong>scripsi,</strong></span> <span class='ocrx_word' id='word_1_248' title='bbox 1388 2535 1422 2587; x_wconf 90' lang='grc' dir='ltr'><strong>ιιι</strong></span> <span class='ocrx_word' id='word_1_249' title='bbox 1443 2525 1493 2587; x_wconf 89' lang='lat' dir='ltr'><strong>in-</strong></span> 
     </span>
     <span class='ocr_line' id='line_1_26' title="bbox 167 2608 1495 2697; baseline 0.004 -26"><span class='ocrx_word' id='word_1_250' title='bbox 167 2608 278 2687; x_wconf 85' lang='lat' dir='ltr'><strong>dicarem,</strong></span> <span class='ocrx_word' id='word_1_251' title='bbox 301 2634 348 2677; x_wconf 92' lang='lat' dir='ltr'><strong>me</strong></span> <span class='ocrx_word' id='word_1_252' title='bbox 373 2615 470 2678; x_wconf 88' lang='lat' dir='ltr'><strong>adhuc</strong></span> <span class='ocrx_word' id='word_1_253' title='bbox 493 2616 607 2697; x_wconf 91' lang='lat' dir='ltr'><strong>aliquid</strong></span> <span class='ocrx_word' id='word_1_254' title='bbox 630 2616 818 2692; x_wconf 90' lang='lat' dir='ltr'><strong>desiderare;</strong></span> <span class='ocrx_word' id='word_1_255' title='bbox 843 2619 898 2680; x_wconf 91' lang='lat' dir='ltr'><strong>sed</strong></span> <span class='ocrx_word' id='word_1_256' title='bbox 920 2627 954 2680; x_wconf 92' lang='lat' dir='ltr'><strong>ut</strong></span> <span class='ocrx_word' id='word_1_257' title='bbox 976 2618 1110 2690; x_wconf 87' lang='lat' dir='ltr'><strong>videres,</strong></span> <span class='ocrx_word' id='word_1_258' title='bbox 1135 2635 1224 2697; x_wconf 91' lang='lat' dir='ltr'><strong>quam</strong></span> <span class='ocrx_word' id='word_1_259' title='bbox 1248 2615 1289 2677; x_wconf 93' lang='lat' dir='ltr'><strong>sit</strong></span> <span class='ocrx_word' id='word_1_260' title='bbox 1311 2613 1382 2676; x_wconf 88' lang='lat' dir='ltr'><strong>milri</strong></span> <span class='ocrx_word' id='word_1_261' title='bbox 1406 2622 1495 2694; x_wconf 85' lang='lat' dir='ltr'><strong>grata</strong></span> 
     </span>
     <span class='ocr_line' id='line_1_27' title="bbox 165 2703 1494 2787; baseline 0.003 -26"><span class='ocrx_word' id='word_1_262' title='bbox 165 2703 292 2778; x_wconf 80' lang='lat' dir='ltr'><strong>anectio,</strong></span> <span class='ocrx_word' id='word_1_263' title='bbox 317 2712 352 2768; x_wconf 92' lang='lat' dir='ltr'><strong>ut</strong></span> <span class='ocrx_word' id='word_1_264' title='bbox 374 2705 424 2785; x_wconf 92' lang='lat' dir='ltr'><strong>qui</strong></span> <span class='ocrx_word' id='word_1_265' title='bbox 448 2705 539 2768; x_wconf 88' lang='lat' dir='ltr'><strong>etiam</strong></span> <span class='ocrx_word' id='word_1_266' title='bbox 560 2705 628 2785; x_wconf 92' lang='lat' dir='ltr'><strong>plus</strong></span> <span class='ocrx_word' id='word_1_267' title='bbox 647 2706 755 2787; x_wconf 86' lang='lat' dir='ltr'><strong>corrigi</strong></span> <span class='ocrx_word' id='word_1_268' title='bbox 774 2707 913 2787; x_wconf 89' lang='lat' dir='ltr'><strong>optarim.</strong></span> <span class='ocrx_word' id='word_1_269' title='bbox 950 2707 1031 2770; x_wconf 92' lang='lat' dir='ltr'><strong>Dum</strong></span> <span class='ocrx_word' id='word_1_270' title='bbox 1049 2716 1149 2768; x_wconf 89' lang='lat' dir='ltr'><strong>autem</strong></span> <span class='ocrx_word' id='word_1_271' title='bbox 1163 2704 1254 2783; x_wconf 89' lang='lat' dir='ltr'><strong>juxta</strong></span> <span class='ocrx_word' id='word_1_272' title='bbox 1267 2712 1494 2786; x_wconf 88' lang='lat' dir='ltr'><strong>praeceptorem</strong></span> 
     </span>
     <span class='ocr_line' id='line_1_28' title="bbox 164 2793 1493 2877; baseline 0.002 -27"><span class='ocrx_word' id='word_1_273' title='bbox 164 2805 235 2852; x_wconf 86' lang='lat' dir='ltr'><strong>meum</strong></span> <span class='ocrx_word' id='word_1_274' title='bbox 255 2811 344 2877; x_wconf 86' lang='lat' dir='ltr'><strong>agere</strong></span> <span class='ocrx_word' id='word_1_275' title='bbox 369 2812 427 2855; x_wconf 91' lang='lat' dir='ltr'><strong>oon</strong></span> <span class='ocrx_word' id='word_1_276' title='bbox 451 2794 589 2868; x_wconf 86' lang='lat' dir='ltr'><strong>desistis,</strong></span> <span class='ocrx_word' id='word_1_277' title='bbox 619 2803 651 2856; x_wconf 89' lang='lat' dir='ltr'><strong>et</strong></span> <span class='ocrx_word' id='word_1_278' title='bbox 673 2796 826 2876; x_wconf 88' lang='lat' dir='ltr'><strong>negotium</strong></span> <span class='ocrx_word' id='word_1_279' title='bbox 855 2797 891 2858; x_wconf 91' lang='lat' dir='ltr'><strong>de</strong></span> <span class='ocrx_word' id='word_1_280' title='bbox 920 2804 1069 2877; x_wconf 88' lang='lat' dir='ltr'><strong>aequante</strong></span> <span class='ocrx_word' id='word_1_281' title='bbox 1095 2795 1246 2874; x_wconf 83' lang='lat' dir='ltr'><strong>explicas,</strong></span> <span class='ocrx_word' id='word_1_282' title='bbox 1278 2793 1369 2867; x_wconf 87' lang='lat' dir='ltr'><strong>facis,</strong></span> <span class='ocrx_word' id='word_1_283' title='bbox 1400 2799 1433 2853; x_wconf 95' lang='lat' dir='ltr'><strong>ut</strong></span> <span class='ocrx_word' id='word_1_284' title='bbox 1456 2811 1493 2853; x_wconf 90' lang='lat' dir='ltr'><strong>ue</strong></span> 
     </span>
     <span class='ocr_line' id='line_1_29' title="bbox 163 2880 1491 2965; baseline 0.005 -27"><span class='ocrx_word' id='word_1_285' title='bbox 163 2895 218 2941; x_wconf 90' lang='lat' dir='ltr'><strong>uuoc</strong></span> <span class='ocrx_word' id='word_1_286' title='bbox 238 2882 355 2962; x_wconf 91' lang='lat' dir='ltr'><strong>quidem</strong></span> <span class='ocrx_word' id='word_1_287' title='bbox 378 2902 426 2944; x_wconf 88' lang='lat' dir='ltr'><strong>me</strong></span> <span class='ocrx_word' id='word_1_288' title='bbox 449 2891 533 2946; x_wconf 89' lang='lat' dir='ltr'><strong>tuum</strong></span> <span class='ocrx_word' id='word_1_289' title='bbox 551 2883 671 2962; x_wconf 88' lang='lat' dir='ltr'><strong>jactare</strong></span> <span class='ocrx_word' id='word_1_290' title='bbox 691 2885 869 2965; x_wconf 89' lang='lat' dir='ltr'><strong>discipulum</strong></span> <span class='ocrx_word' id='word_1_291' title='bbox 889 2885 1036 2948; x_wconf 89' lang='lat' dir='ltr'><strong>desistere</strong></span> <span class='ocrx_word' id='word_1_292' title='bbox 1055 2885 1178 2965; x_wconf 90' lang='lat' dir='ltr'><strong>possim,</strong></span> <span class='ocrx_word' id='word_1_293' title='bbox 1202 2883 1289 2944; x_wconf 91' lang='lat' dir='ltr'><strong>modo</strong></span> <span class='ocrx_word' id='word_1_294' title='bbox 1305 2882 1362 2943; x_wconf 89' lang='lat' dir='ltr'><strong>sim</strong></span> <span class='ocrx_word' id='word_1_295' title='bbox 1377 2880 1491 2944; x_wconf 89' lang='lat' dir='ltr'><strong>docilis.</strong></span> 
     </span>
     <span class='ocr_line' id='line_1_30' title="bbox 162 2963 1494 3054; baseline 0.002 -27"><span class='ocrx_word' id='word_1_296' title='bbox 162 2963 191 3028; x_wconf 87' lang='grc' dir='ltr'>Ει</span> <span class='ocrx_word' id='word_1_297' title='bbox 206 2989 273 3032; x_wconf 87' lang='lat' dir='ltr'><strong>sane</strong></span> <span class='ocrx_word' id='word_1_298' title='bbox 298 2972 364 3051; x_wconf 87' lang='lat' dir='ltr'><strong>jam</strong></span> <span class='ocrx_word' id='word_1_299' title='bbox 394 2973 511 3035; x_wconf 90' lang='lat' dir='ltr'><strong>demum</strong></span> <span class='ocrx_word' id='word_1_300' title='bbox 535 2973 686 3053; x_wconf 88' lang='lat' dir='ltr'><strong>negotium</strong></span> <span class='ocrx_word' id='word_1_301' title='bbox 709 2974 857 3054; x_wconf 88' lang='lat' dir='ltr'><strong>intelligo.</strong></span> <span class='ocrx_word' id='word_1_302' title='bbox 904 2975 969 3037; x_wconf 90' lang='lat' dir='ltr'><strong>Nec</strong></span> <span class='ocrx_word' id='word_1_303' title='bbox 992 2974 1089 3036; x_wconf 89' lang='lat' dir='ltr'><strong>minus</strong></span> <span class='ocrx_word' id='word_1_304' title='bbox 1113 2991 1218 3035; x_wconf 89' lang='lat' dir='ltr'><strong>sanum</strong></span> <span class='ocrx_word' id='word_1_305' title='bbox 1242 2979 1274 3032; x_wconf 89' lang='lat' dir='ltr'><strong>et</strong></span> <span class='ocrx_word' id='word_1_306' title='bbox 1296 2970 1367 3032; x_wconf 90' lang='lat' dir='ltr'><strong>illud</strong></span> <span class='ocrx_word' id='word_1_307' title='bbox 1392 2969 1494 3030; x_wconf 89' lang='lat' dir='ltr'><strong>consi-</strong></span> 
     </span>
     <span class='ocr_line' id='line_1_31' title="bbox 162 3053 1493 3142; baseline 0.002 -25"><span class='ocrx_word' id='word_1_308' title='bbox 162 3053 213 3121; x_wconf 85' lang='lat' dir='ltr'><strong>lim</strong></span> <span class='ocrx_word' id='word_1_309' title='bbox 233 3058 267 3122; x_wconf 90' lang='lat' dir='ltr'><strong>de</strong></span> <span class='ocrx_word' id='word_1_310' title='bbox 291 3060 484 3124; x_wconf 87' lang='lat' dir='ltr'><strong>moderandis</strong></span> <span class='ocrx_word' id='word_1_311' title='bbox 508 3062 555 3124; x_wconf 91' lang='lat' dir='ltr'><strong>his</strong></span> <span class='ocrx_word' id='word_1_312' title='bbox 579 3063 845 3142; x_wconf 89' lang='lat' dir='ltr'><strong>speculationibus.</strong></span> <span class='ocrx_word' id='word_1_313' title='bbox 877 3063 958 3126; x_wconf 86' lang='lat' dir='ltr'><strong>Ecce</strong></span> <span class='ocrx_word' id='word_1_314' title='bbox 973 3063 1009 3125; x_wconf 89' lang='lat' dir='ltr'><strong>de</strong></span> <span class='ocrx_word' id='word_1_315' title='bbox 1024 3063 1111 3124; x_wconf 90' lang='lat' dir='ltr'><strong>Luna</strong></span> <span class='ocrx_word' id='word_1_316' title='bbox 1127 3060 1363 3141; x_wconf 89' lang='lat' dir='ltr'><strong>philosophema,</strong></span> <span class='ocrx_word' id='word_1_317' title='bbox 1389 3066 1493 3120; x_wconf 92' lang='lat' dir='ltr'><strong>natum</strong></span> 
     </span>
     <span class='ocr_line' id='line_1_32' title="bbox 160 3143 1491 3233; baseline 0.002 -27"><span class='ocrx_word' id='word_1_318' title='bbox 160 3143 218 3210; x_wconf 90' lang='lat' dir='ltr'><strong>inter</strong></span> <span class='ocrx_word' id='word_1_319' title='bbox 237 3150 441 3226; x_wconf 86' lang='lat' dir='ltr'><strong>scribendum,</strong></span> <span class='ocrx_word' id='word_1_320' title='bbox 471 3151 522 3212; x_wconf 88' lang='lat' dir='ltr'><strong>vix</strong></span> <span class='ocrx_word' id='word_1_321' title='bbox 549 3151 672 3214; x_wconf 88' lang='lat' dir='ltr'><strong>dimisso</strong></span> <span class='ocrx_word' id='word_1_322' title='bbox 700 3153 818 3229; x_wconf 90' lang='lat' dir='ltr'><strong>nuntio,</strong></span> <span class='ocrx_word' id='word_1_323' title='bbox 841 3173 881 3217; x_wconf 81' lang='lat' dir='ltr'><strong>ae</strong></span> <span class='ocrx_word' id='word_1_324' title='bbox 910 3153 1006 3233; x_wconf 91' lang='lat' dir='ltr'><strong>ipsum</strong></span> <span class='ocrx_word' id='word_1_325' title='bbox 1035 3151 1106 3214; x_wconf 88' lang='lat' dir='ltr'><strong>milri</strong></span> <span class='ocrx_word' id='word_1_326' title='bbox 1130 3152 1167 3211; x_wconf 92' lang='lat' dir='ltr'><strong>de</strong></span> <span class='ocrx_word' id='word_1_327' title='bbox 1192 3149 1326 3211; x_wconf 88' lang='lat' dir='ltr'><strong>falsitate</strong></span> <span class='ocrx_word' id='word_1_328' title='bbox 1349 3147 1491 3228; x_wconf 79' lang='lat' dir='ltr'><strong>prodidit</strong></span> 
     </span>
    </p>
   </div>
   <div class='ocr_carea' id='block_1_6' title="bbox 160 3232 1605 3325">
    <p class='ocr_par' dir='ltr' id='par_1_11' title="bbox 160 3232 1605 3325">
     <span class='ocr_line' id='line_1_33' title="bbox 160 3232 1605 3325; baseline 0.001 -29"><span class='ocrx_word' id='word_1_329' title='bbox 160 3232 259 3300; x_wconf 84' lang='lat' dir='ltr'><strong>Scilicet</strong></span> <span class='ocrx_word' id='word_1_330' title='bbox 272 3239 386 3301; x_wconf 89' lang='lat' dir='ltr'><strong>accidit</strong></span> <span class='ocrx_word' id='word_1_331' title='bbox 400 3239 480 3316; x_wconf 90' lang='lat' dir='ltr'><strong>mihi,</strong></span> <span class='ocrx_word' id='word_1_332' title='bbox 506 3240 584 3322; x_wconf 92' lang='lat' dir='ltr'><strong>quod</strong></span> <span class='ocrx_word' id='word_1_333' title='bbox 599 3241 645 3315; x_wconf 91' lang='lat' dir='ltr'><strong>iis,</strong></span> <span class='ocrx_word' id='word_1_334' title='bbox 671 3243 721 3322; x_wconf 90' lang='lat' dir='ltr'><strong>qui</strong></span> <span class='ocrx_word' id='word_1_335' title='bbox 741 3251 853 3303; x_wconf 91' lang='lat' dir='ltr'><strong>motum</strong></span> <span class='ocrx_word' id='word_1_336' title='bbox 871 3251 1047 3322; x_wconf 86' lang='lat' dir='ltr'><strong>perpetuum</strong></span> <span class='ocrx_word' id='word_1_337' title='bbox 1070 3240 1295 3303; x_wconf 86' lang='lat' dir='ltr'><strong>machinantur:</strong></span> <span class='ocrx_word' id='word_1_338' title='bbox 1320 3247 1354 3300; x_wconf 89' lang='lat' dir='ltr'><strong>ut</strong></span> <span class='ocrx_word' id='word_1_339' title='bbox 1377 3236 1494 3299; x_wconf 91' lang='lat' dir='ltr'><strong>scilicet</strong></span> <span class='ocrx_word' id='word_1_340' title='bbox 1602 3317 1605 3325; x_wconf 90' lang='lat'><strong>.</strong></span> 
     </span>
    </p>
   </div>
   <div class='ocr_carea' id='block_1_7' title="bbox 134 3327 1496 4935">
    <p class='ocr_par' dir='ltr' id='par_1_12' title="bbox 160 3327 1493 3410">
     <span class='ocr_line' id='line_1_34' title="bbox 160 3327 1493 3410; baseline 0.002 -25"><span class='ocrx_word' id='word_1_341' title='bbox 160 3340 197 3401; x_wconf 88' lang='lat' dir='ltr'><strong>pro</strong></span> <span class='ocrx_word' id='word_1_342' title='bbox 216 3337 293 3392; x_wconf 91' lang='lat' dir='ltr'><strong>motu</strong></span> <span class='ocrx_word' id='word_1_343' title='bbox 318 3329 526 3410; x_wconf 89' lang='lat' dir='ltr'><strong>aequilibrium</strong></span> <span class='ocrx_word' id='word_1_344' title='bbox 549 3330 689 3405; x_wconf 87' lang='lat' dir='ltr'><strong>habeant,</strong></span> <span class='ocrx_word' id='word_1_345' title='bbox 715 3339 797 3392; x_wconf 92' lang='lat' dir='ltr'><strong>motu</strong></span> <span class='ocrx_word' id='word_1_346' title='bbox 820 3340 933 3393; x_wconf 92' lang='lat' dir='ltr'><strong>motum</strong></span> <span class='ocrx_word' id='word_1_347' title='bbox 957 3337 1187 3409; x_wconf 87' lang='lat' dir='ltr'><strong>compensante:</strong></span> <span class='ocrx_word' id='word_1_348' title='bbox 1213 3327 1256 3389; x_wconf 90' lang='lat' dir='ltr'><strong>sic</strong></span> <span class='ocrx_word' id='word_1_349' title='bbox 1274 3328 1370 3401; x_wconf 90' lang='lat' dir='ltr'><strong>Luna,</strong></span> <span class='ocrx_word' id='word_1_350' title='bbox 1396 3345 1493 3407; x_wconf 90' lang='lat' dir='ltr'><strong>quan·</strong></span> 
     </span>
    </p>

    <p class='ocr_par' dir='ltr' id='par_1_13' title="bbox 161 3411 1492 3499">
     <span class='ocr_line' id='line_1_35' title="bbox 161 3411 1492 3499; baseline 0 -23"><span class='ocrx_word' id='word_1_351' title='bbox 161 3420 325 3496; x_wconf 78' lang='lat' dir='ltr'><strong>tumpemox</strong></span> <span class='ocrx_word' id='word_1_352' title='bbox 347 3418 515 3499; x_wconf 89' lang='lat' dir='ltr'><strong>promoveri</strong></span> <span class='ocrx_word' id='word_1_353' title='bbox 539 3419 678 3496; x_wconf 89' lang='lat' dir='ltr'><strong>debebat,</strong></span> <span class='ocrx_word' id='word_1_354' title='bbox 703 3430 819 3482; x_wconf 89' lang='lat' dir='ltr'><strong>tautum</strong></span> <span class='ocrx_word' id='word_1_355' title='bbox 839 3421 931 3482; x_wconf 92' lang='lat' dir='ltr'><strong>silens</strong></span> <span class='ocrx_word' id='word_1_356' title='bbox 955 3420 1148 3499; x_wconf 90' lang='lat' dir='ltr'><strong>impediretur</strong></span> <span class='ocrx_word' id='word_1_357' title='bbox 1172 3419 1283 3496; x_wconf 92' lang='lat' dir='ltr'><strong>(comp.</strong></span> <span class='ocrx_word' id='word_1_358' title='bbox 1306 3424 1408 3477; x_wconf 90' lang='lat' dir='ltr'><strong>annot.</strong></span> <span class='ocrx_word' id='word_1_359' title='bbox 1424 3411 1492 3487; x_wconf 86' lang='grc'><strong>62).</strong></span> 
     </span>
    </p>

    <p class='ocr_par' dir='ltr' id='par_1_14' title="bbox 224 3505 1494 3589">
     <span class='ocr_line' id='line_1_36' title="bbox 224 3505 1494 3589; baseline -0.002 -21"><span class='ocrx_word' id='word_1_360' title='bbox 224 3506 292 3570; x_wconf 84' lang='lat' dir='ltr'><strong>lam</strong></span> <span class='ocrx_word' id='word_1_361' title='bbox 317 3508 357 3569; x_wconf 89' lang='lat' dir='ltr'><strong>ad</strong></span> <span class='ocrx_word' id='word_1_362' title='bbox 380 3516 500 3588; x_wconf 89' lang='lat' dir='ltr'><strong>pactum</strong></span> <span class='ocrx_word' id='word_1_363' title='bbox 524 3509 603 3589; x_wconf 92' lang='lat' dir='ltr'><strong>quod</strong></span> <span class='ocrx_word' id='word_1_364' title='bbox 630 3509 759 3571; x_wconf 85' lang='lat' dir='ltr'><strong>attinet:</strong></span> <span class='ocrx_word' id='word_1_365' title='bbox 790 3510 882 3571; x_wconf 86' lang='lat' dir='ltr'><strong>etiam</strong></span> <span class='ocrx_word' id='word_1_366' title='bbox 909 3529 955 3571; x_wconf 91' lang='lat' dir='ltr'><strong>me</strong></span> <span class='ocrx_word' id='word_1_367' title='bbox 984 3518 1085 3570; x_wconf 91' lang='lat' dir='ltr'><strong>sumtu</strong></span> <span class='ocrx_word' id='word_1_368' title='bbox 1115 3507 1216 3569; x_wconf 88' lang='lat' dir='ltr'><strong>levare</strong></span> <span class='ocrx_word' id='word_1_369' title='bbox 1240 3512 1402 3568; x_wconf 85' lang='lat' dir='ltr'><strong>statueras.</strong></span> <span class='ocrx_word' id='word_1_370' title='bbox 1449 3505 1494 3566; x_wconf 82' lang='lat' dir='ltr'><strong>At</strong></span> 
     </span>
    </p>

    <p class='ocr_par' dir='ltr' id='par_1_15' title="bbox 166 3593 1491 3678">
     <span class='ocr_line' id='line_1_37' title="bbox 166 3593 1491 3678; baseline -0.004 -20"><span class='ocrx_word' id='word_1_371' title='bbox 166 3606 202 3668; x_wconf 69' lang='lat' dir='ltr'><strong>tlt</strong></span> <span class='ocrx_word' id='word_1_372' title='bbox 217 3597 295 3673; x_wconf 88' lang='lat' dir='ltr'><strong>uolo,</strong></span> <span class='ocrx_word' id='word_1_373' title='bbox 322 3616 389 3658; x_wconf 90' lang='lat' dir='ltr'><strong>cum</strong></span> <span class='ocrx_word' id='word_1_374' title='bbox 412 3616 505 3677; x_wconf 88' lang='lat' dir='ltr'><strong>opera</strong></span> <span class='ocrx_word' id='word_1_375' title='bbox 528 3597 619 3660; x_wconf 90' lang='lat' dir='ltr'><strong>etiam</strong></span> <span class='ocrx_word' id='word_1_376' title='bbox 642 3598 800 3678; x_wconf 88' lang='lat' dir='ltr'><strong>pecuniam</strong></span> <span class='ocrx_word' id='word_1_377' title='bbox 822 3599 965 3661; x_wconf 90' lang='lat' dir='ltr'><strong>insumas.</strong></span> <span class='ocrx_word' id='word_1_378' title='bbox 1013 3596 1093 3669; x_wconf 84' lang='lat' dir='ltr'><strong>Quin</strong></span> <span class='ocrx_word' id='word_1_379' title='bbox 1119 3606 1152 3658; x_wconf 92' lang='lat' dir='ltr'><strong>ut</strong></span> <span class='ocrx_word' id='word_1_380' title='bbox 1174 3613 1267 3675; x_wconf 88' lang='lat' dir='ltr'><strong>nuper</strong></span> <span class='ocrx_word' id='word_1_381' title='bbox 1291 3593 1412 3673; x_wconf 90' lang='lat' dir='ltr'><strong>scripsi,</strong></span> <span class='ocrx_word' id='word_1_382' title='bbox 1438 3612 1491 3654; x_wconf 91' lang='lat' dir='ltr'><strong>ao-</strong></span> 
     </span>
    </p>

    <p class='ocr_par' dir='ltr' id='par_1_16' title="bbox 168 3678 1492 3767">
     <span class='ocr_line' id='line_1_38' title="bbox 168 3678 1492 3767; baseline -0.004 -18"><span class='ocrx_word' id='word_1_383' title='bbox 168 3678 220 3757; x_wconf 60' lang='lat' dir='ltr'><strong>ilio</strong></span> <span class='ocrx_word' id='word_1_384' title='bbox 234 3682 299 3751; x_wconf 75' lang='lat'><strong>200</strong></span> <span class='ocrx_word' id='word_1_385' title='bbox 324 3686 516 3766; x_wconf 85' lang='lat' dir='ltr'><strong>exemplaria,</strong></span> <span class='ocrx_word' id='word_1_386' title='bbox 541 3687 654 3767; x_wconf 90' lang='lat' dir='ltr'><strong>tibique</strong></span> <span class='ocrx_word' id='word_1_387' title='bbox 678 3687 731 3748; x_wconf 87' lang='lat' dir='ltr'><strong>illa</strong></span> <span class='ocrx_word' id='word_1_388' title='bbox 754 3685 798 3749; x_wconf 79' lang='lat'><strong>50</strong></span> <span class='ocrx_word' id='word_1_389' title='bbox 817 3688 950 3767; x_wconf 89' lang='lat' dir='ltr'><strong>relinquo</strong></span> <span class='ocrx_word' id='word_1_390' title='bbox 975 3687 1045 3766; x_wconf 83' lang='lat' dir='ltr'><strong>doni</strong></span> <span class='ocrx_word' id='word_1_391' title='bbox 1068 3688 1144 3759; x_wconf 89' lang='lat' dir='ltr'><strong>loco,</strong></span> <span class='ocrx_word' id='word_1_392' title='bbox 1169 3685 1195 3746; x_wconf 89' lang='lat' dir='ltr'><strong>si</strong></span> <span class='ocrx_word' id='word_1_393' title='bbox 1218 3701 1320 3745; x_wconf 91' lang='lat' dir='ltr'><strong>eorum</strong></span> <span class='ocrx_word' id='word_1_394' title='bbox 1342 3682 1397 3743; x_wconf 92' lang='lat' dir='ltr'><strong>tibi</strong></span> <span class='ocrx_word' id='word_1_395' title='bbox 1421 3702 1492 3744; x_wconf 89' lang='lat' dir='ltr'><strong>usus</strong></span> 
     </span>
    </p>

    <p class='ocr_par' dir='ltr' id='par_1_17' title="bbox 167 3771 1493 3856">
     <span class='ocr_line' id='line_1_39' title="bbox 167 3771 1493 3856; baseline -0.006 -17"><span class='ocrx_word' id='word_1_396' title='bbox 167 3778 209 3831; x_wconf 64' lang='lat' dir='ltr'><strong>tti-</strong></span> <span class='ocrx_word' id='word_1_397' title='bbox 240 3774 292 3838; x_wconf 84' lang='lat' dir='ltr'><strong>sin</strong></span> <span class='ocrx_word' id='word_1_398' title='bbox 320 3783 423 3838; x_wconf 87' lang='lat' dir='ltr'><strong>autem</strong></span> <span class='ocrx_word' id='word_1_399' title='bbox 446 3795 505 3837; x_wconf 90' lang='lat' dir='ltr'><strong>nou</strong></span> <span class='ocrx_word' id='word_1_400' title='bbox 527 3777 654 3837; x_wconf 89' lang='lat' dir='ltr'><strong>totidem</strong></span> <span class='ocrx_word' id='word_1_401' title='bbox 677 3775 732 3838; x_wconf 91' lang='lat' dir='ltr'><strong>tibi</strong></span> <span class='ocrx_word' id='word_1_402' title='bbox 760 3794 835 3855; x_wconf 87' lang='lat' dir='ltr'><strong>opus</strong></span> <span class='ocrx_word' id='word_1_403' title='bbox 864 3784 927 3850; x_wconf 88' lang='lat' dir='ltr'><strong>est,</strong></span> <span class='ocrx_word' id='word_1_404' title='bbox 956 3795 1010 3849; x_wconf 88' lang='lat' dir='ltr'><strong>ea,</strong></span> <span class='ocrx_word' id='word_1_405' title='bbox 1041 3774 1147 3856; x_wconf 89' lang='lat' dir='ltr'><strong>quibus</strong></span> <span class='ocrx_word' id='word_1_406' title='bbox 1176 3771 1311 3834; x_wconf 87' lang='lat' dir='ltr'><strong>abundas</strong></span> <span class='ocrx_word' id='word_1_407' title='bbox 1339 3771 1493 3832; x_wconf 87' lang='lat' dir='ltr'><strong>intereos</strong></span> 
     </span>
    </p>

    <p class='ocr_par' dir='ltr' id='par_1_18' title="bbox 161 3855 1493 3945">
     <span class='ocr_line' id='line_1_40' title="bbox 161 3855 1493 3945; baseline -0.003 -21"><span class='ocrx_word' id='word_1_408' title='bbox 161 3855 315 3927; x_wconf 72' lang='lat' dir='ltr'><strong>distribuere</strong></span> <span class='ocrx_word' id='word_1_409' title='bbox 343 3865 471 3945; x_wconf 90' lang='lat' dir='ltr'><strong>patiaris</strong></span> <span class='ocrx_word' id='word_1_410' title='bbox 504 3866 634 3945; x_wconf 85' lang='lat' dir='ltr'><strong>aliquem</strong></span> <span class='ocrx_word' id='word_1_411' title='bbox 661 3865 905 3944; x_wconf 89' lang='lat' dir='ltr'><strong>stipendiarium,</strong></span> <span class='ocrx_word' id='word_1_412' title='bbox 941 3883 1063 3945; x_wconf 90' lang='lat' dir='ltr'><strong>quorum</strong></span> <span class='ocrx_word' id='word_1_413' title='bbox 1095 3862 1143 3923; x_wconf 89' lang='lat' dir='ltr'><strong>hic</strong></span> <span class='ocrx_word' id='word_1_414' title='bbox 1172 3860 1284 3941; x_wconf 89' lang='lat' dir='ltr'><strong>accipis</strong></span> <span class='ocrx_word' id='word_1_415' title='bbox 1312 3860 1493 3939; x_wconf 87' lang='lat' dir='ltr'><strong>catalogum.</strong></span> 
     </span>
    </p>

    <p class='ocr_par' dir='ltr' id='par_1_19' title="bbox 158 3942 1493 4034">
     <span class='ocr_line' id='line_1_41' title="bbox 158 3942 1493 4034; baseline -0.004 -18"><span class='ocrx_word' id='word_1_416' title='bbox 158 3942 251 4016; x_wconf 80' lang='lat' dir='ltr'><strong>Quibus</strong></span> <span class='ocrx_word' id='word_1_417' title='bbox 273 3972 366 4034; x_wconf 88' lang='lat' dir='ltr'><strong>porro</strong></span> <span class='ocrx_word' id='word_1_418' title='bbox 390 3954 520 4016; x_wconf 84' lang='lat' dir='ltr'><strong>dandum</strong></span> <span class='ocrx_word' id='word_1_419' title='bbox 544 3962 699 4027; x_wconf 88' lang='lat' dir='ltr'><strong>autumas,</strong></span> <span class='ocrx_word' id='word_1_420' title='bbox 728 3973 775 4014; x_wconf 88' lang='lat' dir='ltr'><strong>me</strong></span> <span class='ocrx_word' id='word_1_421' title='bbox 799 3954 918 4015; x_wconf 90' lang='lat' dir='ltr'><strong>omnino</strong></span> <span class='ocrx_word' id='word_1_422' title='bbox 941 3952 1149 4015; x_wconf 86' lang='lat' dir='ltr'><strong>consentiente</strong></span> <span class='ocrx_word' id='word_1_423' title='bbox 1174 3950 1302 4013; x_wconf 89' lang='lat' dir='ltr'><strong>dederis.</strong></span> <span class='ocrx_word' id='word_1_424' title='bbox 1333 3951 1493 4013; x_wconf 67' lang='lat' dir='ltr'><strong>,Fortasse</strong></span> 
     </span>
    </p>

    <p class='ocr_par' dir='ltr' id='par_1_20' title="bbox 134 4040 1496 4935">
     <span class='ocr_line' id='line_1_42' title="bbox 154 4040 1495 4123; baseline 0.004 -26"><span class='ocrx_word' id='word_1_425' title='bbox 154 4048 263 4117; x_wconf 85' lang='lat' dir='ltr'><strong>quatuor</strong></span> <span class='ocrx_word' id='word_1_426' title='bbox 285 4043 411 4106; x_wconf 88' lang='lat' dir='ltr'><strong>decanis</strong></span> <span class='ocrx_word' id='word_1_427' title='bbox 435 4043 536 4105; x_wconf 88' lang='lat' dir='ltr'><strong>danda</strong></span> <span class='ocrx_word' id='word_1_428' title='bbox 563 4043 691 4123; x_wconf 87' lang='lat' dir='ltr'><strong>singula.</strong></span> <span class='ocrx_word' id='word_1_429' title='bbox 739 4041 868 4107; x_wconf 91' lang='lat' dir='ltr'><strong>Omnino</strong></span> <span class='ocrx_word' id='word_1_430' title='bbox 898 4051 1019 4122; x_wconf 90' lang='lat' dir='ltr'><strong>praeter</strong></span> <span class='ocrx_word' id='word_1_431' title='bbox 1047 4062 1102 4118; x_wconf 90' lang='lat' dir='ltr'><strong>ea,</strong></span> <span class='ocrx_word' id='word_1_432' title='bbox 1136 4040 1243 4121; x_wconf 87' lang='lat' dir='ltr'><strong>quibus</strong></span> <span class='ocrx_word' id='word_1_433' title='bbox 1267 4057 1328 4120; x_wconf 62' lang='lat' dir='ltr'><strong>‘pro</strong></span> <span class='ocrx_word' id='word_1_434' title='bbox 1360 4046 1390 4100; x_wconf 91' lang='lat' dir='ltr'><strong>te</strong></span> <span class='ocrx_word' id='word_1_435' title='bbox 1419 4057 1495 4119; x_wconf 92' lang='lat' dir='ltr'><strong>opus</strong></span> 
     </span>
     <span class='ocr_line' id='line_1_43' title="bbox 152 4124 1496 4214; baseline 0.001 -23"><span class='ocrx_word' id='word_1_436' title='bbox 152 4124 239 4207; x_wconf 76' lang='lat' dir='ltr'><strong>habes,</strong></span> <span class='ocrx_word' id='word_1_437' title='bbox 263 4132 468 4214; x_wconf 86' lang='lat' dir='ltr'><strong>quadraginta</strong></span> <span class='ocrx_word' id='word_1_438' title='bbox 490 4132 520 4194; x_wconf 91' lang='lat' dir='ltr'><strong>in</strong></span> <span class='ocrx_word' id='word_1_439' title='bbox 539 4132 774 4210; x_wconf 86' lang='lat' dir='ltr'><strong>Wirtemhergia</strong></span> <span class='ocrx_word' id='word_1_440' title='bbox 797 4140 948 4195; x_wconf 90' lang='lat' dir='ltr'><strong>maneant.</strong></span> <span class='ocrx_word' id='word_1_441' title='bbox 987 4131 1021 4194; x_wconf 88' lang='lat' dir='ltr'><strong>Si</strong></span> <span class='ocrx_word' id='word_1_442' title='bbox 1045 4150 1119 4212; x_wconf 91' lang='lat' dir='ltr'><strong>quos</strong></span> <span class='ocrx_word' id='word_1_443' title='bbox 1143 4136 1258 4191; x_wconf 89' lang='lat' dir='ltr'><strong>sumtus</strong></span> <span class='ocrx_word' id='word_1_444' title='bbox 1280 4128 1311 4190; x_wconf 92' lang='lat' dir='ltr'><strong>in</strong></span> <span class='ocrx_word' id='word_1_445' title='bbox 1334 4127 1496 4207; x_wconf 88' lang='lat' dir='ltr'><strong>ligaturam</strong></span> 
     </span>
     <span class='ocr_line' id='line_1_44' title="bbox 149 4215 1495 4302; baseline 0.001 -27"><span class='ocrx_word' id='word_1_446' title='bbox 149 4215 257 4296; x_wconf 86' lang='lat' dir='ltr'><strong>leceris,</strong></span> <span class='ocrx_word' id='word_1_447' title='bbox 287 4241 345 4302; x_wconf 83' lang='lat' dir='ltr'><strong>ego</strong></span> <span class='ocrx_word' id='word_1_448' title='bbox 368 4223 543 4302; x_wconf 88' lang='lat' dir='ltr'><strong>praestabo.</strong></span> <span class='ocrx_word' id='word_1_449' title='bbox 591 4222 704 4283; x_wconf 89' lang='lat' dir='ltr'><strong>Verum</strong></span> <span class='ocrx_word' id='word_1_450' title='bbox 728 4221 866 4283; x_wconf 88' lang='lat' dir='ltr'><strong>existimo</strong></span> <span class='ocrx_word' id='word_1_451' title='bbox 895 4222 1036 4302; x_wconf 90' lang='lat' dir='ltr'><strong>pleraque</strong></span> <span class='ocrx_word' id='word_1_452' title='bbox 1065 4218 1146 4282; x_wconf 88' lang='lat' dir='ltr'><strong>ouda</strong></span> <span class='ocrx_word' id='word_1_453' title='bbox 1174 4217 1396 4290; x_wconf 87' lang='lat' dir='ltr'><strong>distribuenda,</strong></span> <span class='ocrx_word' id='word_1_454' title='bbox 1427 4236 1495 4279; x_wconf 88' lang='lat' dir='ltr'><strong>eum</strong></span> 
     </span>
     <span class='ocr_line' id='line_1_45' title="bbox 146 4304 1493 4391; baseline 0.001 -26"><span class='ocrx_word' id='word_1_455' title='bbox 146 4323 196 4368; x_wconf 89' lang='lat' dir='ltr'><strong>uon</strong></span> <span class='ocrx_word' id='word_1_456' title='bbox 218 4310 333 4373; x_wconf 83' lang='lat' dir='ltr'><strong>iaciant</strong></span> <span class='ocrx_word' id='word_1_457' title='bbox 350 4311 466 4391; x_wconf 90' lang='lat' dir='ltr'><strong>justum</strong></span> <span class='ocrx_word' id='word_1_458' title='bbox 489 4311 632 4373; x_wconf 91' lang='lat' dir='ltr'><strong>libellum.</strong></span> <span class='ocrx_word' id='word_1_459' title='bbox 677 4310 723 4372; x_wconf 91' lang='lat' dir='ltr'><strong>De</strong></span> <span class='ocrx_word' id='word_1_460' title='bbox 747 4311 878 4391; x_wconf 76' lang='lat' dir='ltr'><strong>pecunia,</strong></span> <span class='ocrx_word' id='word_1_461' title='bbox 897 4329 985 4390; x_wconf 89' lang='lat' dir='ltr'><strong>spero</strong></span> <span class='ocrx_word' id='word_1_462' title='bbox 1009 4329 1056 4370; x_wconf 90' lang='lat' dir='ltr'><strong>me</strong></span> <span class='ocrx_word' id='word_1_463' title='bbox 1086 4309 1167 4370; x_wconf 89' lang='lat' dir='ltr'><strong>intra</strong></span> <span class='ocrx_word' id='word_1_464' title='bbox 1190 4304 1211 4370; x_wconf 89' lang='grc'><strong>2</strong></span> <span class='ocrx_word' id='word_1_465' title='bbox 1233 4325 1352 4368; x_wconf 89' lang='lat' dir='ltr'><strong>menses</strong></span> <span class='ocrx_word' id='word_1_466' title='bbox 1376 4306 1415 4367; x_wconf 85' lang='lat' dir='ltr'><strong>ab</strong></span> <span class='ocrx_word' id='word_1_467' title='bbox 1439 4325 1493 4367; x_wconf 90' lang='lat' dir='ltr'><strong>ac-</strong></span> 
     </span>
     <span class='ocr_line' id='line_1_46' title="bbox 145 4392 1492 4480; baseline 0 -24"><span class='ocrx_word' id='word_1_468' title='bbox 145 4397 231 4476; x_wconf 85' lang='lat' dir='ltr'><strong>ceptis</strong></span> <span class='ocrx_word' id='word_1_469' title='bbox 254 4400 475 4480; x_wconf 86' lang='lat' dir='ltr'><strong>exemplaribus</strong></span> <span class='ocrx_word' id='word_1_470' title='bbox 496 4397 748 4479; x_wconf 91' lang='lat' dir='ltr'><strong>Gruppeubachio</strong></span> <span class='ocrx_word' id='word_1_471' title='bbox 767 4407 1003 4480; x_wconf 84' lang='lat' dir='ltr'><strong>prospectorum.</strong></span> <span class='ocrx_word' id='word_1_472' title='bbox 1041 4395 1218 4477; x_wconf 89' lang='lat' dir='ltr'><strong>Marpachio</strong></span> <span class='ocrx_word' id='word_1_473' title='bbox 1241 4402 1368 4475; x_wconf 88' lang='lat' dir='ltr'><strong>expecto</strong></span> <span class='ocrx_word' id='word_1_474' title='bbox 1397 4392 1492 4469; x_wconf 77' lang='lat'><strong>1211,</strong></span> 
     </span>
     <span class='ocr_line' id='line_1_47' title="bbox 144 4480 1493 4571; baseline 0.001 -27"><span class='ocrx_word' id='word_1_475' title='bbox 144 4482 311 4569; x_wconf 84' lang='lat' dir='ltr'><strong>ll&#39;aiblinga</strong></span> <span class='ocrx_word' id='word_1_476' title='bbox 333 4480 394 4571; x_wconf 73' lang='lat' dir='ltr'><strong>8&#39;l,</strong></span> <span class='ocrx_word' id='word_1_477' title='bbox 424 4490 470 4560; x_wconf 79' lang='lat' dir='ltr'><strong>fl..</strong></span> <span class='ocrx_word' id='word_1_478' title='bbox 498 4487 662 4568; x_wconf 86' lang='lat' dir='ltr'><strong>Esselinga</strong></span> <span class='ocrx_word' id='word_1_479' title='bbox 685 4510 703 4550; x_wconf 92' lang='lat' dir='ltr'><strong>a</strong></span> <span class='ocrx_word' id='word_1_480' title='bbox 726 4489 856 4570; x_wconf 92' lang='lat' dir='ltr'><strong>quodam</strong></span> <span class='ocrx_word' id='word_1_481' title='bbox 883 4496 1021 4550; x_wconf 89' lang='lat' dir='ltr'><strong>curatore</strong></span> <span class='ocrx_word' id='word_1_482' title='bbox 1046 4483 1295 4564; x_wconf 86' lang='lat' dir='ltr'><strong>Wirtembergico</strong></span> <span class='ocrx_word' id='word_1_483' title='bbox 1318 4484 1493 4546; x_wconf 85' lang='lat' dir='ltr'><strong>Heerwarto</strong></span> 
     </span>
     <span class='ocr_line' id='line_1_48' title="bbox 144 4571 1493 4660; baseline -0.002 -24"><span class='ocrx_word' id='word_1_484' title='bbox 144 4571 179 4637; x_wconf 87' lang='lat'><strong>10</strong></span> <span class='ocrx_word' id='word_1_485' title='bbox 201 4576 246 4652; x_wconf 88' lang='lat' dir='ltr'><strong>fl.,</strong></span> <span class='ocrx_word' id='word_1_486' title='bbox 277 4597 367 4658; x_wconf 92' lang='lat' dir='ltr'><strong>quam</strong></span> <span class='ocrx_word' id='word_1_487' title='bbox 392 4598 537 4641; x_wconf 88' lang='lat' dir='ltr'><strong>summam</strong></span> <span class='ocrx_word' id='word_1_488' title='bbox 561 4579 625 4660; x_wconf 90' lang='lat' dir='ltr'><strong>ejus</strong></span> <span class='ocrx_word' id='word_1_489' title='bbox 648 4578 726 4640; x_wconf 89' lang='lat' dir='ltr'><strong>fllius</strong></span> <span class='ocrx_word' id='word_1_490' title='bbox 751 4578 798 4639; x_wconf 92' lang='lat' dir='ltr'><strong>hic</strong></span> <span class='ocrx_word' id='word_1_491' title='bbox 822 4599 841 4638; x_wconf 93' lang='lat' dir='ltr'><strong>a</strong></span> <span class='ocrx_word' id='word_1_492' title='bbox 864 4597 909 4639; x_wconf 91' lang='lat' dir='ltr'><strong>me</strong></span> <span class='ocrx_word' id='word_1_493' title='bbox 934 4585 1035 4639; x_wconf 91' lang='lat' dir='ltr'><strong>mutuo</strong></span> <span class='ocrx_word' id='word_1_494' title='bbox 1060 4575 1181 4649; x_wconf 89' lang='lat' dir='ltr'><strong>sumsit,</strong></span> <span class='ocrx_word' id='word_1_495' title='bbox 1212 4582 1244 4635; x_wconf 90' lang='lat' dir='ltr'><strong>et</strong></span> <span class='ocrx_word' id='word_1_496' title='bbox 1265 4591 1319 4653; x_wconf 91' lang='lat' dir='ltr'><strong>per</strong></span> <span class='ocrx_word' id='word_1_497' title='bbox 1341 4591 1411 4635; x_wconf 88' lang='lat' dir='ltr'><strong>suos</strong></span> <span class='ocrx_word' id='word_1_498' title='bbox 1434 4591 1493 4652; x_wconf 88' lang='lat' dir='ltr'><strong>pa·</strong></span> 
     </span>
     <span class='ocr_line' id='line_1_49' title="bbox 139 4661 1492 4748; baseline 0 -24"><span class='ocrx_word' id='word_1_499' title='bbox 139 4675 236 4729; x_wconf 88' lang='lat' dir='ltr'><strong>rentes</strong></span> <span class='ocrx_word' id='word_1_500' title='bbox 266 4685 361 4748; x_wconf 89' lang='lat' dir='ltr'><strong>usque</strong></span> <span class='ocrx_word' id='word_1_501' title='bbox 389 4668 430 4729; x_wconf 92' lang='lat' dir='ltr'><strong>ad</strong></span> <span class='ocrx_word' id='word_1_502' title='bbox 457 4668 568 4730; x_wconf 84' lang='lat' dir='ltr'><strong>festum</strong></span> <span class='ocrx_word' id='word_1_503' title='bbox 591 4667 789 4730; x_wconf 84' lang='lat' dir='ltr'><strong>Pentecostes</strong></span> <span class='ocrx_word' id='word_1_504' title='bbox 814 4664 1068 4746; x_wconf 90' lang='lat' dir='ltr'><strong>Gruppenbachio</strong></span> <span class='ocrx_word' id='word_1_505' title='bbox 1095 4670 1319 4726; x_wconf 90' lang='lat' dir='ltr'><strong>numeraturum</strong></span> <span class='ocrx_word' id='word_1_506' title='bbox 1345 4661 1492 4742; x_wconf 88' lang='lat' dir='ltr'><strong>promisit.</strong></span> 
     </span>
     <span class='ocr_line' id='line_1_50' title="bbox 137 4750 1492 4837; baseline -0.003 -22"><span class='ocrx_word' id='word_1_507' title='bbox 137 4751 217 4817; x_wconf 85' lang='lat' dir='ltr'><strong>h&#39;ihil</strong></span> <span class='ocrx_word' id='word_1_508' title='bbox 239 4754 289 4818; x_wconf 92' lang='lat' dir='ltr'><strong>hic</strong></span> <span class='ocrx_word' id='word_1_509' title='bbox 312 4756 412 4819; x_wconf 92' lang='lat' dir='ltr'><strong>oneris</strong></span> <span class='ocrx_word' id='word_1_510' title='bbox 434 4757 492 4819; x_wconf 91' lang='lat' dir='ltr'><strong>tibi</strong></span> <span class='ocrx_word' id='word_1_511' title='bbox 514 4757 665 4837; x_wconf 90' lang='lat' dir='ltr'><strong>imponere</strong></span> <span class='ocrx_word' id='word_1_512' title='bbox 690 4756 796 4819; x_wconf 89' lang='lat' dir='ltr'><strong>audeo.</strong></span> <span class='ocrx_word' id='word_1_513' title='bbox 842 4756 913 4837; x_wconf 83' lang='lat' dir='ltr'><strong>lpse</strong></span> <span class='ocrx_word' id='word_1_514' title='bbox 935 4761 1036 4819; x_wconf 74' lang='lat' dir='ltr'><strong>mmon</strong></span> <span class='ocrx_word' id='word_1_515' title='bbox 1061 4751 1330 4834; x_wconf 87' lang='lat' dir='ltr'><strong>Gruppenbachius</strong></span> <span class='ocrx_word' id='word_1_516' title='bbox 1352 4750 1492 4813; x_wconf 87' lang='lat' dir='ltr'><strong>Esselin-</strong></span> 
     </span>
     <span class='ocr_line' id='line_1_51' title="bbox 134 4839 1492 4935; baseline -0.006 -27"><span class='ocrx_word' id='word_1_517' title='bbox 134 4861 259 4925; x_wconf 65' lang='lat' dir='ltr'><strong>genum</strong></span> <span class='ocrx_word' id='word_1_518' title='bbox 280 4854 313 4908; x_wconf 94' lang='lat' dir='ltr'><strong>et</strong></span> <span class='ocrx_word' id='word_1_519' title='bbox 330 4844 592 4929; x_wconf 86' lang='lat' dir='ltr'><strong>Waiblingenscm</strong></span> <span class='ocrx_word' id='word_1_520' title='bbox 615 4864 762 4910; x_wconf 91' lang='lat' dir='ltr'><strong>summam</strong></span> <span class='ocrx_word' id='word_1_521' title='bbox 785 4842 883 4926; x_wconf 77' lang='lat' dir='ltr'><strong>(apud</strong></span> <span class='ocrx_word' id='word_1_522' title='bbox 899 4840 986 4935; x_wconf 71' lang='lat' dir='ltr'><strong>littae</strong></span> <span class='ocrx_word' id='word_1_523' title='bbox 1008 4842 1067 4907; x_wconf 91' lang='lat' dir='ltr'><strong>loci</strong></span> <span class='ocrx_word' id='word_1_524' title='bbox 1089 4842 1237 4907; x_wconf 87' lang='lat' dir='ltr'><strong>decanum</strong></span> <span class='ocrx_word' id='word_1_525' title='bbox 1256 4839 1396 4916; x_wconf 78' lang='lat' dir='ltr'><strong>Lucium)</strong></span> <span class='ocrx_word' id='word_1_526' title='bbox 1419 4857 1492 4919; x_wconf 90' lang='lat' dir='ltr'><strong>pro-</strong></span> 
     </span>
    </p>
   </div>
   <div class='ocr_carea' id='block_1_8' title="bbox 202 4941 1281 5005">
    <p class='ocr_par' dir='ltr' id='par_1_21' title="bbox 202 4941 1281 5005">
     <span class='ocr_line' id='line_1_52' title="bbox 202 4941 1281 5005; baseline 0 0"><span class='ocrx_word' id='word_1_527' title='bbox 202 4946 423 5005; x_wconf 46' lang='lat' dir='ltr'><strong>wm&amp;</strong></span> <span class='ocrx_word' id='word_1_528' title='bbox 546 4957 550 4966; x_wconf 92' lang='lat'>&#39;</span> <span class='ocrx_word' id='word_1_529' title='bbox 1264 4941 1281 4994; x_wconf 74' lang='lat'>³</span> 
     </span>
    </p>
   </div>
   <div class='ocr_carea' id='block_1_9' title="bbox 0 0 1644 5542">
    <p class='ocr_par' dir='ltr' id='par_1_22' title="bbox 0 0 1644 5542">
     <span class='ocr_line' id='line_1_53' title="bbox 0 0 1644 5542; baseline 0 2"><span class='ocrx_word' id='word_1_530' title='bbox 0 0 1644 5542; x_wconf 95' lang='lat' dir='ltr'><strong> </strong></span> 
     </span>
    </p>
   </div>
  </div>
 </body>
</html>
