3278 5542
567 315 570 319 -
621 282 923 348 ιιιωυιιιι
1391 282 1459 351 ero

112 438 143 503 si
166 438 246 502 benc
268 457 348 516 esse,
372 441 449 520 quod
474 440 588 503 coelum
612 441 682 503 uuio
704 447 823 502 tantum
846 439 974 502 confuse
995 439 1056 512 sit,
1080 436 1141 514 cni,
1174 439 1200 503 si
1223 459 1283 520 qua
1307 459 1346 505 ιι
1367 442 1458 507 sociis

112 528 201 591 ausis
225 529 315 604 desit,
340 531 465 591 effectus
489 530 630 592 intereat.
679 526 760 599 Quid
785 529 871 608 agis,
896 528 935 589 mi
958 527 1099 590 Fabrici?
1122 547 1161 588 an
1185 546 1241 608 ego
1265 530 1383 594 meliori
1406 550 1458 595 ar-

112 626 242 694 ‚urmentc
272 618 385 696 possim
413 619 559 697 probare,
594 617 811 697 experientiam
835 636 903 678 esse
926 615 1102 679 confusam?
1147 615 1233 679 Scito
1261 617 1378 700 itaque,
1410 640 1458 683 me

112 705 190 785 tane
213 715 313 769 tecum
336 706 508 770 consentire
531 707 561 769 in
585 708 642 769 hoc
666 700 852 786 argumento.

170 810 355 862 Fabricius:
374 811 587 861 'l'rensitlbns
605 810 685 862 rnnlte
702 810 789 860 tribuis
806 815 906 874 propter
923 809 1061 872 subjectam
1079 810 1155 868 reslc,
1174 812 1225 861 sire
1237 811 1365 876 planetam
1377 815 1457 880 lpsnrn

112 887 258 932 ιιιιιιιιιι
277 888 304 932 et
321 883 487 943 ιιιίιιιιιιιι
506 882 762 947 protectionibus
780 895 836 930 raro
856 880 961 931 eandem
980 880 1011 930 cb
1030 894 1132 931 ιιιιιιι
1150 882 1211 932 nibil
1229 882 1282 934 des.
1320 885 1374 951 Ego
1387 885 1456 938 dico:

112 954 223 1005 censitus
240 953 331 1004 nulline
349 955 445 1004 vinetis
463 962 511 1012 est,
529 955 577 1004 nisi
596 954 680 1020 alique
698 954 794 1018 species
811 954 966 1017 prolectnnm
983 952 1056 1002 slmnl
1074 953 1207 1004 coincidet.

187 1026 392 1104 Keplerus:
416 1026 484 1105 Ego
507 1046 629 1088 causam
653 1025 726 1101 diri,
751 1034 784 1087 tu
798 1025 881 1087 nulla
896 1023 978 1087 diota
992 1044 1087 1086 causa
1109 1025 1291 1089 contrarium
1309 1027 1453 1091 allirmas.

112 1113 163 1177 loc
187 1114 264 1177 habe
289 1133 343 1194 pro
367 1122 465 1186 certo,
498 1135 649 1196 nunquam
671 1114 744 1177 mihi
767 1113 896 1176 transire
920 1112 1101 1176 Mercurium
1125 1133 1181 1195 per
1203 1122 1301 1177 ortum
1324 1124 1378 1179 aut
1401 1136 1454 1180 oc·

112 1222 215 1280 num,
252 1203 322 1285 quin
345 1203 496 1267 catarrhis
523 1213 578 1267 aut
600 1203 662 1266 alvi
685 1205 766 1266 fluxu
790 1202 932 1265 iufester:
959 1218 1109 1282 uunquam
1132 1202 1278 1281 Martem,
1303 1205 1373 1285 quin
1395 1225 1453 1288 pe·

112 1300 183 1355 stae
209 1292 281 1355 mihi
306 1291 368 1355 siut
391 1293 461 1355 lites
485 1302 516 1353 ιι
540 1291 698 1374 dispositio
725 1292 753 1353 in
778 1310 824 1353 me
848 1291 914 1372 ipso
938 1291 1098 1356 cholerica.

167 1398 352 1450 Fsbricins:
373 1397 515 1460 Quaeritur,
534 1413 567 1449 en
587 1397 637 1449 Sol
656 1399 821 1450 erenricus
846 1397 922 1449 loce
940 1398 1096 1462 ephetics
1113 1397 1263 1464 morologus
1280 1399 1319 1450 rel
1337 1399 1453 1452 ιίιιιιιι·

112 1484 155 1521 ιιι
172 1471 267 1537 gradu
284 1470 382 1520 morbos
399 1471 489 1521 inferre
507 1468 604 1536 possit?
641 1470 694 1536 Ego
713 1470 764 1521 tale
783 1469 840 1535 qnid
859 1468 1031 1520 animadverti.

171 1541 390 1622 ·Keplerus:
415 1542 524 1605 Nullus
547 1544 673 1622 planeta
696 1543 734 1603 ad
758 1542 816 1604 hoc
840 1550 887 1603 est
912 1541 1061 1604 conditus.
1109 1540 1152 1604 Ut
1166 1558 1238 1621 ergo
1263 1542 1374 1605 catoris
1397 1543 1454 1606 hoc
1530 1584 1535 1592 ,

112 1649 145 1694 er
171 1631 313 1694 accidens
337 1631 457 1707 evenit,
494 1632 538 1693 ita
561 1639 592 1693 et
615 1629 694 1706 Soli,
726 1640 759 1695 nt
792 1631 821 1692 in
846 1649 900 1692 suo
924 1648 1052 1692 excessu
1075 1635 1184 1692 noceat
1205 1628 1451 1696 inflammatione.

115 1719 156 1782 ed
190 1739 227 1783 ne
258 1719 460 1800 proportionis
484 1720 687 1796 obliviscaris,
722 1719 804 1783 Solis
828 1720 941 1784 reditus
965 1719 1046 1781 iutra
1069 1738 1192 1792 anuum,
1226 1716 1352 1782 Saturni
1374 1721 1454 1785 intre

112 1805 135 1873 0
160 1828 268 1871 annos.
313 1809 513 1890 Experientie
536 1817 637 1888 taruen
662 1810 691 1871 in
714 1816 834 1890 promtu
856 1828 915 1870 non
940 1818 997 1883 est,
1023 1826 1059 1870 ac
1082 1808 1183 1869 nescio
1206 1827 1246 1870 en
1270 1809 1371 1872 fuerit.

164 1915 347 1966 Fabricius:
375 1913 441 1976 Quid
460 1915 491 1965 ιι
516 1915 756 1981 intelligentiis
783 1914 951 1965 stellarum
970 1915 1072 1971 sandes,
1100 1912 1164 1963 scire
1182 1913 1264 1977 cnplo.
1300 1913 1353 1980 Ego
1371 1929 1453 1982 nngss

112 2001 149 2038 use
167 1993 239 2051 pntc.
276 1986 347 2037 Idem
365 1989 445 2037 sentio
465 1987 496 2037 de
515 1988 621 2052 geniis
640 1988 691 2037 sive
709 1987 795 2047 bonis,
823 1987 875 2035 sive
893 1985 973 2036 melis.
1011 1984 1039 2036 si
1058 1985 1161 2051 angelos
1180 1990 1206 2034 et
1224 1984 1335 2053 diebolm
1353 1985 1452 2046 ιιιιιιι,

112 2058 190 2123 nipln
211 2065 237 2108 ιι
253 2059 375 2124 intelligo,
394 2058 459 2109 suas
475 2059 584 2109 minime.

181 2130 388 2209 Keplerns:
414 2129 521 2193 Stellis
544 2137 670 2210 praeest
691 2129 787 2192 virtue
810 2128 925 2207 aliqua,
950 2126 1134 2207 geometriae
1158 2145 1255 2207 capax
1278 2126 1370 2209 globi,
1394 2148 1450 2209 po-

112 2237 161 2281 ure
186 2220 226 2281 ed
245 2228 370 2290 motum,
394 2226 514 2300 tempus
537 2239 708 2282 numerans.
754 2218 832 2299 Ego,
857 2218 894 2288 si,
918 2217 998 2296 quod
1016 2217 1117 2297 jubes,
1142 2215 1287 2297 scapham
1306 2219 1451 2299 scapham

112 2308 247 2389 ppellare
271 2309 389 2384 debeo,
405 2327 464 2370 nou
488 2328 610 2388 possum
635 2307 840 2380 alilotham,
864 2326 953 2388 quam
977 2304 1224 2385 intelligentiam,
1248 2306 1297 2368 vel
1320 2315 1450 2370 mentem

112 2398 259 2479 ppellare.
307 2397 342 2460 Si
370 2397 452 2460 aliud
484 2398 539 2485 tibi
563 2416 670 2460 nomen
697 2395 934 2477 praeplaoucrit,
968 2394 1071 2456 dicito.
1117 2394 1244 2457 Interim
1267 2394 1324 2457 hoc
1347 2408 1451 2460 manet

112 2487 270 2561 acrimeu,
305 2487 382 2568 quod
406 2487 637 2550 ratiocinatione
671 2505 730 2548 non
754 2494 890 2559 utuntur,
922 2485 979 2546 hoc
1002 2484 1080 2546 bono
1105 2481 1187 2546 (ιιι.
1214 2481 1345 2546 Gilbcrti
1368 2484 1450 2548 illius

112 2584 281 2657 rgumenta,
301 2576 380 2657 quod
405 2575 666 2639 ratiocinationem
689 2582 833 2655 sequatur·
855 2573 885 2636 in
909 2572 1029 2635 actione
1052 2572 1271 2648 inconstantia,
1301 2573 1448 2659 inaequa-¹

112 2673 164 2729 tea
188 2674 222 2726 ιι
244 2664 399 2737 titubatio,
423 2666 502 2745 apud
517 2664 653 2728 homiues
677 2664 806 2745 quidem.
854 2660 957 2733 Quare
980 2670 1014 2723 ut
1033 2681 1146 2724 cornua
1164 2661 1261 2733 bovis,
1281 2670 1335 2724 aut
1348 2663 1448 2728 scien-

112 2773 131 2816 s
155 2753 293 2829 natandi,
318 2762 372 2816 aut
394 2754 490 2834 primo
515 2754 619 2815 stetim
643 2753 691 2814 die
715 2763 797 2814 recte
816 2752 983 2825 incedendi,
1008 2769 1066 2812 uon
1090 2758 1161 2812 suut
1179 2760 1357 2831 argumenta
1380 2771 1448 2815 ma-

112 2843 163 2906 rris
186 2842 366 2916 nobilitatis,
395 2862 485 2923 quam
510 2843 539 2905 iu
562 2842 692 2917 homino,
718 2841 767 2923 qui
782 2841 829 2903 his
843 2849 944 2914 caret;
969 2839 1023 2901 sed
1038 2839 1240 2914 statuendum,
1265 2841 1448 2903 succurrisse

112 2941 228 2995 staram
252 2932 338 2993 bovis
364 2932 530 2994 infirmitati
553 2931 722 3012 congenitis
746 2930 793 2992 his
817 2929 1009 3009 adjumentis,
1036 2928 1106 3009 quia
1129 2927 1184 2990 bos
1208 2947 1293 2990 arma
1315 2928 1373 2991 sibi
1397 2931 1448 2992 le-

112 3019 221 3095 icare,
255 3020 389 3101 sobolem
412 3021 550 3094 educare,
583 3029 722 3084 natatum
743 3020 911 3081 exercendo
935 3018 1042 3080 docere
1066 3035 1123 3080 non
1146 3024 1261 3098 potest,
1284 3028 1320 3080 ut
1341 3017 1446 3081 homo:

112 3129 129 3174 c
153 3109 232 3172 haec
256 3108 358 3173 circuli
382 3111 429 3178 sui
452 3110 617 3174 intellectio
642 3109 785 3172 facultati
809 3109 853 3171 illi
886 3107 990 3170 itidem
1014 3115 1063 3169 est
1086 3107 1262 3187 congenita,
1295 3126 1351 3170 nec
1373 3126 1446 3189 pro-

112 3218 175 3263 tere
200 3206 314 3278 potest,
339 3218 394 3262 nec
418 3200 500 3263 aliud
525 3220 616 3281 qnam
638 3201 695 3262 hoc
719 3218 820 3278 agere,
845 3198 935 3261 alium
960 3215 1050 3278 quam
1064 3195 1142 3259 huuc
1158 3195 1300 3261 circulum
1318 3197 1446 3260 discere.

175 3287 224 3349 De
249 3286 355 3350 Geniis
387 3307 446 3351 non
481 3290 592 3352 acriter
624 3297 722 3350 tecum
745 3306 856 3368 pugno.
902 3286 968 3347 Res
1000 3296 1050 3347 est
1082 3285 1206 3348 lubrice
1251 3283 1334 3366 Ego,
1368 3287 1447 3368 qnod

112 3375 265 3440 animatis
294 3377 383 3440 rebus
408 3377 446 3439 ob
470 3378 621 3440 delectum
644 3377 785 3450 rationis,
819 3374 936 3456 augelis
969 3375 1008 3436 ob
1036 3373 1161 3437 liberam
1185 3393 1272 3437 snam
1298 3375 1445 3438 rationem

112 3484 145 3528 tn
155 3482 279 3546 possum
295 3466 437 3542 tribuere,
449 3467 696 3546 gubernationem
707 3466 845 3528 fortunae
856 3463 984 3526 hominis
999 3463 1038 3524 ad
1052 3462 1271 3544 praescriptum
1283 3465 1444 3542 coelorum,

112 3566 126 3631 ζ,
151 3555 283 3635 inquam,
301 3556 400 3635 geniis
414 3555 522 3618 tribuo.
570 3555 650 3628 Quid
666 3555 763 3617 euim?
788 3555 833 3616 Tu
848 3554 1023 3632 angelorum
1032 3553 1158 3615 tutelam
1172 3551 1265 3614 coelis
1276 3552 1445 3631 allegabis?

155 3661 347 3711 Fabricius:
375 3660 481 3713 Solem
499 3661 638 3713 vivificandi
665 3668 691 3712 et
708 3659 842 3726 vegetandi
866 3660 915 3708 sim
941 3657 1033 3707 hebere
1059 3657 1184 3715 existimo,
1212 3658 1362 3722 planetes
1388 3673 1444 3710 varo

112 3746 135 3784 ns
154 3746 241 3782 omnes
259 3746 298 3783 res
317 3734 397 3790 simul,
415 3740 444 3783 nt
462 3733 512 3796 Sol,
534 3734 578 3785 sed
596 3734 651 3784 illes
669 3739 777 3788 antam,
795 3744 860 3796 quae
878 3730 979 3796 imperio
997 3730 1105 3793 ipsorum
1122 3728 1235 3787 subsunt,
1255 3728 1386 3779 vivificare.

174 3805 377 3885 Keplerns:
402 3806 485 3869 Nihil
509 3824 565 3886 ego
588 3815 662 3886 puto
681 3805 711 3866 iu
734 3802 846 3876 Terris,
874 3802 921 3863 cui
944 3801 1072 3863 seorsim
1096 3799 1205 3881 aliquis
1228 3800 1354 3880 planeta
1377 3801 1443 3863 col·
1533 3873 1536 3878 ¹

112 3902 204 3957 catus
233 3894 275 3956 sit
298 3894 327 3956 iu
350 3896 451 3976 coelo:
482 3895 537 3957 sed
561 3894 700 3957 extitisse
724 3893 793 3954 illos
818 3899 864 3954 tot
887 3898 920 3952 et
942 3891 1022 3952 tales
1051 3909 1088 3952 ex
1111 3889 1173 3951 suis
1203 3890 1333 3970 propriis
1355 3890 1441 3971 priu-

112 3982 181 4065 piis,
206 3982 297 4045 etiam
322 3983 387 4046 siue
402 3991 541 4065 respectu
556 3983 745 4046 terrestrium
760 3999 875 4055 remm3
898 3980 1069 4042 consentire
1089 3998 1160 4042 vero
1179 3982 1237 4040 noir
1252 3998 1301 4040 res
1316 3980 1443 4043 seorsim

112 4072 268 4154 impositas
293 4092 360 4135 cum
382 4073 526 4154 planetis,
552 4073 605 4134 sed
625 4092 728 4134 omnes
753 4070 889 4133 omnibus
903 4077 1030 4132 naturae
1045 4068 1219 4143 elementis;
1244 4087 1314 4131 uam
1328 4087 1441 4150 prope-

112 4162 205 4224 odnm
230 4163 331 4223 omnia
353 4162 384 4223 in
408 4161 543 4224 omnibus
566 4160 717 4237 invenies,
750 4160 818 4242 plns
842 4168 944 4223 ιιιιιι
968 4159 1044 4222 certi
1068 4158 1196 4238 alicujus
1220 4159 1360 4223 elementi
1392 4160 1442 4222 vel

112 4251 264 4314 tantitatis
288 4251 318 4313 in
341 4269 400 4313 uno
424 4271 514 4332 quam
536 4252 567 4315 in
592 4252 699 4314 altero.

152 4357 341 4408 Febrieinst
361 4356 428 4419 Quid
445 4358 477 4409 ιο
497 4359 647 4410 entisciis
664 4357 822 4423 planetarum
838 4355 947 4418 jndices.
966 4354 1030 4405 scire
1048 4352 1129 4404 rellrn.

172 4446 382 4527 Keplerns:
406 4446 518 4511 Eorum
538 4447 597 4508 virn
620 4447 662 4508 ibi
686 4464 827 4527 agnosco,
852 4442 902 4506 ubi
918 4451 989 4506 sunt
1002 4441 1142 4505 autiscia.
1188 4443 1218 4505 A
1238 4462 1330 4506 cause
1352 4444 1441 4524 primi

112 4543 183 4601 otus
207 4544 279 4599 sunt
309 4536 439 4600 entiscia
470 4545 574 4619 partes
602 4534 731 4608 zodiaci,
766 4551 824 4595 nou
848 4533 964 4596 ratione
998 4531 1128 4595 siderum
1146 4531 1310 4597 mobilium.
1356 4532 1439 4613 Ergo

131 4625 300 4690 directione
325 4628 517 4689 ascendentis
542 4634 573 4688 et
595 4626 638 4688 M.
664 4623 700 4688 C.
723 4631 797 4705 puto
821 4620 881 4683 vinu
918 4640 986 4683 ease
1009 4640 1167 4703 magmm,
1200 4628 1234 4684 at
1256 4639 1314 4683 ιιι
1338 4621 1368 4684 in
1388 4621 1437 4685 di·

112 4715 214 4780 ιιὶιιι
238 4713 320 4778 Solis
344 4723 376 4779 ιι
398 4714 539 4778 Veneris.
1208 4771 1212 4777 ι

149 4822 336 4875 Fabricius:
364 4819 514 4885 Quaeritur,
542 4834 576 4871 sn
595 4819 738 4884 acllpses
757 4815 821 4868 Solis
839 4822 866 4868 ιι
882 4814 971 4868 Lunae
996 4831 1022 4869 rc
1043 4828 1104 4869 rere
1123 4814 1255 4882 mettica
1273 4817 1337 4868 stris
1354 4822 1437 4870 ιιιιι·
1554 4861 1557 4864 ,
