3278 5542
606 352 728 403 derebus
748 353 908 418 astrologicis.
1371 352 1437 421 321-

146 508 362 560 Fabricius:
391 507 540 569 Quaeritur,
568 523 601 558 ru
619 510 705 573 magnl
732 516 758 559 st
776 510 883 559 diuturni
902 513 1005 560 rentl
1030 512 1083 562 siue
1111 516 1218 564 materia
1244 529 1298 564 esse
1324 514 1439 580 possluti

110 578 152 630 de
172 581 242 628 renti
259 580 333 630 subiti
352 594 383 630 ex
400 579 468 629 claro
487 579 565 637 coslo,
585 580 624 630 rel
643 595 673 630 ax
692 581 784 645 exigua
796 581 918 644 particula
936 582 1016 638 nubis,
1035 585 1060 632 iu
1073 583 1150 634 Inui·
1162 587 1269 636 maxime
1282 585 1439 639 saevientes?
1489 630 1492 635 ,

110 663 127 700 c
151 649 292 716 prodigium
312 650 378 714 apud
396 666 436 700 ma
454 653 536 715 potius
556 657 607 708 est,
636 665 710 714 quarn
728 658 757 700 ut
778 652 809 701 ad
835 652 950 714 physicas
975 654 1083 704 rationes
1110 656 1195 706 reterri
1219 658 1305 721 possit
1342 656 1438 712 Suntne

110 728 135 772 *a
157 721 278 786 planetas
297 728 419 771 certorum
437 729 565 771 ventorum
583 720 707 772 motorssl

166 809 369 889 Keplerus:
394 810 440 870 De
464 811 573 884 ventis,
599 829 682 889 rogo,
707 809 807 873 iudica
827 809 988 890 diligenter
1012 821 1100 874 notas
1116 833 1218 877 omues
1237 816 1437 880 circumstan-

110 917 134 959 s
165 898 225 961 loci
259 906 291 959 et
313 908 481 961 ventorum.
529 898 681 960 Videntur
713 898 756 959 illi
789 898 918 959 diuturni
953 901 1033 961 venti
1067 902 1115 964 vel
1148 904 1333 966 adiutoruis
1367 904 1439 967 alibi

110 987 194 1050 rviis
220 1006 297 1060 esse,
322 988 370 1048 vel
395 988 459 1049 loco
485 1007 595 1049 earum.
644 986 716 1049 Sine
740 987 868 1049 materia
892 1005 963 1047 vero
987 988 1037 1068 qui
1050 991 1178 1068 possint,
1202 993 1251 1072 qui
1271 1002 1342 1055 suut
1355 1013 1437 1056 mera

110 1076 228 1138 teria?
273 1077 340 1156 Ego
364 1096 437 1137 sane
462 1077 571 1152 nescio,
598 1077 667 1156 quid
692 1077 733 1137 sit
755 1076 809 1137 illa
833 1075 914 1136 sicca
938 1076 1092 1138 exhalatio
1116 1079 1172 1140 uisi
1196 1092 1352 1143 ventorum
1368 1102 1433 1144 ma·
1523 1117 1529 1125 .

110 1166 164 1227 ia.
215 1166 330 1245 Magna
352 1166 471 1227 videtur
495 1167 523 1227 in
548 1166 604 1226 hac
629 1166 766 1227 doctrina
790 1164 951 1225 etiamnum
977 1165 1148 1228 obscuritas
1178 1176 1209 1230 et
1242 1169 1432 1246 incertitudo,

110 1255 216 1318 leuda
230 1254 416 1315 creberrimis
432 1254 646 1334 experimentis
661 1255 755 1315 totius
771 1252 861 1316 orbis.
886 1253 930 1312 Tu
945 1253 1037 1332 igitur
1051 1255 1080 1315 iu
1092 1254 1299 1320 collectionem
1309 1259 1433 1322 enitere.

165 1343 215 1404 De
244 1342 424 1422 prodigiosis
458 1343 518 1405 illis
542 1343 641 1404 ventis
671 1342 760 1420 plane
786 1342 883 1402 simile
908 1341 1026 1404 videtur
1054 1344 1082 1405 iu
1107 1345 1191 1407 libris
1214 1345 1346 1424 Regum,
1380 1348 1435 1410 sub
1530 1367 1550 1421 ι·

110 1436 142 1494 la
168 1433 331 1512 prophete.
379 1433 461 1493 Nihil
485 1450 609 1511 possum
632 1431 758 1492 rationis
782 1431 900 1501 afferre,
924 1431 981 1491 uisi
1006 1432 1077 1492 mihi
1101 1443 1221 1496 constet
1245 1435 1281 1495 de
1305 1437 1434 1498 circum-

110 1522 214 1584 mtiis.
261 1521 417 1581 Nubecula
441 1521 582 1581 indicium
607 1519 819 1589 exhalationis,
845 1537 1020 1579 uon-causa
1043 1538 1111 1581 esse
1134 1522 1263 1585 videtur.

164 1610 202 1671 Iu
229 1607 358 1688 Styria
381 1626 467 1669 mous
491 1617 539 1668 est
563 1607 741 1681 schekel,
781 1606 880 1686 quisi
905 1625 938 1666 se
963 1607 1077 1668 vestiat
1101 1608 1209 1689 exiguo
1232 1611 1326 1691 pileo,
1352 1619 1436 1675 certa

110 1698 216 1761 minet
242 1697 384 1776 procella.
431 1697 490 1757 Est
522 1715 607 1757 mons
635 1703 815 1775 praeruptae
848 1700 880 1754 et
909 1693 1047 1756 immanis
1072 1696 1255 1773 altitudinis,
1289 1718 1434 1780 superaus

110 1787 271 1850 itudiuem
304 1785 563 1865 circumjectorum
587 1784 747 1856 montium,
783 1783 832 1862 qui
856 1801 928 1842 sane
961 1801 1019 1843 non
1045 1793 1115 1846 sunt
1138 1786 1277 1861 humiles,
1312 1788 1435 1852 dimidio

110 1876 247 1938 sdraute
267 1873 402 1934 milliaris
426 1892 539 1953 germ,
565 1872 669 1934 habito
692 1882 831 1953 respectu
856 1870 1022 1951 superficiei
1046 1892 1156 1935 curvae
1172 1875 1293 1937 Terrae.
1340 1877 1374 1939 Iu
1399 1894 1435 1938 eo

110 1954 290 2028 servatione
314 1962 510 2023 rotunditatis
535 1962 647 2023 Terrae
681 1981 735 2040 per
758 1969 875 2021 montes
900 1959 964 2020 sine
990 1961 1073 2022 coelo
1098 1963 1250 2038 instituta,
1280 1973 1314 2027 ut
1337 1965 1435 2027 obiter

133 2052 306 2126 oblectem,
341 2051 401 2113 vidi
435 2051 530 2113 multa
559 2051 703 2130 jucunda.
750 2050 851 2111 Primo
880 2067 946 2110 cum
971 2050 1201 2113 ascenderemus
1234 2054 1352 2115 aestivo
1376 2053 1435 2126 die,

110 2161 175 2204 rus
203 2149 269 2200 erat
292 2149 324 2201 et
348 2140 480 2201 fervidus
505 2147 573 2213 aem
597 2148 759 2219 postquam
779 2139 808 2201 in
832 2157 946 2198 summo
964 2140 1119 2200 columnae
1140 2140 1331 2215 sistebamus,
1356 2142 1436 2203 iufra

110 2240 210 2292 mtem
233 2229 381 2308 paulatim
404 2227 475 2289 oriri
499 2229 608 2290 nubes:
634 2235 700 2289 erat
722 2226 834 2300 Gratii,
858 2245 934 2306 quae
950 2227 1045 2288 distat
1069 2225 1291 2303 2milliaribus,
1316 2240 1434 2310 tempe-

110 2339 138 2382 ra
167 2336 371 2398 magnacum
394 2317 575 2399 tonitrubus,
600 2335 676 2397 quae
700 2336 754 2376 nos
779 2334 836 2377 uon
861 2315 1084 2391 exaudivimus;
1117 2318 1217 2378 omnia
1245 2318 1324 2380 iulia
1347 2319 1434 2381 vide-

110 2426 193 2470 mus.
243 2406 404 2468 lnferiores
429 2418 562 2480 montes,
596 2404 634 2465 ad
659 2425 733 2484 quos
758 2413 824 2466 erat
851 2402 1079 2478 collimandum‚
1109 2406 1239 2485 rualigne
1271 2427 1327 2488 per
1358 2406 1435 2469 cali-

110 2507 202 2559 utem
236 2504 267 2556 et
300 2497 495 2575 fumigantem
531 2501 630 2556 aerem
668 2495 882 2566 cernebantur;
921 2492 1058 2554 discussa
1096 2503 1280 2574 tempestate
1303 2497 1435 2558 melius.

112 2585 220 2646 dimus
239 2585 331 2663 juxta
354 2592 386 2645 et
408 2585 487 2646 infra
511 2603 565 2645 nos
589 2583 755 2663 pendentes
780 2583 808 2644 in
834 2587 903 2642 aere
928 2583 1031 2656 nubes,
1057 2582 1236 2645 horrendum
1261 2584 1380 2647 hiantes
1405 2593 1437 2646 et

110 2673 218 2735 manis
243 2673 419 2734 celeritatis.
467 2672 575 2735 Adhuc
600 2668 719 2750 semper
733 2670 819 2733 nobis
836 2668 890 2732 Sol
914 2670 1042 2731 luxerat.
1091 2671 1199 2733 Subito
1216 2672 1333 2746 nebula,
1360 2692 1436 2755 quae

112 2763 166 2823 asi
191 2760 303 2823 furiata
326 2762 371 2822 ita
395 2764 507 2841 impetu
531 2760 684 2821 serebatur
709 2781 727 2820 a
748 2760 900 2822 radicibus
925 2760 1034 2819 rnontis
1065 2761 1103 2819 ad
1132 2762 1247 2823 culmen
1277 2764 1376 2841 ejecta
1405 2771 1436 2822 et

110 2870 131 2911 a
161 2851 282 2931 oblique
316 2851 436 2912 radens.
493 2851 577 2911 lutra
601 2848 745 2928 temporis
770 2857 921 2909 momenta
948 2848 1011 2926 jam
1040 2849 1142 2928 pluvia
1173 2858 1205 2910 et
1234 2850 1431 2930 frigidissima

109 2939 174 3000 ixta
197 2939 352 3017 grandine.
399 2940 458 3002 Ubi
482 2939 563 3000 latus
587 2939 618 2998 id
642 2958 660 2998 a
684 2938 792 2998 nebula
808 2938 864 2997 l'uit
878 2944 1034 3008 retectum,
1060 2956 1117 3017 quo
1137 2938 1230 2999 monti
1251 2948 1429 3019 prospectus

110 3039 165 3088 stet
189 3029 276 3105 longe
301 3029 330 3089 in
355 3029 519 3108 Ungariam
544 3038 575 3089 et
599 3027 672 3087 lines
696 3026 849 3101 Turcicos‚
875 3024 1051 3086 admirabile
1069 3027 1284 3105 spectaculum.
1333 3028 1433 3108 Supra

110 3132 141 3175 ns
160 3128 228 3179 erat
250 3117 370 3187 nebula,
393 3118 508 3178 coelum
532 3115 721 3188 obnubilans,
747 3115 825 3176 iulra
840 3133 893 3174 nos
917 3114 1086 3175 clarissima
1101 3116 1160 3177 lux.
1207 3115 1261 3178 Sol
1275 3118 1355 3179 enim
1369 3126 1432 3179 tum

110 3203 211 3267 icissim
245 3205 396 3285 regionem
434 3206 601 3285 subjectam
639 3205 822 3288 illustrabat.
879 3203 963 3263 Haec
997 3204 1072 3264 adeo
1111 3205 1215 3277 lbrtis,
1254 3215 1286 3267 ut
1322 3224 1430 3267 averso

110 3309 193 3375 epyro
226 3295 345 3355 omnino
377 3295 445 3374 plus
480 3295 554 3355 lucis
584 3292 719 3355 aTerra
753 3293 952 3367 allaberetur,
987 3310 1074 3372 quam
1108 3294 1237 3373 desuper
1264 3316 1283 3356 a
1311 3294 1430 3357 nebula.

110 3382 290 3457 plaudebant
313 3392 413 3445 autem
437 3384 571 3459 flumina,
606 3383 742 3460 quemvis
767 3381 886 3442 turbida
910 3390 995 3455 tunc,
1025 3382 1201 3444 clarissime.
1248 3382 1308 3445 Est
1331 3394 1432 3446 autem

110 3470 183 3535 tillo
208 3481 309 3534 monte
334 3491 455 3552 vorago,
490 3469 643 3550 ἄβυσσος,
671 3471 748 3532 unde
773 3471 847 3532 adeo
872 3469 994 3530 crebrae
1021 3480 1235 3550 tempestatum
1259 3472 1431 3534 exhalatio·

110 3571 150 3634 2⁸,
180 3570 214 3624 ut
239 3564 321 3624 lama
344 3561 506 3623 obtinuerit
530 3560 754 3640 antiquissima,
789 3559 927 3636 conjectu
953 3559 1047 3638 lapilli
1071 3560 1248 3638 grandinem
1272 3562 1355 3635 elici;
1388 3580 1431 3622 sc.

110 3642 150 3708 lia
172 3652 249 3713 adeo
270 3650 374 3712 crebro
398 3649 572 3729 grandinat,
599 3649 661 3708 sive
687 3648 781 3728 lapilli
805 3646 1012 3725 conjiciantur,
1038 3647 1102 3708 sive
1126 3667 1201 3722 non;
1234 3650 1310 3709 hanc
1335 3650 1433 3710 famae

110 3741 288 3821 ³«ceptionem
312 3758 380 3800 esse
403 3747 487 3819 puto.
535 3739 600 3799 Nos
625 3739 703 3798 enim
728 3754 848 3817 specum
872 3755 929 3796 nou
950 3735 1116 3797 invenimus
1140 3744 1171 3797 et
1195 3746 1293 3797 tamen
1318 3737 1433 3816 grando

111 3816 145 3899 fl,
170 3828 229 3891 uisi
254 3830 331 3890 forte
355 3827 420 3907 ipso
445 3844 573 3888 ascensu
597 3825 812 3887 irritaverimus
837 3832 969 3885 montem
985 3823 1111 3885 scilicet.
1157 3825 1224 3886 Hac
1243 3826 1344 3906 itaque
1360 3845 1432 3887 nar-

110 3910 247 3979 tiruncula
270 3926 339 3978 tuas
363 3914 556 3996 quaestiones
581 3915 720 3976 claudere
745 3913 834 3975 volui.

151 4022 345 4075 Fabricius:
370 4021 461 4071 Literis
479 4021 528 4070 tuis
547 4021 745 4070 dissertationem
765 4019 991 4084 cosmographicam
1010 4018 1121 4084 adiunge,
1144 4027 1170 4071 et
1193 4020 1313 4070 derebus
1332 4035 1363 4071 ac
1381 4029 1434 4073 rtu-

110 4097 194 4146 ⁸tuir
214 4110 254 4144 me
272 4095 314 4142 lac
333 4095 469 4143 certiorem.
506 4091 554 4142 Hic
572 4092 647 4141 miser
664 4099 745 4141 status
764 4097 811 4147 est,
831 4098 856 4140 et
869 4091 952 4139 omnia
965 4091 1124 4153 perturbatur
1144 4098 1314 4155 exspectamus
1327 4095 1435 4157 quotidle

110 4152 177 4228 num,
197 4181 248 4215 non
267 4170 365 4213 tautum
385 4178 401 4213 s
419 4163 550 4213 rebellibus
568 4162 740 4219 Emdensibus,
760 4161 804 4211 sed
821 4164 954 4226 praecipue
973 4160 1097 4216 ordinibus
1106 4161 1264 4212 Hollaudiae.
1301 4163 1382 4214 Pestis
1395 4165 1435 4215 hic

110 4222 150 4284 lde
176 4239 273 4297 suerit,
299 4237 358 4299 quia
382 4237 408 4284 iu
427 4236 507 4299 figure
524 4234 618 4283 vernali
646 4235 714 4284 locus
732 4247 812 4282 uorsa
831 4233 919 4282 stellae
937 4229 975 4292 (iu
995 4231 1093 4297 Cygno)
1116 4236 1139 4282 iu
1159 4233 1204 4283 VI.
1224 4234 1304 4283 domo.
1343 4236 1436 4287 Stellae

110 4309 159 4360 'le
177 4316 273 4358 natura
289 4305 415 4356 Martialis
434 4312 480 4355 ast.
519 4303 571 4366 (De
590 4304 637 4354 hac
656 4305 729 4354 stella
747 4317 811 4368 quaa
829 4305 957 4353 Fabricius
976 4303 1086 4364 addidit,
1111 4305 1166 4354 vida
1184 4305 1210 4355 lu
1227 4306 1288 4355 libro
1308 4307 1338 4356 da
1358 4307 1437 4357 Stella

110 4380 174 4438 ui,
203 4394 277 4444 quem
295 4376 421 4441 Keplerus
439 4377 553 4439 adjunxit
579 4377 640 4425 libro
659 4391 703 4425 suo
723 4377 753 4425 de
773 4375 852 4425 Stella
869 4389 935 4423 nora
954 4371 1044 4434 tuot.)
1081 4375 1154 4426 Mitte
1173 4375 1248 4436 mihi,
1276 4393 1341 4441 quae
1359 4377 1436 4428 habes

110 4444 229 4516 “logica
248 4457 275 4499 et
291 4448 492 4513 meteorologica.

145 4519 225 4572 Hisce
242 4519 307 4577 sala,
326 4521 382 4583 rige
401 4524 427 4569 et
444 4519 504 4568 dore
523 4517 727 4568 excellentissime
745 4517 852 4567 Domine
871 4516 988 4579 Kaplere.

897 4586 931 4637 Η.
950 4586 1020 4638 Tuae
1039 4589 1267 4638 ubsenaudssimus
1285 4587 1317 4637 D.
1336 4589 1364 4638 1¹¹.

150 4663 285 4716 Dabuntur
303 4659 484 4712 Resterhsrise
504 4658 545 4710 ll.
565 4663 630 4728 Aug.
654 4655 729 4708 ¹6⁰2.

166 4753 374 4833 Keplerus:
399 4750 433 4811 lu
446 4749 635 4812 conclusione
652 4766 775 4811 causam
784 4749 881 4829 pestis
897 4756 1018 4810 vestrae
1029 4748 1165 4810 adducis.
1203 4748 1270 4827 Ego
1281 4749 1358 4810 alias
1373 4768 1392 4810 a
1406 4758 1437 4810 te

110 4848 236 4923 Bspecto.
282 4840 387 4920 Rogo,
411 4839 542 4912 scribas,
567 4839 616 4921 qui
640 4837 723 4900 venti
747 4846 780 4900 ut
802 4838 960 4918 plurimum
978 4838 1128 4900 ssaveriut.
1176 4835 1306 4903 Videtur
1328 4839 1440 4903 malum

135 4942 336 5033 mpmopmt
1192 4939 1226 4997 at
