3278 5542
222 294 267 362 58
553 354 558 369 ,
821 296 983 347 Prooemium.

224 457 347 524 Vergilio,
373 458 494 523 Episcopo
519 457 700 522 salisburgensi
725 469 821 521 quoqne
846 455 894 506 init
917 456 1028 507 adversa.
1064 455 1123 514 iiic,
1141 460 1265 509 Aventino
1287 459 1328 509 lib.
1348 456 1364 507 8
1383 462 1449 517 Anu.
1468 457 1583 520 Boiorum

223 546 243 580 e.
264 532 416 582 Bararorum
433 531 569 585 referente,
593 529 641 578 init
659 528 793 578 divinarum
819 527 1028 594 humanarumque
1046 543 1128 578 rerum
1145 531 1245 593 porinus.
1282 530 1355 581 Unde
1373 531 1404 581 ob
1422 529 1583 580 eruditionem

224 609 250 651 et
267 602 424 666 pmdentiam
442 603 592 667 singularem
611 601 678 651 brevi
696 599 844 663 principibus
861 600 1039 650 Carolomauuo
1057 606 1084 649 et
1100 600 1187 665 Pipino
1204 603 1345 652 munacius
1367 604 1394 653 iu
1417 601 1477 652 aula
1495 613 1582 663 aceep-

224 675 332 723 tissimus
350 674 410 723 init:
433 673 491 723 inde
511 673 577 736 apud
594 671 719 723 Utiionem
736 671 855 733 Bojariae
879 673 990 738 regulum
1008 674 1034 721 in
1052 686 1150 723 summa
1168 674 1316 724 auctoritate
1333 673 1434 724 habitus
1453 677 1501 722 est·
1535 669 1582 720 Hic

224 746 290 796 idem
308 746 334 794 iu
353 745 486 808 disciplinis
504 744 688 794 mathematicis
707 751 733 792 et
751 743 776 792 in
794 742 948 807 philosophia
964 744 1070 807 profana
1086 745 1175 810 magis,
1194 758 1268 810 quam
1287 751 1339 794 tum
1352 744 1489 794 chordam
1504 756 1583 791 mores

224 817 336 868 ierebaut
355 813 390 878 (h.
405 832 426 866 e.
446 831 521 881 qnam
538 816 603 865 illins
621 815 698 865 seculi
710 815 835 864 barbarios
848 812 916 877 tulit)
936 816 1053 874 eruditus,
1073 829 1206 882 earumque
1225 816 1372 866 certitudine
1390 817 1478 872 fratrs,
1497 819 1583 864 contra

224 890 362 953 opinionem
380 888 447 953 vulgi
467 894 493 938 et
511 889 588 937 etiam
600 886 741 951 Augustini,
760 885 888 935 Lactantii
907 893 932 937 et
951 887 1062 945 aliomm,
1080 888 1143 937 iorte
1159 887 1286 944 docuerat,
1304 888 1407 937 'i'esram
1425 900 1481 937 esse
1499 884 1581 950 giobo·

223 976 286 1017 sam,
305 961 376 1024 eique
395 960 502 1024 undique
517 958 679 1008 circumfundi
690 957 810 1007 homiues.
839 957 876 1006 Ex
894 973 941 1022 qno
960 960 1075 1024 seqnitur,
1095 959 1159 1023 quod
1177 961 1203 1010 in
1221 959 1299 1009 Terra
1316 960 1367 1008 sint
1384 957 1525 1023 auupodes,
1543 957 1582 1020 qni

224 1033 346 1083 conversis
364 1033 430 1081 inter
447 1046 475 1080 se
491 1031 595 1095 pedibus
613 1035 689 1084 stem,
708 1027 752 1078 &a
790 1028 845 1077 Hoc
868 1029 960 1095 dogma
983 1033 1020 1081 ita
1043 1037 1173 1094 acceptum
1197 1037 1249 1087 est,
1275 1031 1345 1096 quasi
1363 1030 1490 1095 Vergilius
1509 1027 1582 1078 oiim

223 1103 355 1155 muudum,
381 1103 441 1152 aiios
459 1103 505 1152 sub
524 1100 601 1152 Terra
618 1101 744 1157 homiues,
769 1100 845 1150 alium
864 1099 948 1152 Solem
966 1108 992 1152 et
1009 1102 1107 1151 Lunam
1126 1108 1237 1159 mearat,
1263 1102 1363 1167 qnidam
1382 1102 1496 1157 addunt,
1514 1100 1581 1164 quasi

224 1176 300 1226 alium
319 1173 441 1224 cifiomsn
459 1174 577 1224 inducere
595 1173 705 1223 soluerit.
739 1171 811 1222 Haec
829 1170 958 1223 Vmofrido
979 1170 1080 1238 (quiex
1098 1174 1191 1238 Augila
1212 1173 1328 1224 oriundus
1352 1172 1501 1222 aRomauo
1518 1169 1582 1221 Pou-

224 1247 291 1296 tifice
311 1246 446 1309 Episcopus
465 1251 491 1294 et
508 1244 627 1309 Legatos*
639 1242 795 1307 apostolicos
812 1258 857 1306 per
875 1244 1034 1295 Germaniam
1052 1245 1210 1310 designatus,
1233 1253 1259 1295 et
1276 1251 1372 1295 mutato
1390 1245 1491 1294 nomine
1508 1242 1580 1292 ilarii·

224 1319 304 1368 facins
321 1315 468 1380 appellatos,
487 1322 562 1380 atque
575 1330 592 1365 a
604 1315 784 1365 Carnlomanno
802 1322 828 1364 et
839 1314 926 1379 Pipiuo
941 1316 1139 1380 archiepiscopus
1151 1315 1311 1382 Moguntinus
1330 1316 1473 1366 declaratus
1491 1309 1581 1373 iona)

224 1390 278 1438 risa
297 1396 355 1436 sunt
372 1389 449 1452 impia
472 1393 498 1438 et
522 1386 690 1451 philosophiae
716 1386 813 1435 divium
835 1389 1009 1451 repugnantia
1048 1387 1156 1453 Cumque
1174 1390 1317 1439 Bonifatius
1336 1387 1377 1437 iile
1396 1386 1535 1452 Vergilium
1551 1383 1581 1434 ad

225 1459 397 1519 noscendum,
416 1460 486 1523 quasi
503 1460 557 1508 istis
574 1459 670 1508 naeniis
689 1463 715 1506 et
733 1457 900 1507 deliramentis
918 1459 1017 1509 sinum
1034 1465 1061 1508 et
1078 1459 1181 1523 simplex
1196 1459 1288 1510 Christi
1305 1460 1433 1523 sapientia
1449 1457 1580 1521 polluatur.

223 1530 365 1595 pertrahere
384 1546 432 1580 non
451 1536 543 1594 posset,
562 1531 614 1592 ipae
632 1544 685 1579 rem
703 1528 736 1577 ad
752 1527 901 1578 Zachariam
913 1529 1059 1580 Pontificem
1070 1530 1211 1581 mmmm
1229 1531 1317 1581 defert.
1345 1529 1396 1580 Sed
1414 1537 1441 1580 et
1459 1530 1509 1593 ipsi
1519 1527 1581 1578 roo

224 1603 285 1652 titini
302 1601 455 1665 philosophia
472 1601 575 1666 Vergilii
592 1602 640 1650 init
657 1604 788 1663 suspecta,
808 1600 913 1650 mandat
930 1603 1019 1665 igitrsr,
1043 1608 1072 1651 nt
1089 1601 1214 1666 Vergilius
1231 1602 1401 1667 philosophus,
1428 1603 1449 1649 si
1469 1599 1581 1650 neemia

225 1676 272 1730 sit,
298 1687 315 1722 a
336 1673 427 1735 templo
446 1672 494 1723 Dei
513 1679 540 1724 et
557 1673 664 1722 ecclesia
686 1671 839 1734 depellatur,
862 1673 1048 1736 sacerdotioque
1067 1674 1093 1722 iu
1112 1674 1214 1724 concilio
1235 1674 1376 1731 abdicetur,
1400 1672 1511 1722 siiliam
1530 1684 1581 1734 per·

224 1759 320 1796 versam
337 1744 474 1794 doctrinam
492 1744 567 1795 inerit
585 1744 719 1793 confessus.
756 1742 860 1805 iusuper
878 1742 971 1794 Utiloni
988 1744 1105 1807 Boiorum
1122 1745 1208 1810 regulo
1227 1745 1376 1802 denunciat,
1400 1752 1429 1793 ut
1447 1742 1583 1809 Vergilium

225 1816 331 1868 Romam
349 1817 447 1876 mittat,
466 1823 495 1866 ut
512 1816 545 1865 ibi
564 1829 647 1865 coram
665 1817 718 1878 ipso
737 1813 857 1864 Pontifioe
876 1815 998 1865 rationem
1016 1816 1104 1868 reddat
1122 1815 1167 1867 dio.

296 1890 395 1944 Annon,
415 1889 506 1950 optime
517 1888 603 1944 lector,
623 1885 782 1942 existimabis,
801 1885 846 1935 hos
863 1886 928 1935 sedis
947 1887 1097 1950 apostolicae
1113 1895 1140 1938 et
1151 1887 1407 1952 archiepiscopatuum
1424 1886 1492 1936 iilius
1509 1885 1584 1936 secui

224 1961 358 2016 moseos,
385 1959 449 2011 adde
474 1960 549 2010 edam
572 1958 727 2013 cardinales,
754 1963 780 2007 et
804 1971 961 2022 quoscunque
983 1959 1009 2007 in
1033 1961 1183 2009 comistoriis
1201 1961 1252 2009 suis
1273 1960 1307 2010 sd
1324 1959 1463 2009 decisiones
1483 1971 1585 2007 emam

224 2032 351 2085 dubiorum
364 2031 515 2081 consiliarios
531 2029 702 2084 adhibuerunt,
723 2043 752 2079 ex
770 2029 847 2078 tririis
866 2029 940 2079 inisse
959 2031 1072 2092 abreptos
1085 2038 1111 2080 et
1122 2031 1155 2081 ad
1167 2031 1264 2081 illarum
1276 2032 1426 2095 dignitatum
1444 2035 1472 2080 et
1491 2029 1584 2079 officio·

224 2120 277 2156 rum
295 2103 397 2167 iutiqia
420 2101 538 2154 coecus?
563 2103 653 2167 quippe
671 2102 712 2166 qui
730 2114 761 2150 ex
784 2101 949 2151 astronomiae
967 2102 1049 2163 primis
1067 2103 1211 2153 rudimentis
1230 2110 1256 2152 et
1273 2101 1445 2167 geographicis
1464 2100 1584 2165 aliquibus

225 2175 397 2238 experimentis
421 2181 520 2224 tantum
539 2174 681 2225 eruditionis
699 2187 748 2221 uon
766 2171 915 2227 hauserunt,
943 2186 1017 2236 quam
1036 2187 1066 2222 ex
1084 2174 1137 2223 sola
1154 2170 1196 2235 (ut
1213 2174 1275 2224 alias
1294 2173 1432 2223 subtiliores
1451 2185 1584 2238 argumen-

224 2247 333 2297 tationes
352 2260 435 2294 omues
453 2247 494 2297 hic
512 2241 624 2305 mosam)
650 2244 747 2296 diversa
771 2243 924 2308 longitudine
943 2243 1037 2292 dierum
1056 2246 1202 2295 moerorum
1221 2251 1247 2295 et
1264 2245 1419 2295 hibernorum
1437 2245 1466 2293 in
1485 2243 1584 2293 dne&

224 2318 299 2373 locis,
318 2332 339 2364 r.
359 2332 385 2382 g.
403 2316 500 2366 Romae
517 2318 544 2366 in
561 2316 653 2370 italia,
670 2314 816 2380 linguntiae
834 2315 861 2363 iu
879 2314 1029 2371 Germania,
1055 2323 1080 2364 et
1104 2317 1130 2365 iu
1148 2317 1240 2382 Augila
1257 2315 1379 2366 Vinoiridi
1397 2330 1441 2365 seu
1459 2313 1581 2365 Bonias'a

225 2389 314 2453 patris,
334 2389 475 2437 ratiocinari
492 2392 601 2450 possent,
620 2387 711 2436 Terrae
730 2385 884 2449 superficiem
901 2400 951 2435 uon
970 2401 1024 2435 esse
1042 2386 1151 2450 planam,
1170 2395 1196 2437 ot
1214 2403 1278 2452 quae
1291 2388 1350 2439 inde
1363 2387 1508 2436 necessario
1522 2398 1580 2435 aaa·

226 2464 369 2524 sequuntur.
399 2457 503 2522 Sapiens
522 2473 580 2523 ergo
598 2458 741 2522 ignorantia
758 2458 818 2505 istos
839 2458 965 2520 sapientes
986 2459 1111 2508 autentas
1131 2459 1236 2523 decepit,
1255 2465 1334 2509 ntea
1351 2472 1406 2508 esse
1424 2459 1511 2522 impia,
1529 2470 1583 2519 pro·

225 2531 301 2586 iana,
331 2528 429 2578 dirime
451 2528 619 2593 philosophiae
646 2528 826 2593 repugnantia,
853 2542 908 2578 esse
935 2530 1040 2578 naenias
1067 2536 1093 2578 et
1118 2530 1295 2590 deliramenta,
1320 2544 1385 2594 quae
1410 2531 1534 2579 sinceram
1560 2536 1586 2577 et

225 2601 360 2664 simplicem
379 2599 468 2650 Christi
487 2601 635 2664 sapientiam
653 2599 766 2663 polluant
784 2605 811 2649 et
829 2601 1008 2657 contaminent,
1025 2603 1224 2664 pronunciarent,
1245 2604 1377 2666 quaejam
1396 2601 1453 2649 oiim
1473 2614 1491 2651 a
1507 2598 1584 2664 abiit·

226 2672 308 2736 sophis
325 2671 425 2721 fuerunt
443 2673 515 2723 docte
534 2672 703 2722 demonstrata
722 2671 790 2722 etin
809 2671 944 2722 trivialibus
968 2672 1057 2722 scholis
1080 2673 1188 2731 tradita,
1211 2673 1284 2723 hodie
1306 2686 1363 2723 rero
1387 2672 1460 2721 utilia
1480 2670 1586 2735 emplius

226 2745 321 2809 argutis
337 2744 566 2794 ratiocinationibus
583 2744 772 2808 investigantur,
791 2742 836 2792 sed
854 2743 1029 2807 multiplicibus
1048 2745 1220 2808 experimentis
1238 2760 1268 2794 ea
1286 2744 1385 2807 Europa
1404 2745 1430 2792 in
1447 2756 1541 2800 nuru,
1559 2746 1588 2791 ut

227 2822 326 2871 vocant,
344 2820 422 2866 terras
441 2818 582 2866 Amerinam
600 2821 626 2864 et
644 2814 708 2865 Peru
726 2812 803 2878 (qnae
821 2814 878 2864 olim
896 2831 946 2864 non
964 2816 1164 2866 irrationabiliter
1183 2815 1259 2880 Ophir
1276 2816 1345 2865 dicta
1362 2811 1491 2875 censetur)
1516 2813 1586 2864 nari·

226 2888 339 2953 gantiam
357 2887 427 2952 lippis
447 2896 472 2937 et
489 2888 627 2938 tonsoribus
645 2892 704 2936 sunt
722 2887 830 2952 cognita
861 2886 964 2936 Interim
983 2894 1068 2938 autem
1085 2888 1162 2937 bonus
1179 2887 1220 2937 ille
1240 2893 1266 2936 et
1283 2887 1370 2937 doctus
1383 2885 1510 2950 Vergilius
1526 2884 1586 2934 hae·

225 2973 308 3010 meos
334 2958 381 3008 luit
406 2960 546 3009 damnatus.
582 2958 638 3009 Hoc
663 2958 730 3009 idem
756 2972 824 3009 nuuc
851 2957 986 3022 Copemico
1012 2960 1136 3024 ipsiusque
1161 2959 1325 3009 muouomiae
1354 2970 1385 3007 ex
1409 2955 1588 3020 hypomeaibus

227 3029 344 3081 wciditst‘
364 3055 399 3065 -

296 3101 354 3151 Huc
372 3116 449 3167 usque
470 3100 627 3153 blaestlinns.
665 3099 809 3151 mansimus
828 3099 861 3150 ad
879 3100 937 3151 alia

297 3243 321 3294 J.
343 3243 589 3313 aristocreon
616 3245 647 3294 ab
673 3242 894 3307 Hohenburg,
920 3243 1044 3292 Basariao
1070 3243 1246 3302 cancellarius,
1272 3241 1350 3292 multa
1373 3256 1417 3306 per
1434 3240 1590 3306 literassqit

230 3329 287 3365 oum
305 3314 430 3378 Keplero,
454 3329 539 3379 quem,
565 3331 595 3365 ex
618 3331 665 3381 quo
684 3313 843 3364 Prodromnm
867 3315 976 3379 legerat,
1001 3315 1102 3363 maximi
1128 3315 1195 3364 iecit.
1232 3313 1286 3363 Vol.
1306 3312 1348 3363 IX.
1368 3313 1588 3376 mannsofipcorum
1612 3310 1615 3315 ’

227 3384 339 3450 Kepleri,
358 3400 422 3451 quae
435 3386 558 3450 Petropoli
571 3391 756 3442 conservantur,
776 3386 873 3436 exhibet
891 3386 937 3434 has
954 3385 1049 3441 literas,
1069 3401 1099 3435 ex
1111 3393 1182 3448 parte
1200 3386 1299 3450 quidem
1317 3400 1373 3435 cum
1391 3383 1587 3447 responsionem

227 3455 345 3522 Kepleri,
369 3457 441 3508 datas
461 3458 492 3507 ab
511 3457 567 3509 Oct
587 3460 646 3508 anni
667 3454 831 3521 libiaeque
851 3457 883 3507 ad
902 3456 964 3505 Deo.
986 3452 1062 3504 1609.
1100 3457 1176 3509 Hand
1192 3459 1317 3522 ingratum
1336 3458 1383 3507 erit
1400 3453 1584 3511 lenonumsi

230 3543 269 3586 oa,
289 3543 354 3594 qnae
371 3530 498 3594 pertinent
515 3530 548 3580 ad
565 3530 630 3579 haec
647 3530 824 3590 manuscripta,
843 3528 952 3591 pluribus
971 3530 1096 3591 proposita
1112 3527 1236 3578 habeant:

298 3599 408 3665 Kepleso
426 3606 521 3650 mortuo
542 3597 638 3662 11630)
657 3601 722 3650 filios
734 3598 914 3649 Ludosicus
933 3606 1037 3648 conatus
1055 3607 1094 3648 est
1113 3614 1152 3656 ea,
1172 3614 1235 3663 quae
1254 3605 1342 3649 noman
1360 3599 1473 3663 digniora
1492 3599 1589 3648 iusim

229 3673 306 3736 patris
324 3672 416 3724 relictis
434 3674 623 3736 maumcriptis,
641 3672 758 3735 colligere
777 3679 803 3721 et
820 3672 884 3734 typis
903 3671 1030 3721 mandare.
1066 3671 1159 3720 Prodih
1177 3685 1242 3720 auno
1262 3668 1331 3719 1631
1351 3684 1411 3735 opus
1429 3669 1589 3733 inscriptmu:

231 3742 401 3804 „Somnium
419 3759 464 3795 seu
482 3744 517 3794 de
537 3745 737 3794 astronomia
755 3741 880 3793 Lunari.
917 3742 1077 3806 Divulgatum
1096 3757 1113 3792 a
1130 3742 1164 3791 Μ.
1185 3742 1248 3791 Lud.
1268 3741 1393 3805 Keppiero
1412 3739 1489 3799 Filio,
1510 3739 1589 3791 lisa

229 3817 301 3867 cinae
316 3815 479 3866 cmdidsto.“
514 3815 653 3879 Adiunctus
671 3822 710 3866 ost
726 3814 783 3864 huic
797 3815 913 3878 opusculo
934 3813 1130 3863 „Plutarchi
1149 3813 1243 3863 libellus
1262 3814 1293 3863 de
1311 3814 1385 3870 iacie,
1404 3825 1468 3877 quae
1488 3812 1516 3862 in
1533 3810 1591 3872 orbe

228 3885 316 3938 Lanae
339 3893 455 3951 apparet,
481 3889 610 3938 eGroeco
628 3887 724 3937 lacunis
743 3886 893 3946 deformato,
919 3886 997 3935 latine
1015 3885 1123 3935 redditus
1150 3884 1194 3936 hc.
1219 3899 1235 3934 a
1258 3884 1275 3933 J
1283 3898 1390 3934 oanne
1415 3882 1591 3947 Keppiere

230 3956 439 4017 Mathematico“,
458 3973 572 4008 necnon
593 3959 768 4008 annotationes
785 3957 887 4020 Kepleri
907 3957 939 4006 ad
957 3964 1086 4019 utrumque
1104 3956 1219 4007 libellum.

301 4029 356 4079 Hoc
373 4029 434 4079 libro
453 4035 555 4093 excepto
574 4030 712 4079 Lndonous
730 4030 901 4091 manuscripta
918 4029 996 4092 patris
1015 4028 1113 4076 intacta
1130 4028 1238 4092 reliquit,
1258 4041 1337 4091 eaque
1356 4027 1417 4076 emit
1435 4024 1534 4076 celeber
1551 4023 1593 4076 iiie

232 4105 385 4150 astronomus
397 4099 567 4151 Dantiscauus
585 4100 601 4151 J
607 4115 629 4149 o.
650 4100 828 4160 Herelius,
847 4101 887 4164 qui
905 4099 969 4148 haec
988 4098 1018 4146 de
1036 4098 1084 4146 iilis
1098 4099 1236 4149 Londinum
1255 4099 1396 4149 nunciavit:
1416 4096 1509 4147 Omnia
1519 4096 1592 4161 Kep-

230 4169 276 4221 leri
287 4174 457 4236 mauuscripta
474 4172 505 4222 ab
522 4171 668 4222 haeredibus
687 4176 755 4220 certo
773 4172 850 4233 pretio
870 4172 973 4230 obtinui,
993 4176 1045 4218 tum
1064 4183 1139 4233 opera
1153 4173 1207 4233 jam
1225 4172 1301 4225 edita,
1319 4179 1372 4220 tum
1390 4167 1513 4233 quaedam
1530 4167 1590 4219 baa

232 4247 304 4292 unus
322 4243 432 4301 ineditas
450 4245 514 4294 iuter
533 4250 618 4293 cetera
634 4245 690 4306 ipsa
708 4240 867 4304 epistolarum
880 4244 987 4292 omnium
1007 4236 1121 4305 (quarum
1133 4257 1238 4307 magnus
1251 4237 1379 4301 numerus)
1398 4240 1431 4291 ad
1450 4240 1511 4289 clar.
1529 4240 1595 4291 viras

231 4313 378 4377 scriptorum
404 4315 573 4381 autographa,
602 4329 658 4365 eum
682 4313 837 4377 plurimorum
864 4313 928 4362 illius
954 4313 1070 4376 temporis
1092 4313 1126 4363 iii.
1152 4316 1255 4363 morum
1280 4312 1486 4377 responsionibus.
1524 4310 1596 4362 luter

231 4386 402 4449 manuscripta
418 4385 462 4435 ilia
478 4388 636 4437 inveniuntur
653 4400 715 4436 saue
734 4399 798 4449 quae
816 4385 897 4435 iucem
916 4391 1054 4434 merentur.
1082 4400 1130 4434 non
1157 4386 1234 4435 solum
1252 4385 1371 4449 plurimae
1390 4383 1525 4448 epistolae,
1547 4383 1597 4435 sed

235 4461 262 4506 ot
279 4470 355 4520 opera
372 4456 495 4522 quaedam
513 4456 557 4508 hc.

303 4526 370 4578 nnio
388 4528 507 4592 opnaoiso
533 4525 571 4590 (in
588 4528 679 4578 Philus.
699 4527 829 4576 Transact.
848 4525 899 4582 IX,
928 4521 977 4572 102
1002 4541 1060 4575 aun.
1086 4523 1166 4589 1672)
1192 4527 1287 4578 addidit
1308 4527 1425 4577 Herelius
1450 4524 1598 4590 catalogum

234 4612 327 4656 eorum,
348 4614 428 4664 ,quae
446 4599 560 4649 imcicuii
578 4597 628 4648 22⁸⁴
649 4599 801 4649 conducant
838 4597 867 4647 in
886 4597 964 4647 literis
983 4598 1092 4659 ejusdem
1111 4598 1143 4648 ad
1163 4598 1218 4648 Chr.
1239 4597 1386 4655 Plautaium,
1406 4597 1473 4660 Lips.
1493 4595 1597 4649 Pneu-

235 4683 314 4720 sorcm
333 4667 369 4732 (d
389 4671 412 4721 d.
433 4667 468 4718 ²0
487 4671 549 4722 Deo.
572 4667 666 4732 1681),
684 4670 748 4720 haec
766 4669 882 4734 legimus:
910 4667 1081 4733 Manuscripta
1099 4670 1145 4720 cei.
1164 4670 1187 4720 J.
1207 4671 1322 4734 Kepleri,
1342 4684 1405 4734 qnae
1423 4668 1509 4718 labore
1525 4668 1600 4719 haud

234 4741 302 4792 incili
329 4756 376 4792 nec
398 4741 538 4792 leviusculis
563 4743 682 4791 sumtibus
709 4742 740 4791 ab
759 4744 812 4803 ejus
831 4739 977 4789 haeredibus
996 4753 1012 4790 a
1034 4740 1142 4804 plurimis
1163 4745 1217 4804 jam
1242 4743 1313 4790 annis
1331 4743 1364 4791 rei
1383 4740 1511 4790 literariae
1530 4739 1600 4790 tono

233 4814 376 4878 impanari,
402 4814 577 4871 musederem3
601 4814 624 4865 si
648 4814 761 4865 nimirum
788 4813 917 4879 quisquam
940 4811 1065 4863 literarum
1083 4811 1260 4863 Maecenatem
1282 4813 1320 4864 rei
1343 4811 1476 4876 bibliopola
1493 4810 1599 4876 quidam
