3278 5542
651 298 682 345 de
701 297 774 345 rebus
792 298 954 362 marolegiam
1018 324 1022 333 ·
1421 295 1480 363 351

121 452 195 515 aliis
220 452 317 513 literis
340 454 385 531 (p.
411 447 503 531 339).
550 452 682 514 Videtur
708 473 745 513 ea
774 452 841 532 ipsa
870 472 939 514 esse
962 454 1062 532 regio,
1096 453 1175 514 unde
1207 455 1246 516 ad
1270 474 1325 515 nos
1352 455 1488 533 pervenit

120 548 236 603 ventus
253 540 437 615 „Nordost“
463 541 512 620 qui
536 560 657 622 semper
680 541 819 621 frigidus.
865 541 947 621 Ergo
972 542 1081 621 aliquis
1106 541 1145 603 ibi
1167 544 1251 604 culus
1276 544 1387 616 mnndi,
1411 544 1487 606 unde

120 640 190 691 tam
215 628 317 708 frigidi
340 630 432 691 venti.
479 629 548 690 Nou
573 631 666 709 liquet
690 650 743 691 nec
769 631 843 691 libet
867 631 894 691 in
921 650 982 691 rem
1006 640 1197 708 praesentem
1221 633 1333 693 venire.

197 717 382 768 Fabricius:
402 716 429 767 Si
447 717 531 768 cauda
548 725 700 768 cometarum
719 733 735 767 a
753 717 811 769 Sole
831 724 961 776 causatur,
988 734 1032 768 cur
1049 733 1099 768 nou
1117 726 1144 768 et
1163 720 1236 769 Luna
1254 720 1360 770 eandam
1380 722 1485 784 projicit,

120 805 181 841 cunr
199 805 251 838 uon
270 789 427 847 1111111111,
447 796 599 839 cometarum
618 803 720 853 corpora
738 805 787 839 uon
805 791 885 840 miuus
904 790 982 839 densa
1001 805 1064 849 esse,
1086 805 1159 855 quam
1180 790 1287 841 Lunae?

217 862 426 941 Keplerus:
460 862 506 922 De
531 862 578 923 his
608 880 665 923 non
688 863 778 944 plura
802 862 901 923 dicere
931 880 1068 941 possum,
1104 881 1191 941 qnam
1223 862 1252 923 in
1278 860 1406 942 Opticis.
1454 862 1487 923 Si

120 969 225 1031 opaca
248 960 352 1012 esseut
375 969 510 1029 corpora,
536 959 570 1012 ut
592 951 689 1024 Luna,
714 970 773 1011 non
798 951 979 1030 projicerent
1001 951 1140 1013 eandam.

196 1055 296 1106 Deinde
313 1057 395 1121 pergit
407 1055 573 1120 Keplerus.
594 1057 626 1106 ad
645 1057 707 1106 alias
720 1056 827 1106 Fabricii
840 1058 999 1121 quaestiones
1013 1056 1174 1121 respondens,
1193 1070 1258 1120 quae
1273 1072 1303 1106 ex
1315 1057 1373 1120 ipsis
1385 1069 1486 1121 respon

120 1127 235 1178 sionibus
253 1127 356 1191 Ksplerl
373 1128 511 1190 patebunt:

214 1216 262 1279 De
286 1216 405 1278 meanis
424 1216 695 1296 experimentisque
720 1215 848 1296 propriis
877 1215 1070 1279 commendas
1101 1217 1172 1278 mihi
1198 1217 1364 1278 Ptolemaei
1388 1216 1484 1296 apho-

121 1307 250 1369 rismum
274 1307 303 1366 iu
327 1303 558 1384 Quadripertita
588 1305 624 1365 de
648 1304 879 1384 coangulatioue
905 1305 1047 1366 siderum.
1094 1305 1162 1366 Non
1187 1306 1276 1367 credo
1306 1306 1366 1367 tuis
1391 1325 1485 1385 gene-

120 1395 242 1456 ralibus
267 1395 444 1468 affirmatis3
469 1413 592 1455 recense
616 1394 825 1472 experimenta
846 1413 901 1473 per
924 1404 1037 1473 partes,
1063 1394 1203 1472 opinione
1225 1395 1369 1473 pauciora
1389 1405 1483 1456 erunt.

122 1485 283 1562 Aspectus
312 1484 503 1562 planetarum
532 1483 570 1543 ad
595 1484 702 1544 stellas
729 1490 875 1562 perpetuo
903 1479 1011 1543 infiniti
1035 1491 1120 1556 sunt,
1154 1503 1211 1544 uon
1241 1482 1334 1562 igitur
1358 1484 1422 1564 apti
1446 1485 1484 1544 ad

122 1572 309 1652 objectivam
334 1571 570 1633 admonitionem
594 1572 643 1632 vel
668 1571 897 1632 commotionem
921 1571 1102 1633 facultatum
1128 1571 1320 1635 naturalium.

218 1660 279 1723 Cur
303 1661 380 1722 inter
404 1669 547 1741 aspectus
575 1660 603 1721 in
629 1661 709 1723 nullo
727 1680 818 1722 censu
842 1661 903 1721 siut
927 1662 957 1736 ό
972 1663 1009 1735 00,
1035 1669 1067 1722 et
1090 1662 1126 1734 []
1142 1663 1168 1733 1)
1196 1669 1228 1722 11
1251 1658 1291 1738 Θ
1325 1661 1386 1722 dixi
1411 1682 1483 1722 can-

121 1770 192 1811 sam
218 1752 246 1811 in
271 1751 296 1810 F
298 1749 496 1812 undameutis.
544 1750 588 1810 Tu
612 1768 682 1810 vero
711 1749 840 1828 paginas
866 1749 971 1810 studes
1000 1749 1124 1827 impiere
1152 1772 1321 1829 περιεργοις.
1369 1750 1485 1811 Eadem

121 1847 231 1901 teneto
256 1839 292 1899 de
317 1839 441 1899 heliacis
466 1838 628 1899 exortibus.
676 1837 789 1899 Eorum
814 1838 859 1898 vis
883 1838 1030 1899 naturalis
1053 1838 1175 1919 propria
1191 1839 1283 1900 nulla.
1324 1836 1483 1918 ‘Suntigi-

121 1937 175 1991 tur
200 1928 287 2007 signa
310 1937 362 1988 ant
386 1935 476 1989 notae
501 1936 666 2007 tempornm
691 1947 728 1988 ex
752 1926 877 1988 arbitrio
901 1927 1065 2001 hominurn,
1099 1927 1170 2008 qnia
1192 1927 1260 1989 aliis
1285 1927 1389 2002 citius,
1415 1927 1484 1989 aliis

122 2017 244 2078 tardius
277 2017 425 2090 oriuntur,
459 2026 548 2095 prout
570 2016 637 2077 risu
661 2017 764 2079 valent
796 2015 940 2077 homiues.
987 2015 1053 2077 a‘ec
1082 2017 1218 2095 seqnitur
1248 2035 1346 2078 rerum
1375 2024 1484 2077 natura

121 2115 263 2167 nostram
287 2106 369 2166 visus
394 2105 641 2166 imbecillitatem.
689 2103 750 2165 Sed
775 2105 812 2166 de
836 2105 944 2165 hocin
969 2104 1195 2166 Fundameutis.

220 2194 316 2254 Venio
341 2194 379 2255 ad
403 2195 509 2255 literas
533 2190 563 2256 6.
581 2190 665 2265 (16.)
681 2194 787 2267 Febr,
813 2213 888 2272 quas
912 2192 1039 2272 geminis
1064 2193 1241 2273 expressisti
1260 2192 1483 2271 exemplaribus

121 2286 240 2362 (comp.
267 2283 316 2344 lib.
342 2283 378 2343 de
403 2282 502 2344 Stella
525 2283 644 2357 Nova),
675 2301 798 2362 quornm
824 2284 950 2343 alterurn
976 2283 1012 2342 de
1037 2280 1146 2344 Sclrele
1170 2282 1277 2344 nudius
1301 2282 1420 2343 demum
1444 2282 1483 2343 ad

120 2393 172 2436 rue
196 2373 289 2445 misit,
316 2373 443 2434 alterum
462 2371 629 2451 exemplum
652 2379 863 2450 suo-tompore
888 2379 937 2432 est
960 2372 1119 2433 redditum.

215 2462 282 2540 Ego
315 2460 461 2541 impedior
485 2460 538 2533 (ab
571 2460 862 2534 obseri·atiouibus);
896 2459 1055 2522 catarrhus
1084 2481 1129 2523 me
1159 2460 1273 2521 bilosns
1306 2459 1481 2520 hisdiebus

121 2572 143 2613 a
170 2552 197 2612 1.
215 2549 284 2612 Jun.
310 2557 403 2611 tenet.
451 2547 502 2610 Sic
527 2570 546 2608 a
572 2545 621 2611 lt.
646 2545 752 2610 11122.
778 2549 866 2610 Febr.
892 2548 949 2612 init
972 2551 1107 2611 defluxus
1131 2548 1383 2629 interscapilinm,
1408 2547 1481 2608 bra-

122 2640 260 2703 chiorum
285 2646 398 2701 motum
422 2638 603 2718 impedieus;
634 2635 815 2718 utriuqneb
840 2639 870 2699 11
895 2656 1004 2700 occasu
1035 2658 1112 2699 meo.
1160 2638 1204 2700 Tu
1227 2638 1252 2699 si
1278 2637 1395 2700 videres
1418 2636 1502 2697 lieri·

124 2726 212 2804 0οΘ
238 2735 270 2788 11
292 2723 326 2804 ij,
362 2724 447 2803 όΘ
472 2736 505 2788 11
527 2735 566 2800 d,
602 2723 665 2803 005
690 2736 721 2788 et
745 2735 770 2796 (ς
793 2727 894 2788 intuo
915 2736 1020 2789 exortu
1049 2735 1081 2789 et
1110 2745 1234 2798 occasu,
1268 2736 1348 2787 metu
1372 2733 1479 2787 couta-

124 2819 277 2879 besceres.
326 2816 424 2877 Video
439 2834 495 2894 ego
513 2816 652 2876 effectum
676 2824 708 2877 et
731 2816 892 2895 praescivi,
917 2825 949 2876 at
970 2834 1027 2876 nou
1043 2816 1146 2891 metui,
1172 2810 1241 2896 quia
1265 2814 1338 2876 nihil
1361 2822 1482 2893 praeter

121 2916 251 2968 naturae
275 2905 412 2978 modum,
437 2905 494 2966 uisi
519 2924 565 2966 me
590 2904 656 2982 ipso
681 2924 800 2967 manum
825 2905 1019 2980 admovente,
1053 2905 1125 2967 mibi
1149 2904 1268 2965 evenire
1291 2921 1382 2982 posse
1407 2903 1479 2964 scio.

124 2995 223 3076 Igitur
255 3002 288 3056 et
319 3013 411 3055 caveo
440 3001 472 3054 et
503 3001 639 3072 tempero
673 3014 691 3053 a
724 2994 901 3072 periculosis
933 2994 1114 3068 actionibus,
1150 2992 1291 3054 libertate
1324 2992 1479 3065 sermonis,

124 3084 281 3163 suspectis
314 3082 528 3160 scriptionibus
557 3082 706 3144 derebus
733 3082 916 3163 principum,
949 3084 1043 3144 donee
1072 3083 1230 3144 transierit
1252 3082 1301 3143 hie
1325 3080 1480 3142 transitus.

121 3171 178 3237 Sin
198 3180 300 3233 autem
323 3190 361 3233 ex
384 3171 440 3232 hoe
463 3170 608 3250 principio
631 3173 802 3250 pulmonum
818 3172 913 3232 orasis
929 3181 961 3233 et
975 3172 1094 3253 phtysis
1110 3203 1151 3214 -
1176 3181 1210 3233 at
1223 3171 1352 3233 materia
1366 3176 1436 3231 aute
1452 3169 1480 3231 in

122 3280 250 3340 corpore
276 3261 341 3335 luit,
367 3279 425 3321 non
449 3278 502 3339 per
526 3259 581 3320 hos
605 3269 747 3340 aspectus
772 3261 828 3322 fuit
843 3261 1024 3335 introducta,
1049 3262 1103 3323 sed
1128 3269 1246 3323 tautum
1263 3259 1372 3333 excita,
1398 3258 1480 3339 potui

125 3350 220 3429 igitur
244 3349 357 3411 meliori
382 3348 485 3410 diaeta
498 3366 692 3427 praecavere.
738 3350 859 3411 Excuso
874 3357 974 3423 astra;
999 3349 1073 3418 scio,
1098 3369 1153 3411 nos
1173 3367 1346 3429 quoeunque
1362 3346 1480 3409 vivendi

121 3456 236 3523 genere
260 3438 335 3499 nihil
358 3437 440 3499 aliud
464 3456 553 3517 qnam
578 3437 662 3498 mori.

195 3543 360 3592 Fabricius
379 3539 414 3604 (d.
434 3539 475 3590 16.
496 3539 584 3603 Feb.):
612 3541 686 3591 Mitto
711 3541 813 3606 genesin
833 3540 875 3589 filii
894 3542 1065 3604 primogeniti.
1093 3543 1135 3604 qui
1157 3541 1235 3589 literis
1260 3554 1326 3590 nunc
1350 3540 1478 3589 incumbit.

122 3613 176 3664 Tuo
194 3615 287 3676 judicio
311 3613 364 3677 plus
383 3616 471 3670 tribuo,
490 3628 565 3678 quam
582 3628 637 3661 mco
658 3638 690 3647 -
711 3612 739 3659 ln
751 3611 837 3668 literis,
856 3627 920 3675 quae
932 3611 978 3660 has
991 3613 1139 3660 subsecutae
1158 3609 1401 3674 111111.1·2.Δρ1.,
1420 3625 1480 3659 ean-

123 3685 181 3735 dem
200 3687 344 3748 petitionem
362 3687 398 3733 sic
416 3687 519 3748 repetit:
547 3685 653 3749 Egregie
672 3697 754 3731 meam
773 3684 876 3746 genesin
895 3683 1044 3746 descripsisti
1063 3698 1153 3745 nuper.
1174 3695 1204 3731 ac
1223 3683 1244 3730 sl
1263 3680 1321 3730 mihi
1340 3682 1386 3744 ipsi
1403 3680 1481 3742 pictor

120 3757 232 3806 runem.
269 3755 308 3804 Tu
325 3757 351 3804 iu
369 3756 419 3804 illio
438 3756 503 3806 idem
521 3768 614 3818 quaeso
634 3759 753 3818 praestes,
772 3753 852 3802 iacies
871 3759 969 3817 gratum
989 3753 1105 3803 officium.
1143 3753 1196 3817 Ego
1220 3753 1281 3801 mihi
1303 3753 1328 3800 lu
1348 3752 1377 3800 iis
1396 3750 1482 3799 studiis

120 3841 211 3892 parum
229 3827 318 3884 tribuo,
339 3834 365 3876 et
383 3840 449 3876 nunc
467 3829 537 3891 quasi
556 3825 637 3874 nullus
656 3840 717 3873 sum.

212 3917 419 3995 Keplerus:
454 3915 523 3977 Filii
547 3913 591 3975 tui
614 3914 738 3993 genesin
763 3932 815 3973 cnr
839 3921 983 3987 tractem,
1008 3932 1074 3974 curu
1093 3920 1125 3973 tn
1144 3913 1209 3992 jam
1234 3933 1252 3972 a
1275 3911 1372 3972 tribus
1395 3909 1481 3969 aunis

120 4006 223 4067 induci
249 4024 305 4065 non
329 4005 440 4084 possis,
466 4011 500 4066 ut
523 4003 560 4065 de
584 4021 653 4063 mea
675 4001 856 4063 transmissa
879 4001 983 4081 genesi
998 4001 1142 4080 judicium
1162 4003 1251 4075 ieras,
1276 4008 1413 4062 metuens
1438 4019 1480 4061 sc.

121 4095 170 4169 id,
206 4095 283 4174 quod
308 4102 443 4166 111111,
478 4112 514 4153 ue
539 4092 672 4154 irretiam
703 4094 733 4151 te
761 4091 792 4152 iu
822 4090 1011 4169 dogmatibus
1045 4090 1247 4168 astrologicis.
1295 4088 1355 4151 Sed
1380 4098 1480 4149 tamen

120 4183 324 4264 obsequamur
347 4182 491 4254 nonnihil,
511 4180 598 4260 qnasi
622 4186 781 4258 praeterea
805 4180 879 4240 nihil
903 4179 952 4252 sit,
979 4179 1055 4258 qnod
1071 4188 1245 4240 tractemus.
1294 4174 1334 4255 Θ
1356 4175 1480 4255 1101,
1573 4180 1576 4185 '

118 4274 147 4345 J
176 4273 206 4333 iu
229 4274 319 4348 Op,
344 4272 375 4347 11
397 4273 426 4333 in
451 4269 528 4341 ΔΩ
552 4280 585 4330 11
608 4270 666 4330 imo
692 4269 777 4342 coeli,
802 4278 872 4329 suut
896 4277 1037 4347 aspectus
1055 4267 1156 4342 validi,
1181 4272 1215 4328 ut
1238 4286 1296 4328 non
1317 4267 1394 4328 male
1409 4286 1480 4346 spe·

119 4381 204 4435 rem;
228 4363 279 4424 ille
302 4361 492 4436 industriam,
516 4359 573 4421 iste
598 4357 759 4438 ingenium,
785 4358 839 4418 sed
862 4375 981 4436 vagum,
1007 4357 1054 4418 hic
1078 4357 1207 4435 gratiam
1225 4356 1394 4436 pollicetur.
1437 4356 1482 4417 At

119 4448 648 4531 1111111111111111111111111.
674 4464 814 4525 maguam
839 4446 867 4507 in
892 4446 977 4525 signo
1006 4445 1248 4506 brevissimarum
1273 4443 1481 4505 ascensionum

119 4548 156 4602 et
183 4559 293 4619 magna
320 4539 382 4619 poli
405 4539 598 4600 inclinatione
623 4536 713 4596 valde
738 4534 853 4596 vicinus
877 4543 926 4594 est
950 4534 1072 4606 orienti,
1098 4541 1130 4594 et
1159 4541 1249 4612 puto,
1279 4532 1369 4611 plane
1393 4531 1480 4595 infra.

118 4626 166 4691 Tu
192 4627 294 4708 itaque
318 4628 422 4707 cogita
446 4628 482 4688 de
507 4626 674 4687 directione
700 4625 764 4702 ejus
788 4624 826 4684 ad
850 4623 1007 4685 orientem.
1054 4623 1142 4684 Facit
1169 4622 1217 4683 bic
1241 4619 1317 4682 sitne
1341 4619 1481 4700 frigidum

118 4719 151 4780 iu
177 4717 278 4796 legum
301 4716 513 4778 observatione
537 4722 569 4775 et
592 4732 691 4775 amore
715 4713 962 4792 propinquorum3
997 4714 1132 4773 erronem
1157 4710 1266 4784 habes,
1296 4728 1354 4771 nou
1378 4709 1479 4772 infeli-

118 4825 199 4873 cem.
245 4807 279 4871 In
312 4805 538 4892 comparatione
569 4821 638 4865 cum
670 4809 723 4865 tua
752 4800 855 4882 genesi
884 4819 943 4862 nou
971 4799 1130 4863 admodum
1160 4799 1201 4862 fui
1230 4799 1414 4872 delectatus,
1447 4804 1482 4861 ut
