3278 5542
643 304 727 372 ΟΨ
743 304 838 357 xvm.
1360 306 1421 375 roo

122 463 206 527 inter
223 483 327 528 verum
348 464 447 527 locum
470 474 503 528 et
524 465 604 528 iuter
626 484 702 542 enm,
728 485 815 547 quem
837 467 972 531 calculus
994 467 1118 542 indicat,
1135 470 1320 549 differentia,
1346 493 1422 555 quae

106 554 215 616 ardum
238 553 268 615 in
293 554 469 635 quibusdam
493 554 531 616 ad
555 553 576 616 2
600 555 782 635 iutegromm
805 557 951 635 graduum
979 558 1195 637 longitudinem
1219 563 1377 626 exereseit.
1392 561 1421 638 1’)

106 643 152 705 rud
176 660 243 704 cunr
267 642 311 705 ita
335 643 390 718 sit,
415 644 539 723 expedit
561 644 632 706 mihi
656 645 787 707 nonnihil
813 666 831 706 a
855 645 1014 724 Copemici
1038 649 1168 709 numeris
1191 650 1365 713 discedere:
1389 660 1423 714 et

106 749 238 811 uporre
262 731 449 813 diligentium
472 733 700 795 observatorum
718 734 831 813 judicie
855 735 1040 815 relinquitur,
1065 737 1123 798 utri
1144 756 1231 800 arcus
1246 757 1313 800 cnm
1336 741 1420 802 coelo

106 819 186 907 ipius
208 820 402 896 conveniant,
427 821 484 883 mei
507 842 545 883 au
570 820 780 901 Coperuieaui.

150 909 291 972 Alterum
310 918 529 990 argumentum,
554 929 612 991 quo
631 910 818 974 differentiae
837 911 924 991 hujus
949 913 1068 992 eulpam
1090 913 1120 974 iu
1144 914 1227 994 ipsas
1241 915 1421 980 Pruteuicas

106 999 225 1073 maleto,
248 992 397 1079 praebent
418 998 490 1061 mihi
514 1009 672 1080 suspectae
695 1001 884 1080 planetarum
899 1002 1164 1065 eccentricitates:
1189 1004 1266 1084 quod
1291 1023 1326 1065 eo
1349 1015 1420 1067 teu-

106 1116 128 1161 ·.,
160 1094 196 1150 ut
222 1088 358 1168 quamvis
386 1108 440 1150 uec
463 1089 521 1151 mei
545 1108 632 1152 arcus
661 1088 781 1151 omniuo
812 1089 940 1171 perfecti
963 1097 996 1151 et
1019 1091 1094 1152 certi
1118 1091 1178 1153 siut
1202 1092 1307 1164 (sicuti
1330 1094 1420 1157 fateri

106 1178 170 1257 gor)
192 1184 295 1238 tamen
319 1177 424 1239 vitium
446 1197 485 1240 ex
507 1179 686 1258 contagione
710 1179 969 1241 eccentricitatum
987 1179 1202 1242 contraxerint.
1237 1179 1271 1242 Si
1294 1199 1422 1260 corpora

106 1282 153 1328 rer
180 1265 297 1327 mediae
330 1266 518 1346 planetarum
547 1267 711 1330 distantiae
741 1268 913 1347 superficies
944 1268 1118 1346 sphaericae
1151 1277 1352 1343 struerentur,
1387 1279 1422 1332 ut

106 1355 169 1416 lem
192 1354 366 1434 superficies
390 1355 606 1436 circumscripti
626 1357 761 1436 eorporis
782 1364 889 1417 centra
911 1363 943 1417 et
960 1355 1096 1438 inseripti
1115 1359 1242 1437 angulos
1261 1367 1419 1437 taugeret:

106 1462 126 1505 u
149 1440 224 1504 nibil
246 1443 319 1504 mibi
342 1443 384 1504 rei
408 1452 492 1506 esset
513 1464 581 1506 curn
603 1444 718 1506 orbium
741 1444 897 1518 crassitie,
930 1463 1018 1524 quam
1045 1447 1199 1528 requimut
1220 1447 1288 1508 viae
1312 1449 1419 1526 plane-

106 1550 161 1595 mn
184 1530 378 1594 eccentricae.
425 1532 500 1594 Cum
525 1541 626 1594 autem
649 1533 723 1595 illud
746 1534 809 1594 lieri
834 1552 891 1594 nun
914 1534 1047 1612 potuerit
1062 1537 1098 1609 e),
1123 1543 1156 1596 et
1178 1536 1309 1598 nondum
1332 1536 1419 1598 simi-

106 1638 133 1683 sr
154 1639 250 1683 eausa
272 1621 545 1696 eccentricitatum‚
571 1630 658 1683 utet
681 1622 930 1695 differentiamm,
953 1623 1114 1702 explorata
1137 1623 1190 1698 sit,
1216 1625 1350 1704 oportuit
1372 1644 1419 1686 me

106 1708 180 1771 dum
206 1708 417 1790 spissitudiues
441 1731 460 1771 a
483 1708 651 1790 Gopemico
675 1718 820 1791 tauquam
843 1718 944 1772 certas
968 1713 1111 1774 mutuari:
1136 1731 1211 1792 quas
1236 1721 1420 1775 tamennon

106 1796 251 1860 tissimus
274 1817 343 1860 esse
366 1796 395 1860 in
419 1799 558 1861 confesso
581 1807 639 1861 est.
686 1797 834 1870 Quamvis
857 1799 937 1860 euim
965 1802 1061 1864 omnis
1089 1802 1264 1863 coelestium
1286 1810 1419 1864 motuum

106 1884 191 1949 bo'ria
214 1886 327 1949 lubrico
350 1895 400 1949 est
422 1887 515 1962 aditu,
539 1907 594 1967 per
616 1888 772 1950 diuturnas
790 1897 823 1950 et
840 1888 978 1950 difficiles
998 1890 1235 1963 observationes,
1258 1890 1419 1972 praecipue

106 1992 166 2039 neu
189 1975 247 2037 hoe
270 1975 300 2037 iu
331 1977 549 2039 constituendis
577 1977 852 2040 eccentricitatibus
880 1983 912 2038 et
939 1977 1014 2039 locis
1042 1996 1242 2058 apogaeorum
1271 1987 1417 2059 apparet:

106 2063 182 2128 laris
206 2065 270 2137 (vel
294 2065 476 2139 Terrestris)
499 2066 710 2128 eccentricitas
730 2066 859 2129 omnium
877 2066 1044 2128 rectissime
1060 2067 1170 2128 habere
1185 2066 1325 2137 debebat,
1349 2086 1420 2129 uam

110 2152 297 2216 vicinissima
311 2154 468 2216 stellamm
483 2162 532 2217 est
546 2154 649 2217 Tellus
672 2154 758 2217 uobis
780 2154 896 2224 incolis,
921 2162 952 2215 et
974 2156 1164 2235 paucioribus
1188 2175 1275 2235 quam
1300 2164 1419 2216 ceterae

106 2241 195 2305 tibus
218 2242 346 2305 vehitur.
363 2241 391 2317 α)
438 2244 471 2305 In
495 2244 605 2305 mundo
627 2262 698 2306 vero
720 2264 774 2324 per
797 2244 958 2322 interjecta
986 2263 1113 2324 corpora
1140 2245 1298 2318 struendo,
1328 2261 1420 2321 supra

106 2350 128 2411 p.
152 2327 203 2394 15.
229 2332 366 2408 vidimus,
391 2342 534 2413 quantum
559 2334 667 2394 afferat
690 2340 872 2395 momentum
896 2333 934 2393 ad
959 2352 1062 2395 omues
1087 2334 1232 2412 sphaeras
1256 2333 1419 2394 arctandas

106 2428 116 2483 t
135 2419 288 2482 laxandas
312 2421 405 2484 solius
428 2420 568 2500 sparsere
580 2421 710 2483 Lunaris
725 2421 875 2502 appositio
891 2421 938 2483 vel
958 2423 1097 2497 exemtio,
1123 2423 1172 2503 qui
1196 2423 1285 2484 valde
1310 2421 1419 2499 exigua

106 2507 252 2573 rtiuncula
275 2510 442 2572 Terrestris
465 2509 546 2572 orbis
575 2510 745 2572 crassitiem
768 2512 896 2573 excedit.
943 2511 1000 2572 Hic
1032 2512 1124 2591 igitur
1156 2512 1255 2586 orbis,
1270 2514 1298 2586 ·)
1331 2529 1419 2590 quem

106 2598 233 2660 tissime
251 2598 417 2661 dimensum
437 2599 548 2661 habere
568 2599 729 2679 oportebat
752 2608 784 2661 et
806 2619 895 2680 posse
919 2600 1081 2662 verisimile
1105 2608 1181 2675 erat,
1206 2601 1263 2674 hic,
1288 2600 1419 2679 inquam,

106 2690 138 2759 le,
163 2686 194 2747 in
219 2695 332 2764 quauta
353 2697 491 2750 versetur
514 2688 692 2750 difficultate
717 2689 795 2768 apud
811 2687 1018 2768 Copemicum,
1043 2689 1092 2768 qui
1115 2690 1180 2766 ipse
1204 2689 1255 2751 lib.
1272 2690 1328 2751 Ill.
1353 2688 1418 2750 Re-

106 2782 119 2839 i.
140 2794 208 2854 cap.
224 2771 275 2838 20.
292 2776 432 2857 queritur,
450 2777 550 2857 ,quod
565 2796 619 2857 per
635 2776 757 2839 minima
771 2779 918 2859 quaedam
932 2785 963 2839 et
977 2777 1028 2839 vix
1042 2777 1295 2859 apprehensibilis
1309 2795 1419 2855 magua

106 2864 238 2927 iocineri
267 2882 422 2944 cogamur,
456 2867 534 2945 quod
561 2866 712 2928 interdum
740 2868 796 2929 sub
824 2886 881 2928 uno
910 2865 1095 2928 diversitatis
1119 2867 1258 2947 scrupulo
1281 2862 1301 2926 5
1324 2861 1418 2928 velb

106 2954 174 3016 edus
191 2962 396 3033 praetereant,
421 2962 452 3016 e't
466 2956 600 3017 modicus
615 2974 697 3016 error
717 2955 746 3016 iu
765 2955 941 3017 immensum
956 2973 1023 3015 sese
1038 2955 1257 3036 propaget.“¹)
1294 2952 1417 3025 Quanto

106 3045 147 3125 sup
172 3042 266 3122 igitur
287 3041 442 3105 habebunt
464 3043 676 3124 spissitudiues
699 3043 814 3106 orbium
838 3052 870 3106 et
900 3043 1092 3107 remotiorum
1122 3065 1141 3105 a
1166 3043 1272 3118 nobis,
1306 3051 1337 3104 et
1368 3040 1416 3123 qui

106 3130 195 3197 ribus
219 3139 350 3193 motuum
374 3132 573 3194 varietatibus
597 3139 669 3194 suut
691 3133 820 3194 obnoxii.
869 3131 957 3204 Quod
987 3132 1012 3193 si
1042 3141 1094 3195 aut
1123 3134 1239 3197 orbium
1267 3133 1321 3194 illa
1342 3152 1418 3211 πηχη

106 3219 230 3283 tissime
253 3221 428 3299 explorata,
463 3230 515 3284 aut
538 3241 648 3284 causae
672 3222 781 3283 saltem
804 3222 975 3302 probabiles
1003 3222 1176 3299 patefactae
1205 3222 1334 3294 fuerint,
1365 3237 1417 3280 eur

106 3316 148 3373 lta
171 3308 298 3386 singulis
321 3309 469 3372 attributa
492 3311 554 3372 siut
577 3308 785 3383 aConditore,
810 3320 872 3372 tum
896 3330 952 3390 ego
976 3312 1110 3389 spondeo
1134 3332 1181 3373 me
1204 3311 1417 3390 producturum

116 3397 168 3460 lris
192 3399 367 3477 corporibus
391 3418 479 3461 arcus
502 3417 556 3479 per
580 3399 679 3461 omnia
703 3400 834 3462 motibus
849 3418 1006 3462 consonos.
1022 3403 1051 3475 ε)
1088 3399 1139 3462 Sic
1163 3401 1241 3460 enim
1265 3397 1415 3469 existimo,

106 3485 201 3567 inquid
225 3494 295 3565 post
318 3488 395 3550 banc
418 3489 641 3568 proportionem
672 3490 823 3551 coelorum
851 3489 1005 3551 inventam
1033 3489 1129 3551 adbuc
1160 3487 1325 3567 impediat,
1359 3501 1416 3565 quo

106 3593 156 3638 uus
180 3575 220 3636 ad
239 3585 378 3639 exactam
398 3585 532 3639 motuum
546 3577 745 3656 cognitionem
760 3576 914 3652 'veniatur3
937 3578 968 3639 id
992 3597 1079 3639 omne
1103 3578 1132 3638 in
1157 3575 1416 3638 eccentricitatum

106 3664 137 3726 ia
162 3664 436 3740 conferendumzl)
470 3666 576 3747 quibus
609 3666 747 3740 sublatis,
780 3685 889 3746 magno
920 3666 1093 3743 adjumento
1123 3664 1287 3727 artificibus
1315 3664 1417 3725 futura

106 3760 133 3815 to
156 3753 254 3815 solida
277 3753 352 3817 haee
376 3755 503 3835 quinque
528 3755 566 3816 ad
587 3756 803 3817 correctionem
821 3763 963 3827 motuum,
987 3773 1075 3833 quarn
1098 3753 1212 3834 passim
1233 3751 1417 3814 meditantur

106 3842 227 3922 upauei
263 3840 298 3917 ¹).

148 3930 192 3993 Ut
213 3933 270 3993 boc
293 3932 352 3994 illia
372 3931 537 4011 spondeam
555 3931 592 3993 de
614 3931 890 3994 eccentricitatibus
913 3931 1008 3994 movit
1029 3951 1077 3993 me
1101 3940 1132 3993 et
1154 3932 1219 4004 boc,
1245 3927 1324 4008 quod
1346 3926 1416 3988 ubi-

106 4020 177 4081 sde
205 4021 312 4084 minori
338 4021 506 4100 particula,
540 4039 630 4100 quam
660 4029 707 4082 est
734 4041 825 4102 πηχος
855 4020 936 4082 orbis
958 4021 1108 4099 iutegmm
1131 4017 1373 4082 controvertitur.
1385 4015 1415 4089 ¹¹)

106 4104 151 4189 ipe
172 4128 301 4189 namque
324 4110 461 4171 omuibus
486 4128 540 4171 sex
564 4108 685 4171 urbibus
709 4130 764 4170 sua
785 4129 859 4191 πηχη
881 4118 963 4186 uota,
988 4118 1041 4172 aut
1064 4110 1155 4189 dupla
1176 4107 1302 4186 singulis
1325 4105 1417 4167 attri-

106 4214 138 4259 s:
159 4198 276 4260 ridebis
290 4199 432 4262 muudum
446 4205 478 4259 et
496 4202 775 4277 προσθαφαιρεσεις
797 4217 900 4261 omnes
922 4199 951 4261 iu
975 4198 1152 4261 immensum
1176 4197 1237 4259 illic
1261 4195 1415 4258 considere

126 4288 244 4367 augeri,
279 4287 326 4349 hic
359 4286 485 4350 distrahi
520 4296 552 4348 et
579 4287 721 4349 deminui.
768 4288 811 4351 Ut
832 4288 878 4349 ita
901 4288 1014 4350 veritas
1037 4288 1116 4349 inter
1143 4286 1215 4349 nibil
1239 4294 1271 4346 et
1294 4285 1416 4364 duplum

106 4374 217 4451 mittat,
241 4394 337 4456 neque
362 4377 553 4439 metuendum
576 4375 630 4450 ait,
656 4397 692 4438 ue
716 4376 836 4439 nimiam
860 4378 973 4439 habeat
995 4376 1106 4438 artifex
1130 4375 1281 4439 licentiam
1305 4391 1415 4434 eccen-

106 4461 210 4526 titates
234 4465 384 4540 mutandi,
408 4466 434 4526 si
459 4464 524 4545 quis
547 4463 617 4526 illas
641 4465 687 4527 his
710 4466 813 4544 figuris
837 4474 943 4545 aptare
968 4474 1100 4528 conetur.
1149 4466 1249 4544 Atque
1274 4462 1317 4524 sie
1341 4461 1415 4522 haec

106 4568 158 4615 era
187 4553 267 4616 ratio
299 4561 366 4629 est,
401 4573 476 4634 quae
509 4573 557 4615 me
585 4554 621 4615 de
650 4554 802 4616 discordia
831 4555 909 4616 iuter
932 4574 1015 4616 meos
1038 4562 1071 4616 et
1093 4551 1251 4633 Gopemici
1275 4569 1415 4612 numeros

106 4658 201 4704 tueare
223 4650 337 4724 potest.

147 4730 282 4793 Tertiam
305 4731 377 4794 mihi
400 4730 547 4811 praebent
569 4729 627 4810 ipsi
650 4731 765 4793 numeri
787 4732 1015 4795 Pmtenicarum
1038 4729 1200 4792 etiamnum
1223 4727 1334 4801 crassi,
1359 4744 1414 4787 nee

106 4862 108 4874 ·
131 4820 284 4900 expressi,
318 4828 352 4883 ut
379 4838 438 4882 nou
464 4820 564 4901 possit
591 4819 752 4901 aliquande
779 4821 858 4882 bona
882 4836 949 4883 cum
972 4820 1060 4882 venia
1083 4820 1130 4882 rel
1154 4818 1280 4880 semisse
1303 4814 1414 4896 gradum
