3278 5542
641 302 680 411 'as
696 361 769 412 nous
788 363 949 430 acosma.
1408 364 1487 459 369ι

118 515 207 561 lmen
225 513 423 566 oberrationmn
440 516 619 577 fundamenta,
643 509 779 586 exquibus
801 521 964 572 nobilissimus
986 522 1026 572 illa
1050 524 1216 574 astronomiae
1234 527 1385 577 instaurator
1402 527 1472 580 theo·

118 580 182 631 rim
199 582 327 636 Louerem
346 590 491 646 oomtroxic,
510 590 581 641 valde
600 591 777 649 desideramus,
796 601 822 642 et
841 607 897 642 cum
915 593 1000 644 stellas
1018 597 1096 645 etiam
1113 595 1244 646 nonnullas
1263 600 1288 645 in
1307 611 1351 647 sno
1370 599 1474 649 fixarum
1539 614 1546 624 ⁸

118 652 238 721 catalogo
260 658 383 717 omiserit,
411 673 475 725 qnae
499 673 516 710 a
537 661 680 714 Ptolemaeo
703 671 729 713 et
754 664 889 728 Copernico
915 673 1091 721 recensentur,
1119 667 1206 716 obnixe
1226 681 1355 733 rogamus,
1374 677 1404 719 nt
1420 679 1474 719 tum

118 720 187 785 illm
207 725 296 779 Lunae
315 730 513 788 observationes,
532 740 585 781 tum
605 737 680 784 etiam
698 735 785 785 harum
804 736 1032 798 praetermissamm
1050 737 1089 785 rel
1107 737 1251 792 distantias.
1270 739 1309 789 vel
1328 740 1472 791 declinatlo·

118 804 165 842 aas
182 802 212 845 et
229 811 280 848 asc.
299 808 383 851 rectas
401 815 418 852 a
435 800 552 866 Tyohone
572 806 756 856 animadversas
774 806 865 870 publici
881 808 942 870 luris
961 807 1094 871 aliqnando
1112 808 1195 858 iacere
1213 808 1280 857 selis.

191 882 251 934 Jam
269 886 443 954 Hegnlontlus,
462 893 605 942 intermistis
624 895 770 959 quibusdam
789 894 819 944 de
838 895 911 944 stella
928 909 993 945 nora
1011 897 1164 960 serpentarii,
1184 911 1247 962 quae
1260 899 1285 946 in
1298 879 1359 948 libro
1372 897 1474 962 Kepleri

118 950 151 1003 de
168 967 203 1005 ea
220 958 293 1009 stella
310 960 438 1026 leguntur,
456 966 552 1030 pergit:

192 1047 276 1112 Atque
293 1050 319 1099 in
337 1051 375 1101 his
394 1066 470 1116 opera
487 1059 533 1102 tna
551 1053 606 1102 aliis
624 1069 673 1102 non
691 1055 772 1103 minus
792 1060 898 1118 accepta
916 1055 974 1113 erit,
1000 1069 1075 1120 quam
1092 1055 1159 1105 mihi.
1196 1055 1259 1113 Sed,
1286 1056 1351 1121 quod
1370 1056 1403 1106 sd
1420 1071 1475 1120 pro·

118 1117 228 1179 positum
245 1135 329 1171 meum
346 1124 427 1186 potius
445 1131 558 1188 spectat,
585 1140 641 1174 cum
659 1140 706 1190 ogo
724 1140 821 1189 semper
838 1133 950 1175 motuum
968 1127 1163 1189 speculationem
1180 1128 1293 1177 inutilem
1310 1128 1362 1178 iere
1378 1127 1475 1190 judica·

118 1188 210 1251 rafim,
234 1192 283 1241 nisi
301 1200 328 1243 et
345 1194 473 1245 stellarum
499 1197 562 1247 vires
582 1197 663 1261 aliquo
681 1197 753 1246 modo
771 1199 896 1261 percipere
914 1198 1002 1248 liceret
1025 1195 1095 1260 (nam
1112 1199 1166 1247 siue
1191 1198 1240 1248 hac
1264 1199 1404 1263 cognitione
1428 1213 1476 1248 nec

118 1256 277 1323 planetarum
300 1266 361 1314 rarii
380 1280 466 1326 casus,
495 1282 542 1318 nec
560 1267 665 1318 fixarum
688 1275 805 1318 constans
829 1276 854 1318 et
872 1269 1018 1333 quotidiana
1042 1270 1230 1334 circumgyratio
1257 1284 1329 1319 usum
1353 1269 1431 1319 ullum
1448 1271 1475 1318 in

118 1326 233 1382 humana
250 1335 302 1384 rita
318 1334 411 1387 habere
431 1335 562 1400 ridentur),
583 1365 616 1374 —
635 1339 700 1389 hanc
720 1339 818 1404 quidem
837 1340 867 1388 ob
887 1354 988 1391 causam
1007 1340 1093 1390 lubens
1111 1339 1238 1406 libensque
1250 1341 1316 1391 hanc
1327 1341 1479 1404 provinciam

118 1402 144 1453 ln
162 1418 205 1454 me
223 1408 335 1471 suscepi.
359 1408 532 1460 nonnullorum
555 1411 622 1474 apud
646 1425 690 1459 nos
710 1410 848 1460 calumnias
872 1418 958 1460 contra
981 1412 1140 1476 astrologiam
1162 1412 1320 1474 judiciariam
1338 1412 1478 1463 retundere.

118 1472 184 1525 mm
202 1476 347 1528 veronulla
366 1480 397 1530 da
414 1495 441 1530 re
460 1483 540 1530 sorim
558 1488 613 1530 orta
631 1483 663 1530 sit
682 1483 809 1531 internos
828 1482 969 1539 dimicatio,
993 1497 1068 1546 qnam
1092 1485 1159 1532 circa
1177 1483 1320 1533 coelestium
1339 1483 1477 1548 configura·

118 1546 217 1613 &num
234 1548 281 1597 rim
301 1556 327 1599 et
344 1553 467 1608 attritam,
486 1552 535 1602 hac
553 1553 651 1617 quidem
669 1555 695 1602 in
713 1568 748 1610 re,
761 1553 836 1603 Doct.
851 1553 904 1610 Vir,
924 1569 995 1617 opem
1009 1560 1035 1603 ot
1047 1554 1165 1603 auxilium
1177 1560 1247 1603 tuum
1259 1561 1356 1617 expeto.
1389 1553 1481 1617 Oincit

118 1616 287 1677 adversarius,
305 1636 391 1672 omnes
407 1623 523 1687 planetas
541 1624 618 1673 bonos
637 1638 653 1673 a
670 1624 726 1674 Deo
746 1631 842 1675 creatos
856 1632 882 1674 et
892 1632 1024 1689 propterea
1035 1625 1116 1675 radios
1129 1640 1214 1674 eorum
1227 1640 1312 1675 omnes
1324 1633 1351 1683 et
1364 1631 1479 1688 aspectus

118 1689 199 1739 bonos
218 1704 272 1740 esse
290 1706 336 1742 nse
355 1695 504 1757 quadratum
521 1695 651 1760 hexagono
669 1696 749 1761 magis
767 1696 910 1745 infaustum.
948 1696 1009 1745 Vult
1032 1703 1179 1760 praeterea,
1203 1710 1263 1761 quos
1287 1696 1403 1761 astrologi
1425 1710 1479 1746 sex·

118 1758 176 1811 slas
190 1757 235 1810 dcc.
256 1763 390 1827 appellant,
408 1766 508 1815 minime
528 1768 565 1817 ita
582 1781 610 1816 so
628 1766 728 1826 habere,
747 1768 805 1830 quia
823 1782 879 1816 eum
897 1767 1022 1816 stellarum
1041 1766 1104 1817 radii
1122 1781 1139 1816 a
1151 1767 1242 1816 Terrae
1258 1767 1388 1831 superficie
1400 1781 1480 1817 rerer·

118 1833 246 1890 berentur,
266 1836 345 1899 sitque
363 1837 428 1886 inter
445 1837 537 1888 Terrae
555 1839 765 1887 semidiametmm
784 1845 810 1887 ot
827 1837 941 1901 planetas
961 1835 1117 1901 (praesertim
1133 1835 1272 1899 interiores)
1291 1838 1412 1887 sensibilis
1424 1853 1481 1902 pro·

118 1905 211 1968 portio,
230 1905 380 1958 incidentiae
400 1914 426 1958 st
443 1905 581 1958 retisiionis
600 1910 705 1974 angulos
724 1910 823 1958 minime
841 1909 975 1972 praedietis
993 1909 1098 1958 arcubus
1117 1915 1282 1974 congruentes
1306 1909 1405 1960 afficere
1423 1923 1480 1973 pos·

118 1981 187 2025 sunt.
224 1975 361 2027 Radiorum
377 1980 439 2030 item
450 1981 598 2031 refractione
616 1996 662 2030 nos
671 1982 767 2044 premit,
786 1994 850 2044 quae
865 1986 890 2029 at
908 1981 1034 2030 fallaciam
1048 1980 1132 2045 auguli
1144 1981 1284 2030 necessario
1295 1981 1394 2045 ingerit,
1413 1983 1482 2043 cujus

118 2045 204 2097 nullus
222 2048 248 2096 in
266 2050 369 2100 zodiaco
389 2065 461 2102 meus
479 2066 595 2102 mensura
615 2066 669 2102 esse
686 2059 776 2115 potest.
813 2051 928 2114 Denique
946 2053 1068 2101 rationem
1088 2065 1104 2101 a
1121 2066 1161 2100 me
1181 2050 1316 2116 efflagitat,
1337 2065 1379 2100 cnr
1396 2051 1482 2114 hujus·

118 2118 189 2167 modi
208 2119 339 2170 intervalla
354 2122 381 2170 in
400 2123 501 2172 zodiaco
520 2125 621 2185 majoris
639 2124 689 2172 sint
706 2123 814 2179 virtutis,
838 2136 913 2185 quam
937 2123 959 2171 si
977 2122 1064 2172 stellae
1089 2136 1144 2171 sese
1169 2129 1254 2171 mutuo
1272 2123 1427 2172 intuerentur
1452 2137 1483 2172 ax

118 2189 244 2239 manda
266 2191 386 2255 prioribus
405 2193 522 2243 dissimili.
559 2193 635 2251 Niln‘li
660 2192 701 2244 hie
723 2196 770 2243 ists
788 2194 849 2243 iacit
866 2194 989 2243 rationem
1006 2193 1087 2250 illam,
1115 2206 1190 2258 quam
1207 2193 1365 2243 Ptolemaeus
1382 2194 1442 2242 libro
1460 2192 1481 2242 1.

118 2258 244 2324 Quadrip.
270 2276 286 2311 a
308 2265 463 2327 proportione
487 2265 632 2315 harmonica
649 2268 734 2314 m‘utuo
754 2267 848 2315 sumsit.
886 2263 913 2314 Si
930 2265 1041 2314 fortassis
1059 2271 1104 2313 tua
1126 2264 1338 2330 astrologiae
1362 2263 1481 2314 Funda-

118 2338 233 2382 menta
251 2333 284 2382 sd
300 2349 390 2384 manus
408 2343 505 2385 nostras
523 2337 700 2399 pervenissent,
720 2339 828 2386 rationes
848 2336 943 2399 aliquas
961 2335 1169 2400 suppeditassent,
1189 2335 1275 2400 quibus
1288 2335 1421 2385 adremasii
1438 2350 1482 2399 pe·

118 2401 249 2454 dutiae
266 2405 363 2456 tacihas
382 2421 542 2458 occurrerem.
580 2407 630 2458 Sed
649 2423 704 2457 cum
721 2407 843 2457 hacteuus
863 2422 923 2470 opus
934 2406 982 2456 hoc
995 2415 1064 2455 tuum
1076 2421 1126 2456 non
1138 2408 1171 2455 sit
1182 2406 1207 2454 in
1221 2407 1338 2472 Angliam
1350 2412 1482 2471 portatum,

118 2474 215 2524 iterum
234 2481 308 2539 atqua
326 2478 414 2527 iterum
433 2493 510 2544 rogo,
540 2485 568 2528 ut
586 2480 607 2528 si
625 2479 683 2543 quid
701 2480 839 2529 secretioris
857 2478 1026 2542 philosophiae
1050 2479 1152 2534 novisti,
1179 2478 1243 2542 quod
1261 2478 1294 2527 ad
1311 2477 1357 2527 has
1375 2479 1484 2527 rabones

118 2545 300 2596 convellendas
318 2550 410 2607 iaciat,
429 2551 488 2599 mihi
507 2553 688 2601 communicare
706 2565 756 2600 non
775 2550 914 2615 dedigneris
933 2548 978 2601 dte.
1016 2549 1088 2600 Vale.
1125 2549 1232 2598 Londiui
1250 2546 1295 2600 so.
1314 2554 1444 2613 utsupra.

216 2652 405 2733 Keplerus
428 2657 599 2736 respoudit:
638 2657 759 2719 Literas
793 2665 882 2730 toas,
915 2655 1034 2719 Praest.
1059 2656 1134 2730 Vir,
1166 2674 1259 2736 opera
1282 2663 1484 2720 mercatorum

122 2739 176 2822 qui
200 2743 399 2807 Franccfurtc
423 2745 548 2820 rediere,
574 2744 718 2810 Calendis
743 2747 818 2827 Maji
842 2746 954 2825 accepi.
1001 2745 1109 2807 Beasti
1133 2764 1189 2820 me,
1216 2744 1348 2806 inritans
1372 2764 1419 2806 me
1445 2745 1484 2807 ad

121 2831 319 2895 scribendum
343 2835 380 2896 de
402 2835 629 2898 mathematicis
653 2836 778 2910 artibus,
805 2856 880 2916 quas
903 2853 959 2913 ego
984 2833 1127 2896 divinitus
1151 2834 1280 2894 humano
1304 2832 1407 2913 generi
1427 2834 1485 2895 da-

127 2927 180 2981 tas
207 2921 356 2997 existimo,
382 2944 439 2986 non
464 2932 582 2986 tautum
607 2927 645 2988 ad
670 2944 741 2986 usus
765 2925 874 2998 varios,
902 2923 1063 2985 sedetiam
1087 2922 1125 2983 ad
1146 2922 1378 2984 oblectationem
1395 2923 1485 2984 animi

123 3007 376 3073 honestissimam
399 3013 522 3094 Decque
546 3016 760 3093 gratissimam,
785 3022 819 3075 ut
842 3032 917 3094 quae
942 3014 1102 3092 conjuncta
1125 3019 1174 3074 est
1193 3030 1258 3073 cum
1281 3010 1484 3073 celebratione

123 3098 347 3178 sapientissimi
370 3103 495 3181 opificis.
542 3103 659 3185 ltaque,
685 3104 711 3166 si
735 3103 804 3184 quid
828 3111 885 3176 est,
912 3101 991 3181 quod
1015 3101 1143 3162 hominis
1167 3100 1330 3162 coelestem
1354 3100 1485 3164 animum

126 3187 160 3248 in
184 3187 243 3249 hcc
267 3189 356 3251 exilio
378 3190 588 3271 pulverulento
612 3193 745 3255 detinere
771 3199 803 3253 et
827 3192 951 3253 delinire
966 3190 1080 3270 possit,
1105 3198 1139 3252 ut
1158 3190 1247 3269 juvet
1268 3190 1385 3265 vivere,
1411 3189 1486 3253 haec

124 3277 265 3358 proiecto
294 3287 342 3340 est
369 3279 542 3343 oblectatio.
589 3281 657 3352 Quo
691 3282 809 3343 nomine
834 3290 937 3343 nostro
971 3281 1072 3342 seculo
1105 3280 1212 3342 merito
1247 3279 1377 3361 mihique
1410 3280 1486 3342 adeo

127 3366 189 3448 ipsi
214 3368 351 3446 gratulor
374 3370 411 3431 de
434 3371 559 3432 iuventa
582 3371 791 3454 typographia,
818 3368 877 3451 qua
900 3371 1037 3432 effectum
1061 3369 1163 3442 video,
1189 3377 1222 3432 ut
1245 3368 1274 3429 iu
1298 3376 1386 3431 tauta
1407 3389 1486 3451 pau·

127 3456 226 3518 citate
251 3457 408 3535 hominnm,
434 3460 484 3542 qui
508 3460 547 3520 ad
570 3460 694 3522 subtilia
716 3460 777 3522 ista
800 3469 959 3539 penetrare
984 3459 1047 3539 apti
1071 3465 1149 3533 suut,
1174 3458 1313 3519 iuventus
1328 3465 1431 3520 tameo
1447 3459 1488 3519 sit

128 3546 160 3611 io
184 3545 345 3609 Britannia
368 3548 415 3611 vir
438 3549 583 3626 eximius,
617 3550 666 3631 qui
689 3550 760 3611 mihi
785 3569 852 3610 sese
877 3550 1021 3612 lectorem
1045 3547 1103 3608 mei
1134 3546 1202 3610 libri
1225 3545 1322 3608 literis
1347 3554 1486 3620 testetur,

125 3643 309 3716 partemque
342 3637 504 3712 mercedis,
538 3659 627 3719 quam
661 3640 718 3700 hac
751 3638 912 3719 scriptione
942 3636 1137 3718 quaerebam,
1171 3635 1236 3715 ipse
1269 3644 1487 3715 repraesentet.

127 3724 212 3789 Nam
237 3744 312 3806 quae
336 3727 365 3788 iu
389 3747 486 3790 meum
510 3729 652 3790 honorem
675 3728 765 3807 pleno
790 3746 839 3788 ore
863 3728 995 3808 profers,
1028 3745 1065 3787 ea
1088 3725 1132 3786 sic
1156 3724 1276 3804 quidem
1300 3723 1429 3804 accipio,
1454 3731 1490 3786 ut

127 3813 202 3876 inde
226 3833 371 3878 summam
394 3817 424 3878 in
448 3825 479 3880 te
502 3817 745 3879 benevolentiam
768 3817 799 3878 iu
823 3817 927 3878 harum
951 3815 1060 3876 artium
1084 3814 1214 3875 cultores
1240 3812 1411 3888 aestimem;
1435 3830 1490 3891 per

128 3921 202 3967 sese
225 3923 297 3966 vero
320 3924 378 3966 nou
403 3913 520 3969 tantam
544 3906 604 3968 viru
628 3906 740 3968 habeut
755 3905 914 3979 alliciendi,
939 3911 1082 3986 quautam
1106 3902 1180 3965 haec
1196 3921 1233 3965 ex
1247 3901 1490 3965 confabulatione

129 3990 315 4056 suavissima
338 4002 406 4057 orta
428 3996 584 4076 voluptas,
616 3995 686 4076 quia
708 3995 738 4056 in
762 4015 809 4057 me
838 4014 895 4058 non
920 3993 1053 4068 invenio,
1082 4011 1174 4074 quare
1198 3992 1252 4054 illa
1275 3992 1330 4054 abs
1353 3999 1385 4054 te
1408 3992 1492 4054 dicta

131 4082 273 4144 encomia
295 4083 367 4146 mihi
388 4084 531 4165 privatim
556 4083 756 4163 comprobem.

223 4171 343 4253 Sequar
366 4181 467 4235 tamen
499 4173 647 4255 epistolae
680 4180 749 4234 tuae
782 4172 873 4235 filum.
920 4173 1015 4247 Eece,
1051 4191 1140 4254 quam
1162 4167 1321 4251 magnifice
1340 4170 1492 4250 jacturam

129 4260 390 4343 praestantissimi
415 4263 580 4326 astronomi
602 4263 659 4323 hac
682 4262 805 4325 tutelari
829 4282 897 4325 mea
924 4262 1115 4324 successione
1138 4267 1300 4339 pensatam
1323 4259 1491 4322 arbitraris.

129 4350 202 4414 Non
227 4350 374 4426 diffiteor,
409 4371 476 4428 me,
508 4352 650 4435 Tychone
674 4362 810 4428 mortuo,
842 4346 1021 4414 haeredibus
1044 4351 1094 4412 vel
1118 4349 1293 4411 absentibus
1316 4349 1365 4410 vel
1387 4367 1493 4429 parum

129 4439 255 4520 peritis,
285 4439 531 4503 observationum
558 4441 732 4503 relictarum
755 4443 884 4503 tutelam
906 4441 978 4503 mihi
1002 4439 1185 4501 confidenter
1213 4445 1245 4499 et
1280 4437 1381 4498 forsan
1405 4455 1493 4499 arro·

118 4535 244 4609 gauter
265 4547 443 4608 usurpasse,
470 4531 607 4593 adversis
630 4531 793 4592 haeredum
817 4529 1038 4603 voluntatibus,
1068 4547 1127 4589 nou
1151 4526 1279 4588 obscura
1302 4533 1403 4587 tamen
1423 4525 1493 4605 jus-

131 4616 220 4680 sione
243 4617 454 4699 imperatoris3
489 4620 538 4701 qui
562 4639 628 4681 cum
653 4639 752 4683 curam
776 4619 1043 4682 instrumentorum
1066 4615 1139 4679 mihi
1162 4615 1392 4690 demandasset,
1427 4633 1494 4697 ego,

133 4707 200 4771 late
225 4716 350 4788 accepto
374 4710 528 4786 mandato,
554 4709 783 4770 observationes
807 4708 997 4790 potissimum
1021 4705 1122 4786 recepi
1137 4704 1297 4766 curandas.
1335 4704 1436 4767 Multa
1458 4723 1496 4766 ex

134 4814 172 4860 eo
196 4798 404 4861 controversia
427 4816 475 4860 me
497 4798 577 4860 inter
600 4805 633 4860 et
648 4797 804 4873 haeredes,
830 4799 900 4860 dum
914 4816 971 4878 ego
985 4796 1138 4877 publicum
1153 4793 1341 4856 commodum
1356 4793 1495 4874 respicio,

131 4885 211 4967 ipsis
242 4885 280 4949 de
306 4885 427 4968 privato
456 4904 510 4951 suo
535 4908 554 4950 a
577 4884 712 4950 Caesare
743 4895 866 4967 praeter
894 4894 998 4950 votnm
1026 4885 1107 4948 lente
1138 4881 1298 4945 admodum
1321 4881 1496 4946 satisfieret.

188 4989 278 5041 aeplsrl
292 4991 394 5042 0persl.
1251 4987 1285 5039 24
