3278 5542
634 333 664 383 de
684 333 754 383 rebus
773 334 934 399 astrologicis
1398 333 1462 400 349

104 491 240 557 pualimes
259 489 351 556 aliquid
369 492 436 542 aliud
455 493 487 542 ad
506 506 550 542 uos
569 491 715 551 redundare,
736 492 773 540 rel
792 493 813 541 si
832 493 889 558 quid
907 495 1042 556 proveniat,
1062 492 1088 541 id
1106 489 1177 549 lucis,
1196 493 1235 541 rel
1248 494 1354 543 maxime
1375 495 1462 543 caloris

104 562 223 613 beneficio
243 562 275 612 ad
294 578 338 612 nos
357 565 505 629 pertingere.
544 563 699 628 astrologica
723 577 780 613 rero
799 566 952 628 experientia
969 569 1089 619 testatur,
1118 562 1233 625 planetas
1252 564 1296 612 sub
1315 564 1393 614 Terra
1412 568 1461 614 exi·

104 639 213 691 stentes,
232 648 306 699 quum
322 648 371 683 nec
388 634 471 684 lumen
490 649 537 685 nec
556 634 664 684 calorem
682 649 753 684 suum
772 634 805 684 ad
823 650 867 683 nos
886 635 1028 692 demittunt,
1047 634 1148 683 visdon
1162 640 1188 682 et
1201 635 1372 684 abscissoriem
1391 651 1462 685 suam

104 705 227 762 rirtutem
246 711 318 754 utet
337 706 397 755 allos
416 706 520 756 effectus
539 719 660 755 exercere.
699 705 813 769 Sequitur
824 707 907 770 igitur,
926 711 952 756 et
969 713 1068 770 praeter
1085 705 1166 754 lucem
1184 711 1211 753 et
1224 705 1330 754 calorem
1344 708 1462 756 astralem

104 774 167 825 Solis
186 775 272 825 stellas
291 777 367 826 etiam
386 777 448 826 alias
467 779 568 826 virtutes
587 775 698 833 babere,
725 791 790 840 quae
815 791 863 826 neo
888 777 936 826 luci
963 791 1009 827 nec
1034 776 1108 825 calori
1137 776 1234 824 illamm
1255 784 1313 824 snut
1332 777 1460 841 alligatae.

104 845 247 908 Quaeritur,
264 862 324 896 nam
342 848 407 897 solus
426 848 494 898 calor
512 847 577 898 Solis
596 847 705 897 vivificus
724 855 793 896 motu
810 862 855 896 suo
875 862 957 897 annuo
976 850 1060 897 omnia
1077 852 1184 910 vegetet,
1204 846 1262 911 quid
1279 848 1354 912 igitur
1373 849 1461 898 stellae

104 926 183 985 agant
202 918 235 967 ad
254 925 390 968 ceterarum
409 935 489 970 rerum
508 917 739 969 conservationem?
776 917 886 969 Necesse
905 920 959 977 erit,
978 919 1026 968 illls
1046 917 1121 967 aliam
1140 919 1220 966 inesse
1240 919 1288 966 rim
1308 927 1334 967 et
1353 921 1461 968 animam

104 981 221 1039 ἱιιιιΙειι
240 990 372 1047 occultam,
392 1005 464 1055 quam
483 991 658 1040 insensibiliter
670 990 854 1040 communicant
865 990 936 1039 rebus
950 991 1047 1040 creatis.
1075 987 1138 1038 Solis
1151 996 1252 1038 externo
1275 989 1357 1038 calore
1378 993 1462 1039 omnia

104 1068 266 1126 vegetantem
292 1061 372 1125 quisi
391 1077 439 1111 nou
458 1063 621 1125 percipiatur,
641 1060 700 1109 nibil
720 1060 788 1110 calor
805 1062 915 1110 internus
935 1067 961 1111 et
979 1061 1089 1110 occultus
1108 1061 1190 1109 facere
1208 1065 1302 1122 potest;
1331 1062 1368 1110 sic
1387 1068 1412 1110 et
1431 1061 1461 1110 de

104 1132 180 1182 stellis
196 1131 367 1194 judicandum.
389 1139 415 1182 et
433 1147 479 1182 eae
497 1139 625 1182 externum
644 1133 751 1182 calorem
771 1147 820 1180 non
838 1132 940 1189 habent,
961 1147 1019 1198 ergo
1038 1146 1084 1181 uec
1103 1132 1152 1179 rim
1171 1130 1310 1180 vivificandi
1323 1130 1375 1181 Soli
1394 1147 1459 1181 com-

104 1216 220 1255 munem,
252 1217 355 1253 necessa
375 1210 414 1253 est
430 1205 523 1269 igitur,
555 1205 667 1255 occultas
685 1202 731 1252 illis
755 1205 836 1252 inesse
855 1205 919 1252 vires
941 1210 967 1252 et
984 1202 1154 1258 influentiam.
1186 1216 1260 1265 quam
1279 1205 1462 1255 communicent

104 1275 203 1325 creatis.
239 1274 305 1340 Ergo
323 1274 412 1324 falsum
430 1275 486 1331 hoc,
505 1274 591 1325 stellas
609 1274 664 1326 luce
684 1280 710 1325 et
727 1282 796 1324 motu
815 1288 889 1339 agere
908 1275 996 1332 solum,
1015 1274 1084 1323 nulla
1103 1274 1154 1323 alia
1172 1273 1276 1323 ratione.

192 1398 395 1477 Keplerus:
425 1399 473 1459 An
498 1400 581 1460 calor·
606 1406 636 1459 et
661 1400 710 1460 lux
731 1398 773 1458 sit
794 1397 963 1458 vehiculum
978 1397 1121 1458 virtutum
1135 1396 1328 1458 sideralium?
1351 1398 1459 1460 Nonne

104 1486 204 1549 omnia
228 1486 440 1549 dilucidissime
465 1488 591 1550 distinxi
615 1487 643 1548 in
670 1485 891 1548 fundamentis?
938 1485 982 1546 Tu
1007 1503 1076 1547 vero
1101 1486 1172 1547 mihi
1197 1486 1348 1565 negotium
1373 1488 1460 1548 exhi-

104 1582 155 1636 bes
181 1594 238 1637 uon
256 1575 474 1638 necessarium.
521 1576 678 1646 Quatenus
707 1575 758 1636 lux
790 1584 837 1636 est
870 1574 1038 1638 vehiculum
1070 1575 1207 1650 illarum,
1244 1593 1303 1635 nou
1330 1586 1399 1638 sunt
1430 1577 1460 1637 in

104 1683 213 1743 magna
237 1664 385 1726 varietate
409 1666 456 1726 vel
481 1665 699 1726 inconstantia:
732 1684 808 1744 quae
832 1662 955 1725 veroin
980 1664 1045 1725 dies
1070 1670 1236 1738 mutantur,
1261 1682 1367 1743 nempe
1392 1666 1458 1744 ple-

104 1772 198 1833 raque,
220 1771 330 1828 eorum,
356 1773 431 1833 quae
456 1755 648 1816 considerant
663 1753 818 1833 astrologi,
846 1761 915 1814 suut
938 1770 1029 1832 opera
1049 1771 1106 1813 non
1122 1751 1286 1826 stellarum,
1313 1754 1366 1814 sed
1386 1755 1459 1815 sub-

104 1841 248 1903 nnarium
274 1843 426 1916 mentium,
451 1862 527 1923 quae
552 1842 726 1922 corporibus
749 1842 940 1922 praesident,
964 1849 995 1902 et
1018 1849 1168 1903 astrorum
1191 1840 1301 1903 sitibus
1325 1845 1458 1921 configu-

104 1930 328 2010 ·atiorribusque
353 1931 463 1994 mutuis
488 1940 644 1993 moventur
667 1940 701 1992 ut
725 1931 863 2010 objectis.
909 1930 974 1992 Nec
990 1928 1140 1992 Saturnus
1165 1938 1213 1992 est
1235 1929 1390 1992 abscissor
1405 1951 1461 1991 sua

104 2028 221 2093 natura,
247 2020 302 2079 sed
324 2021 538 2100 imaginatione
563 2020 718 2081 facultatis
734 2020 835 2082 vitalis
859 2020 975 2081 innato
999 2019 1127 2093 homine,
1153 2037 1229 2099 quae
1254 2019 1459 2080 characterem

104 2109 266 2170 coelestem
290 2109 319 2169 in
346 2129 413 2170 esse
437 2120 469 2171 et
492 2110 554 2172 fieri
579 2109 695 2182 (radice
720 2119 751 2170 et
774 2108 954 2181 directione)
982 2107 1012 2169 in
1037 2127 1070 2169 se
1093 2109 1243 2188 suscepit,
1273 2127 1397 2188 eumque
1421 2111 1459 2169 ad

104 2198 191 2260 inem
214 2198 296 2258 vitae
321 2198 511 2261 circumfert:
537 2217 593 2258 uon
619 2198 756 2271 otiosum,
782 2199 835 2258 sed
860 2199 957 2259 instar
981 2196 1091 2275 objecti
1115 2198 1250 2266 alterius,
1275 2197 1313 2258 ad
1333 2217 1458 2259 manen-

104 2296 163 2348 tem
193 2294 225 2346 et
254 2287 511 2365 praescribentem
544 2287 775 2348 conrurotiouum
808 2287 944 2348 vitalium
975 2286 1155 2347 naturalium
1180 2286 1352 2347 animalium
1377 2288 1459 2365 leges

104 2383 135 2436 ct
156 2374 364 2451 incitamenta,
388 2395 464 2456 quae
489 2374 640 2448 eveniunt,
666 2383 696 2436 et
719 2376 749 2436 in
774 2393 848 2455 opus
862 2376 1012 2453 prodeunt
1026 2375 1201 2436 salutariter
1220 2376 1267 2436 vel
1283 2375 1458 2453 perniciose,

104 2482 154 2543 pro
180 2465 318 2542 subjecta
342 2467 470 2527 materia
493 2474 525 2526 et
548 2465 783 2526 circumstantiis
807 2465 948 2533 locorum,
972 2473 1150 2546 temporum,
1175 2464 1275 2525 dietae
1295 2472 1351 2525 etc.
1393 2463 1458 2526 Ne-

104 2572 158 2633 que
184 2556 266 2614 coelo
291 2554 419 2615 virtutes
443 2555 578 2617 occultas
602 2562 634 2614 et
658 2553 895 2629 irrationabiles,
929 2553 983 2615 sed
1016 2553 1136 2614 animae
1166 2552 1459 2642 potiusxfacultates

104 2642 242 2703 sensibus
266 2662 325 2703 nou
349 2651 468 2705 utentes
492 2642 600 2717 tribuo,
625 2661 682 2704 uon
708 2662 786 2704 nova
809 2643 920 2722 specie,
946 2642 1045 2703 sciunt
1068 2644 1264 2704 enimomnes
1288 2643 1325 2702 de
1346 2643 1458 2704 forma-

104 2730 169 2792 trici
205 2731 367 2805 facultate,
411 2751 487 2812 quae
520 2750 577 2793 nou
606 2749 645 2793 ex
676 2733 864 2812 praescripto
892 2739 993 2793 tactus
1025 2751 1081 2793 aua
1117 2731 1217 2792 munia
1257 2730 1459 2800 administrat,

104 2820 196 2880 multo
220 2820 317 2881 miuus
342 2840 379 2881 ex
404 2822 530 2883 aliorum
554 2839 711 2894 sensuum,
746 2822 799 2882 sed
825 2839 861 2881 ex
890 2820 997 2882 intima
1019 2820 1137 2882 ratione
1165 2820 1234 2881 iude
1264 2820 1459 2881 screatione

104 2908 160 2971 sibi
186 2909 414 2971 communicata.
449 2908 538 2980 Quod
562 2910 588 2969 si
612 2929 703 2970 sensu
728 2911 830 2983 utitur,
855 2916 889 2969 at
904 2909 1063 2970 formatrix
1085 2908 1115 2971 in
1131 2909 1226 2970 Terra
1240 2927 1331 2971 sensu
1347 2927 1457 2983 eorum,

104 3015 180 3078 quae
212 3007 283 3059 sunt
316 2999 353 3060 de
376 2999 531 3079 praesenti
563 2998 593 3059 in
625 2999 748 3074 mundo,
782 2998 852 3060 dum
884 2997 1143 3059 insubterraneis
1172 2996 1297 3077 effugiet
1320 2998 1460 3059 sensibus

104 3085 268 3160 bominum
307 3095 341 3148 ut
372 3087 531 3149 formatrix
562 3087 669 3148 matris
707 3106 797 3149 sensu
825 3093 977 3148 astrorum
1007 3087 1196 3149 redeuntium
1226 3087 1265 3147 ad
1289 3088 1380 3149 situm
1404 3106 1458 3149 suo

104 3174 240 3249 similem,
266 3183 348 3238 certe
372 3177 398 3238 is
423 3195 529 3238 sensus
553 3195 611 3238 nou
635 3195 673 3236 ex
696 3176 888 3256 vulgatorum
912 3176 1039 3256 quinque
1063 3195 1184 3238 numero
1209 3175 1277 3237 erit.

192 3280 255 3342 Soli
282 3280 418 3360 equidem
441 3281 619 3361 potissimas
642 3281 740 3344 tribuo
764 3281 794 3343 iu
810 3282 989 3356 actionibus,
1014 3301 1090 3362 quae
1115 3290 1186 3344 sunt
1209 3282 1307 3343 stellis
1321 3281 1460 3361 propriae

104 3377 132 3431 et
156 3371 316 3449 genuinae.
363 3371 409 3430 At
432 3369 460 3430 iu
486 3370 543 3431 hac
566 3372 682 3432 ratione
707 3371 818 3450 objecti
847 3380 878 3432 et
902 3372 1069 3433 animorum
1102 3371 1195 3432 ceteri
1218 3372 1361 3450 planctae
1384 3390 1460 3453 pene

104 3459 165 3538 pari
189 3478 282 3538 passu
306 3478 373 3521 cum
397 3457 469 3520 Sole
493 3458 657 3533 ambulant,
682 3469 717 3521 ut
739 3461 836 3539 majus
861 3461 901 3522 sit
924 3469 1105 3522 momentum
1128 3460 1157 3519 in
1183 3456 1290 3536 abii,
1316 3478 1405 3540 quam
1429 3460 1459 3520 in

104 3545 232 3624 5de
268 3548 337 3628 quia
360 3548 436 3626 conj.
464 3556 512 3609 est
534 3548 714 3610 modificatio
740 3549 908 3628 objectiva,
932 3549 1032 3608 nitens
1057 3567 1114 3608 non
1140 3556 1247 3609 natura
1269 3551 1459 3626 planetarum

104 3638 275 3712 relatorum,
302 3638 355 3698 sed
380 3637 595 3716 imaginatione
620 3638 805 3716 geometrica
828 3637 987 3709 mentium,
1014 3655 1090 3715 quae
1114 3636 1288 3714 praesident
1311 3637 1458 3716 patieuti-

104 3727 159 3788 bus
184 3726 369 3806 corporibus.
416 3726 501 3787 Haec
525 3727 639 3789 centies
663 3727 691 3786 iu
718 3727 813 3787 literis
837 3727 876 3788 ad
901 3727 944 3786 'l'e
968 3725 1102 3786 invenies
1126 3725 1286 3786 inculcata.

174 3866 360 3916 Fabricius:
385 3866 443 3918 Jam
462 3866 494 3917 ad
514 3865 572 3916 alia.
606 3867 729 3925 Concedo,
748 3867 897 3917 Mercurium
916 3880 976 3931 prae
995 3866 1050 3916 aliis
1068 3868 1094 3916 in
1112 3881 1156 3916 suo
1174 3873 1243 3916 motu
1256 3880 1310 3917 esse
1329 3867 1457 3916 incertum.

104 3937 174 3987 facit
196 3937 243 3986 boc
267 3944 385 4001 exparte
409 3937 554 3987 observandi
573 3939 776 3995 incommoditas,
803 3937 962 3987 latitudinum
980 3938 1108 4002 implicata
1126 3938 1233 3987 sanetus
1252 3935 1298 3988 dte.
1334 3936 1460 3988 Videntur

104 4014 187 4059 autem
206 4013 257 4056 tres
275 4007 433 4058 latitudinum
452 4009 547 4072 species
566 4009 599 4059 ad
618 4009 680 4059 duas
699 4006 750 4072 (rel
769 4011 844 4059 etiam
862 4023 938 4058 uuam
957 4011 982 4057 iu
994 4005 1108 4068 Venere)
1129 4009 1257 4059 commode
1275 4009 1360 4060 reduci
1371 4023 1459 4073 posse:

104 4095 126 4129 ,ιι
144 4080 301 4143 longitudine
319 4094 414 4144 quoque
432 4080 570 4129 faciliorem
587 4082 653 4130 viam
677 4083 781 4130 lureniri
799 4096 870 4145 posse
889 4095 938 4130 nou
957 4081 1049 4130 dubito.
1088 4080 1149 4129 Cum
1168 4081 1268 4130 reflexio
1287 4088 1313 4130 et
1331 4081 1460 4130 inclinatio

104 4151 208 4216 spicycli
227 4151 365 4214 aequaliter
384 4151 420 4200 rel
439 4153 654 4215 proportionaliter
671 4160 787 4203 crescant
805 4160 832 4203 et
849 4152 1010 4209 decrescant,
1035 4152 1110 4202 facile
1128 4157 1213 4216 patet,
1239 4167 1316 4202 unam
1333 4154 1460 4217 utriusque

104 4234 206 4273 causam
226 4236 289 4270 esse.
325 4221 471 4287 Imagineris
490 4222 534 4270 tibi
553 4223 690 4287 epicyclum
708 4223 825 4274 Mercurii
850 4221 928 4285 (more
948 4222 1101 4273 Ptolemaico
1120 4223 1159 4272 rel
1177 4219 1366 4286 Tycboniauc),
1391 4225 1460 4285 culus

104 4292 171 4341 linea
189 4292 296 4357 spogsei
315 4306 370 4340 cum
382 4299 434 4341 toto
454 4292 563 4356 epicyclo
581 4294 734 4357 paralleliter
752 4296 790 4345 rel
802 4292 1038 4359 perpendiculariter
1055 4295 1100 4357 ipsi
1114 4295 1220 4358 apogaei
1234 4295 1365 4344 eeceutrici
1379 4293 1461 4343 lineae

104 4368 233 4412 aoveatur
250 4377 354 4425 semper,
374 4364 446 4427 idque
465 4364 498 4412 ad
517 4371 610 4413 motum
628 4364 692 4415 Solis
712 4378 830 4416 monum.
867 4365 1004 4415 Mercurius
1022 4371 1152 4415 moveatur
1168 4367 1194 4414 in
1208 4366 1328 4429 epioyclc,
1345 4372 1375 4414 ut
1387 4364 1461 4414 debet

104 4438 173 4490 iuxta
191 4447 262 4482 suam
280 4434 415 4497 periodum.
452 4435 507 4484 Hoc
525 4436 598 4484 modo
615 4436 676 4493 liet,
702 4444 731 4486 ut
748 4450 813 4501 quae
832 4445 887 4487 erat
905 4438 1016 4501 superior
1037 4450 1095 4499 pars
1114 4432 1218 4500 eplcycil
1247 4436 1343 4498 (cantro
1362 4439 1416 4499 ejus
1433 4437 1459 4484 in

104 4519 170 4569 auge
189 4506 322 4554 ccceutrici
342 4504 503 4566 constituto),
531 4508 557 4554 in
575 4508 645 4556 nodis
664 4509 701 4557 rel
721 4509 843 4572 quadrato
863 4510 968 4574 apogaei
988 4509 1120 4557 eccentrici
1138 4509 1185 4570 ipsi
1204 4508 1333 4570 eclipticas
1350 4510 1459 4562 uniatur.

104 4582 236 4627 utcontra
259 4577 383 4625 maximae
406 4576 545 4627 reflexiouis
568 4585 686 4641 puuctum
710 4579 814 4629 lateralo
842 4577 878 4641 (in
898 4593 1010 4644 apogaeo
1028 4579 1161 4629 eccentrici
1185 4579 1319 4628 constituto
1337 4574 1459 4642 cpicyclo)

104 4654 164 4696 tuuc
182 4645 325 4696 devolvatur
343 4647 376 4696 ad
394 4646 486 4697 lineam
503 4647 579 4697 medii
596 4656 677 4699 mutua
689 4648 754 4699 Solis
772 4651 805 4701 ad
823 4650 900 4700 nodos
917 4650 1069 4707 audactam,
1088 4664 1152 4715 quae
1165 4656 1191 4700 et
1202 4649 1305 4714 epicycli
1321 4663 1460 4715 apogaeum

104 4717 176 4782 rulgo
197 4719 329 4774 statuitur;
359 4724 385 4767 et
402 4720 439 4768 sic
457 4718 596 4768 reflexionis
613 4728 747 4784 punctum,
765 4721 842 4785 quod,
863 4722 971 4787 epicyclo
989 4722 1016 4771 iu
1035 4722 1168 4771 ecceutrici
1185 4734 1298 4786 apogaeo
1317 4722 1460 4775 constituto.

104 4794 158 4839 arat
176 4789 201 4836 in
219 4788 339 4839 lateribus
357 4791 477 4854 epicycli,
503 4805 570 4840 nuuc
588 4792 612 4840 in
632 4793 725 4844 bucam
743 4792 817 4844 medii
842 4800 924 4844 motus
943 4792 1006 4844 Solia
1025 4792 1135 4852 incidat,
1162 4798 1188 4843 et
1205 4793 1242 4843 sic
1259 4794 1392 4843 maximam
1411 4791 1460 4841 illic

104 4858 290 4915 ucliuatioucm
307 4861 392 4910 faciat
803 4875 812 4886 ⁶
