3278 5542
647 336 773 390 'We
792 339 825 388 td
843 334 970 390 m·
1426 327 1487 407 td't

118 494 252 574 quilibet
276 518 296 558 a
318 497 452 577 quolibet
474 498 502 559 io
527 494 696 577 (lopernico
711 496 883 561 dissideret.
930 500 1094 562 Plurimum
1120 499 1265 579 temporis
1289 498 1349 563 isto
1374 502 1487 579 labore,

118 584 209 663 quasi
244 585 324 659 lusu,
358 587 493 668 perdidi;
527 606 592 648 cnm
626 588 708 649 nulla
742 606 836 667 neque
870 588 1001 667 ipsarum
1039 590 1276 668 proportionum,
1310 609 1406 671 neque
1437 593 1486 654 in·

118 683 345 737 crementorum
376 682 539 755 appareret
572 676 761 755 aequalitas:
795 676 926 756 nihilque
959 676 1101 737 utilitatis
1130 676 1198 737 inde
1225 679 1364 759 percepi,
1399 699 1488 760 quam

118 765 201 843 quod
227 764 391 826 distantias
415 765 514 844 ipsas,
548 772 582 825 nt
614 761 825 844 aCopernico
855 766 994 845 proditae
1027 772 1114 839 sunt,
1148 766 1296 828 altissime
1324 770 1487 831 memoriae

120 853 289 931 insculpsi:
324 854 460 934 qnodque
484 854 559 914 haec
582 852 733 914 variorum
757 859 917 914 conatuum
941 854 1185 915 commemoratio
1214 861 1297 917 tunm
1321 876 1486 934 assensum,

120 941 238 1011 lector,
263 942 349 1021 quasi
371 940 495 1003 marinis
518 941 672 1015 fluctibns,
705 941 792 1002 anxie
819 942 887 1002 hinc
911 942 979 1002 inde
997 942 1116 1020 jactare
1139 950 1256 1021 potest,
1281 945 1388 1024 quibus
1412 948 1487 1008 fati-

122 1040 216 1110 gatus
247 1030 373 1110 denique
404 1036 491 1091 tauto
519 1029 623 1092 libent
601 1038 660 1092 trus
685 1031 724 1091 ad
747 1049 856 1092 causas
880 1031 936 1092 hoc
960 1030 1061 1091 libello
1086 1031 1257 1109 expositas,
1282 1039 1425 1136 tanquam
1449 1036 1486 1097 ad

122 1127 224 1180 tutum
254 1125 373 1198 portum
401 1126 432 1180 te
456 1118 594 1200 recipias.
642 1117 886 1181 consolabantur
910 1138 956 1180 me
990 1127 1090 1180 tamen
1123 1119 1247 1181 subinde
1280 1122 1348 1182 et
1339 1142 1369 1183 ιιι
1402 1142 1486 1203 spem

120 1207 280 1269 meliorem
311 1208 471 1288 erigebant
508 1226 575 1269 oum
604 1209 682 1269 aliae
716 1207 864 1281 rationes,
899 1227 974 1287 qnae
1003 1207 1087 1269 infra
1112 1215 1287 1289 sequentur,
1320 1217 1384 1272 turn
1408 1213 1486 1292 quod

122 1315 247 1376 semper
279 1306 379 1358 motus
407 1296 583 1358 &stantiam
613 1314 691 1376 pone
719 1296 805 1377 sequi
828 1296 1001 1372 videbatur,
1035 1303 1125 1376 atque
1157 1295 1208 1360 nbi
1236 1316 1363 1378 magnus
1386 1299 1487 1363 hiatus

123 1396 193 1446 erat
224 1386 305 1447 iuter
331 1386 437 1461 orbes,
472 1393 539 1447 erat
567 1392 597 1446 et
619 1386 699 1447 inter
726 1392 835 1446 motus.
883 1382 971 1455 Quod
995 1385 1021 1446 si
1046 1385 1250 1464 (cogitabam)
1273 1387 1355 1448 Dens
1388 1397 1487 1451 motus

123 1475 164 1534 ad
190 1475 405 1537 distantiarum
428 1475 647 1555 praescriptum
671 1474 791 1553 aptarit
814 1473 952 1535 orbibus:
977 1473 1080 1555 utique
1105 1482 1136 1535 et
1158 1475 1241 1554 ipsas
1260 1475 1425 1558 distantias
1449 1478 1487 1539 ad

122 1563 256 1643 alicujus
278 1565 323 1625 rei
346 1564 566 1643 praescriptum
590 1554 837 1625 accommodavit.

215 1652 294 1715 Cum
316 1653 409 1732 igitur
431 1652 490 1714 hac
513 1670 571 1714 non
595 1653 785 1727 succederet,
809 1651 872 1712 alia
893 1650 957 1724 via,
982 1650 1087 1712 mirum
1111 1668 1201 1729 quam
1223 1651 1345 1724 audaci,
1370 1654 1486 1716 tentavi

120 1741 253 1803 aditum.
303 1742 386 1803 Inter
412 1743 519 1804 Jovem
549 1748 581 1802 et
611 1741 744 1803 Martem
778 1740 943 1821 interposui
976 1758 1083 1801 novum
1115 1739 1323 1819 planetam,·)
1357 1741 1487 1823 itemque

123 1831 219 1893 alium
245 1830 324 1893 inter
347 1829 499 1892 Venerem
521 1839 554 1892 et
576 1831 772 1906 Mercurium,
807 1848 881 1911 qnos
904 1829 979 1890 duos
1003 1829 1080 1890 forte
1104 1827 1142 1888 ob
1166 1829 1332 1892 exilitatem
1356 1849 1414 1891 non
1437 1832 1486 1892 vi-

125 1920 269 1994 deamus,
295 1918 391 1999 iisque
414 1938 470 1980 sua
493 1928 629 1998 tempora
647 1913 802 1999 ’περιοιικα
826 1918 962 1997 ascripsi.
1009 1916 1061 1980 Sic
1085 1915 1164 1977 enim
1187 1918 1414 1993 existimabam,
1440 1939 1486 1982 me

126 2009 261 2088 aliquam
284 2008 501 2088 aequalitatem
523 2008 748 2088 proportionum
773 2009 965 2079 effecturum,
991 2024 1065 2086 quae
1085 2007 1293 2085 proportiones
1310 2009 1388 2070 inter
1402 2009 1488 2070 binos

129 2115 235 2160 sersus
260 2096 363 2160 Solem
396 2098 500 2160 ordine
523 2096 738 2172 minuerentur,
771 2117 879 2159 versus
902 2096 978 2156 lixas
1002 2103 1215 2174 augescerent:
1241 2105 1273 2157 ut
1295 2096 1417 2177 propior
1440 2105 1489 2159 est

130 2185 222 2247 Tarra
246 2187 360 2247 Veneri
391 2187 421 2247 in
451 2185 622 2266 quantitate
645 2187 726 2249 orbis
746 2184 928 2259 Terrestris,
962 2202 1049 2262 quam
1076 2184 1159 2244 Mars
1186 2184 1298 2246 Terrae
1327 2185 1354 2246 in
1390 2204 1488 2265 quan·

132 2273 218 2336 titate
252 2275 334 2336 orbis
366 2274 481 2336 Martii.
528 2275 642 2336 Verum
673 2294 768 2356 neque
802 2275 888 2336 unius
919 2272 1060 2352 planetae
1096 2272 1287 2352 interpositio
1319 2272 1490 2335 sufficiebat
1608 2282 1610 2285 ’

135 2361 243 2442 ingenti
267 2363 363 2425 hiatui
385 2363 416 2437 il
440 2370 471 2429 et
494 2371 530 2433 d.
577 2364 723 2426 Manebat
754 2364 832 2425 enirn
854 2361 952 2441 major
980 2360 1067 2422 Jovis
1102 2361 1246 2423 edilium
1279 2374 1386 2425 novum
1414 2380 1487 2442 pro-

140 2453 244 2530 portio,
282 2472 369 2532 quam
406 2461 455 2513 est
483 2450 606 2514 Saturni
641 2453 680 2514 ad
712 2453 834 2514 Jovem:
874 2460 905 2513 et
939 2450 994 2510 hoc
1025 2458 1116 2528 pacto
1150 2451 1286 2529 quamvis
1320 2451 1487 2514 obtinerem

144 2541 362 2621 qualemcunque
390 2541 629 2621 proportionem,
659 2543 757 2604 nullus
781 2549 881 2603 tamen
905 2558 972 2601 cum
1001 2538 1116 2600 ratione
1149 2539 1229 2614 linis,
1265 2541 1363 2601 nullus
1386 2548 1487 2602 certus

148 2647 268 2692 numerus
292 2629 444 2692 mobilium
469 2631 584 2692 futurus
609 2638 691 2699 erat,
726 2650 820 2711 neque
844 2647 950 2691 versus
974 2627 1066 2698 fixas,
1097 2646 1189 2707 usque
1214 2629 1283 2689 dum
1307 2630 1378 2690 illae
1402 2629 1487 2708 ipsae

151 2728 338 2780 occurrerent:
371 2738 466 2799 neque
490 2737 595 2780 versus
620 2718 723 2782 Solem
748 2739 891 2800 unquam,
924 2715 993 2797 quia
1016 2715 1123 2776 divisio
1152 2716 1243 2795 spatii
1272 2724 1342 2795 post
1365 2718 1487 2778 Mercu-

153 2804 208 2867 n'nm
229 2807 340 2869 residui
374 2808 531 2887 perhanc
563 2808 786 2912 proportionem
813 2808 842 2870 io
871 2806 1016 2870 infinitum
1044 2804 1232 2884 procederet.
1280 2806 1385 2885 Neque
1411 2806 1488 2866 enim
1544 2869 1546 2874 .

153 2892 278 2959 ebullius
299 2896 413 2957 numeri
432 2895 590 2957 nobilitate
611 2897 773 2976 conjectari
796 2893 1048 2976 poteram‘),

154 2999 190 3042 mr
207 3003 257 3063 pro
281 2984 404 3045 infinitis
432 2993 495 3046 tam
518 3005 615 3064 pauca
637 2984 758 3047 mobilia
786 2985 979 3047 extitissent:
1018 3022 1054 3085 Δ
1192 2967 1238 3018 ¹¹⁸·
1254 2971 1275 3010 ⁸'

153 3067 234 3151 h'eque
257 3073 433 3135 verisimilia
456 3073 529 3134 dicit
551 3073 733 3136 Rheticus
725 3094 756 3135 m
784 3095 839 3137 sua
861 3074 979 3137 Narra-
1028 3060 1405 3125 M*
1461 3048 1479 3094 υ

155 3156 222 3235 tione,
246 3182 312 3224 cum
336 3183 356 3223 a
378 3161 542 3224 sanctitate
565 3163 674 3225 senarii
693 3169 919 3242 argumentatur
942 3161 982 3222 ad
1027 3141 1288 3266 {-

155 3263 282 3312 oumemm
305 3271 360 3313 sex
387 3253 536 3313 coelomm
561 3251 722 3315 mobilium
768 3253 848 3314 Nam
871 3251 920 3331 qui
945 3227 1042 3316 do
1221 3244 1226 3256 ’

156 3331 226 3411 ipsius
239 3341 340 3402 mundi
355 3341 476 3402 conditu
491 3341 636 3421 disputat,
660 3361 716 3402 non
738 3342 827 3403 debet
849 3341 1041 3403 rationes

157 3422 222 3490 abiis
235 3429 362 3491 numeris
376 3428 495 3505 ducere,
520 3430 569 3510 qui
589 3450 626 3490 ex
640 3431 728 3491 rebus
748 3429 856 3492 mundo
875 3437 945 3509 post
947 3450 981 3490 e·

156 3510 256 3579 tantus
280 3516 458 3598 dignitatem
482 3519 613 3600 aliquam
637 3519 738 3598 adepti
762 3525 842 3581 sunt.
858 3520 886 3591 ⁸)

221 3605 350 3669 Rursum
374 3607 434 3669 alio
457 3608 544 3669 modo
561 3607 724 3687 exploravi,
749 3616 847 3669 utrum
871 3626 928 3668 non
952 3607 981 3667 in

157 3691 236 3756 todem
263 3696 431 3776 quadrante
460 3696 605 3759 distantia
647 3696 805 3799 cujuslibet
842 3697 982 3775 planetae

157 3775 184 3838 sit
201 3785 344 3846 residuum
369 3804 407 3846 ex
436 3785 519 3861 sinu,
553 3795 584 3848 et
612 3794 709 3847 motus
739 3787 802 3862 ejus
835 3785 876 3846 sit
902 3785 982 3846 resi-

156 3864 221 3933 duum
243 3892 279 3934 ex
303 3874 369 3952 ejus
388 3875 597 3954 complemeoti
618 3875 694 3936 sinu.
733 3873 880 3953 hingatnr
894 3894 981 3976 qua·
1023 3893 1045 3941 c

156 3953 249 4022 dratnm
271 3962 341 4037 AB,
368 3963 632 4025 asemidiametro
655 3963 748 4025 totius
772 3962 901 4024 universi
925 3960 982 4024 Ac

155 4042 322 4130 descriptum.
369 4050 417 4111 Ex
441 4053 551 4130 angulo
574 4052 665 4132 igitur
688 4053 713 4113 B
738 4051 801 4114 Soli
826 4051 890 4112 sive
919 4059 1021 4113 centro
1055 4052 1156 4115 mundi
1180 4052 1210 4114 A
1240 4051 1378 4132 opposito
1409 4051 1487 4114 seri-

155 4129 221 4200 batur
242 4159 307 4201 cum
330 4139 415 4201 radio
439 4138 493 4203 BC
518 4142 668 4221 quadrans
694 4139 786 4203 CED.
830 4140 978 4201 Deinde
970 4161 999 4202 m
1024 4160 1095 4203 vero
1119 4142 1220 4204 mundi
1243 4141 1327 4202 radio
1350 4137 1407 4203 Ac
1432 4159 1488 4202 uo-

155 4227 233 4288 tantur
254 4228 322 4305 Sol,
347 4229 424 4290 fixae
447 4237 479 4290 et
501 4230 622 4292 mobilia
645 4249 699 4309 pro
722 4229 840 4292 ratione
863 4229 1092 4292 distantiarum.
1118 4251 1136 4290 a
1160 4229 1266 4311 quibus
1290 4230 1408 4308 punctis
1433 4248 1489 4290 ex-

154 4308 259 4378 citantur
281 4326 393 4393 rectae,
417 4337 511 4398 usqne
535 4321 573 4381 ad
598 4320 756 4381 obversum
771 4317 834 4379 Soli
860 4319 1057 4398 quadrantem
1080 4326 1249 4399 porrectae.
1287 4316 1372 4389 Quae
1398 4317 1490 4397 igitur

154 4410 187 4460 etl
212 4406 361 4486 proportio
396 4407 624 4487 parallelorum,
658 4407 784 4468 eandem
812 4407 934 4470 virtutis
962 4409 1111 4470 moventis
1141 4408 1211 4469 tinxi
1235 4427 1328 4489 penes
1352 4404 1488 4485 singulos

155 4487 279 4560 planetas.
318 4496 352 4558 ln
368 4494 450 4558 Solis
470 4495 549 4559 linea
572 4496 704 4558 infinitas
726 4506 893 4576 permanet,
918 4497 988 4576 quia
1012 4497 1069 4558 ΑΙ)
1093 4497 1229 4577 tangitur
1253 4515 1309 4558 non
1334 4501 1488 4556 seratura

156 4582 306 4651 quadrante
344 4584 463 4646 Infinita
486 4584 578 4664 igitur
600 4585 646 4647 vis
670 4594 768 4646 motus
786 4585 815 4647 in
831 4585 913 4659 Sola,
939 4604 1044 4665 nempe
1069 4585 1109 4647 nil
1133 4586 1190 4647 nisi
1214 4594 1313 4647 motus
1336 4582 1488 4662 ipsissimo

156 4674 214 4731 λιιι.
254 4675 286 4734 In
310 4673 460 4736 Mercurio
484 4673 600 4736 infinita
624 4673 754 4737 lineam
780 4674 808 4734 K
833 4675 970 4736 abscissa
994 4681 1051 4736 est.
1091 4672 1191 4745 Quare
1216 4675 1281 4753 ejus
1305 4680 1403 4734 motus
1423 4671 1489 4750 jam

156 4762 189 4847 lsi
207 4761 240 4822 ad
259 4771 378 4824 ceteros
392 4762 612 4840 comparabilis.
646 4763 681 4825 In
705 4762 772 4824 fixis
796 4763 910 4824 amissa
933 4771 981 4825 est
1004 4763 1124 4824 omnino
1146 4763 1235 4837 linea,
1261 4770 1293 4822 et
1315 4778 1489 4838 compressa

156 4856 175 4901 ¹1¹
192 4865 296 4913 merom
318 4849 521 4939 punctumO.
568 4852 661 4916 Nulla
693 4851 785 4941 igitur
815 4851 855 4914 ibi
888 4853 983 4915 virtus
1012 4852 1051 4918 ad
1079 4860 1201 4917 motum.
1245 4851 1311 4914 Hoc
1334 4849 1489 4913 theorema
