3278 5542
151 335 217 405 436
705 339 745 393 De
771 341 949 392 l'undarneutis
1085 348 1096 367 ·
1120 340 1124 353 ⁸

152 505 178 569 si
202 508 345 584 aspectus
369 498 484 561 ratione
508 517 655 577 geneseos
679 499 838 561 familiaris
862 499 903 561 sit
926 499 1077 561 individuo
1100 500 1158 576 illi,
1189 501 1270 583 quod
1294 496 1502 562 consideratur.

151 595 220 657 Nou
244 599 292 653 est
315 590 376 651 ista
394 586 565 669 sympathia
588 595 711 667 propter
734 595 1005 667 temperamentum
1019 590 1161 668 corporis,
1186 597 1222 652 ut
1235 589 1356 653 coelum
1370 586 1403 648 iu
1416 591 1502 647 aerem

151 690 234 764 agat,
259 680 307 741 hic
331 679 361 740 in
384 685 654 756 temperamentum
677 671 824 755 corporis,
859 685 891 738 et
913 678 970 739 hoc
993 677 1022 738 in
1047 678 1192 754 animum;
1217 679 1274 761 sed
1298 683 1408 740 contra
1423 692 1499 759 coru·

150 771 265 853 patitur
288 767 403 829 animus
428 766 511 826 coelo
536 783 589 844 per
612 784 655 836 se,
681 765 750 844 quia
773 762 983 846 cognationem
1008 766 1100 829 babet
1122 786 1190 830 cunr
1213 768 1281 831 luce
1303 775 1334 828 et
1348 760 1498 836 harmonia,

150 867 220 941 post
245 858 335 919 etiam
360 874 468 935 corpus
492 874 578 915 suum
601 855 808 917 transformat.
855 855 903 916 Ac
934 874 999 916 cnm
1028 854 1115 918 homo
1144 856 1186 919 sit
1217 855 1334 919 animal
1357 850 1496 927 sociabile,

151 948 279 1010 maxime
303 945 394 1026 igitur
417 944 572 1004 sociantur
596 943 685 1004 animi
711 944 748 1005 ad
772 944 922 1025 publicum
947 963 1040 1023 opus,
1068 945 1195 1008 sociatis
1224 946 1255 1007 in
1281 942 1367 1007 coelo
1391 959 1497 1023 geome-

151 1038 226 1099 trice
250 1036 439 1115 plauetarum
465 1031 568 1093 radiis.
610 1032 676 1092 Hoc
701 1033 977 1112 autemnegotium
1000 1042 1086 1095 tanto
1110 1034 1222 1117 rectius
1244 1032 1378 1097 tractari
1400 1036 1495 1111 potest,

151 1127 177 1188 si
201 1144 302 1187 eorum
328 1140 454 1202 geneses
479 1120 508 1181 in
532 1130 651 1202 promtu
674 1122 749 1197 sint,
780 1121 829 1202 qui
859 1125 908 1194 (ut
931 1122 1101 1204 Tycbonico
1132 1123 1224 1187 verbo
1256 1120 1495 1201 1110111111-

150 1214 230 1277 blica
253 1213 429 1294 gubernant.

691 1297 825 1360 Thesis
850 1295 963 1360 LXIX.

239 1386 765 1468 11111111111111111111111111,
799 1386 869 1449 hinc
896 1387 1042 1468 specialia
1064 1396 1187 1467 petere,
1218 1395 1252 1449 et
1281 1385 1378 1460 talia,
1413 1383 1496 1465 qualia

151 1480 259 1543 curiosi
284 1479 312 1539 in
338 1476 518 1539 calendariis
542 1484 698 1556 quaeruut.
729 1473 818 1545 Quod
843 1473 921 1538 enim
945 1475 975 1537 in
998 1476 1215 1556 meteorologia
1238 1476 1311 1551 dixi,
1333 1474 1382 1537 hic
1397 1491 1496 1554 quoque

151 1569 332 1640 tenendum;
356 1565 429 1627 nibil
453 1565 490 1626 ab
515 1565 682 1644 astrologia
705 1566 767 1643 peti
792 1584 897 1644 posse,
931 1585 1018 1646 quam
1035 1582 1205 1627 sexcessum
1228 1565 1360 1645 aliquem
1383 1563 1496 1642 impetus

151 1659 330 1720 animorum:
356 1655 405 1735 qui
429 1675 488 1735 qua
511 1654 539 1715 in
564 1674 595 1716 re
621 1654 737 1716 futurus
760 1652 815 1729 sit,
843 1673 937 1735 penes
956 1654 1140 1716 liberrimum
1167 1654 1203 1719 11,
1226 1651 1362 1733 politicis
1385 1650 1496 1714 hominis

150 1746 322 1818 arbitrium,
347 1743 405 1805 Dei
428 1743 601 1821 imaginem,
636 1763 693 1803 non
718 1751 843 1804 naturae
867 1742 1013 1817 sobolem,
1039 1762 1190 1823 penesque
1214 1762 1325 1805 causas
1350 1741 1428 1803 alias
1449 1747 1497 1801 est

150 1836 215 1897 Pax
238 1835 329 1913 igitur
353 1852 391 1893 an
415 1832 525 1893 bellum
550 1832 578 1892 in
605 1832 738 1913 qualibet
762 1831 883 1912 regione
908 1833 1039 1894 futurum
1063 1832 1117 1906 sit,
1143 1831 1282 1911 judicent
1305 1850 1406 1893 rerum
1428 1827 1496 1909 poli·

151 1926 277 1987 ticarum
308 1922 417 2001 periti,
452 1920 558 2003 quibus
590 1940 648 1982 non
681 1920 779 1982 miuus
813 1920 914 2001 aliqua
945 1921 1137 2001 praedicendi
1163 1921 1293 1985 facultas
1326 1927 1390 1995 est,
1420 1937 1495 1998 quarn

151 2013 316 2090 astrologo.
363 2011 444 2074 Nam
468 2017 500 2070 et
522 2009 630 2089 politia
654 2029 738 2072 suum
764 2010 855 2071 habet
878 2029 1009 2079 morem,
1044 2018 1077 2071 nt
1105 2009 1148 2071 ita
1172 2009 1289 2085 dicam,
1323 2027 1383 2070 non
1414 2006 1496 2069 miuus

150 2120 240 2182 quam
264 2100 340 2162 coeli
364 2099 502 2161 inlluxus.
549 2098 594 2161 At
618 2099 645 2160 si
669 2098 779 2180 quain
805 2099 926 2178 regione
950 2099 1061 2160 bellurn
1086 2098 1157 2172 erit,
1187 2097 1385 2178 sequentibus
1410 2093 1496 2176 potis·

149 2191 254 2262 simum
270 2188 375 2250 diebus
391 2187 481 2249 animi
496 2186 622 2249 militum
639 2189 806 2269 ducumque
831 2188 869 2247 ad
885 2196 1115 2267 strategemata,
1130 2205 1259 2269 pugnas,
1275 2186 1362 2249 rixas
1376 2186 1496 2265 aliosque

149 2288 248 2341 motus
272 2275 382 2359 promti
406 2288 493 2338 erunt
521 2273 568 2338 l2.
593 2276 663 2338 Jao.
698 2274 727 2338 5.
757 2270 993 2339 11211111.
1027 2274 1057 2338 5.
1086 2270 1133 2338 14.
1157 2275 1249 2339 Mart.
1284 2275 1317 2338 5.
1334 2271 1387 2337 25.
1409 2271 1496 2354 April

148 2364 178 2430 1.
212 2365 261 2429 12.
293 2364 345 2428 31.
368 2366 462 2445 1111,
495 2361 526 2428 9.
550 2360 717 2439 211111,
759 2364 790 2430 8.
820 2362 866 2427 13.
892 2363 941 2429 11.
966 2363 1053 2440 turn,
1097 2365 1121 2426 1.
1147 2360 1495 2441 1111131111.

148 2450 269 2520 1121.
288 2454 373 2535 Sept.
400 2452 428 2518 3.
446 2453 553 2516 Octob.
578 2452 607 2515 5.
627 2451 676 2518 18.
693 2450 746 2518 30.
762 2454 888 2517 Novem.
916 2451 969 2517 25.
990 2453 1132 2516 Decemb.
1177 2452 1258 2517 Nam
1281 2452 1314 2516 id
1335 2450 1497 2534 experentis

148 2546 315 2607 confirmat.

702 2629 831 2692 Thesis
855 2630 954 2692 LXX.

235 2720 338 2780 Motus
363 2724 462 2780 autern
487 2719 673 2781 universales
698 2738 750 2780 seu
774 2719 933 2794 admodum
963 2718 1126 2794 notabiles,
1161 2726 1214 2781 aut
1242 2720 1335 2798 plane
1359 2714 1496 2790 novi,e1

146 2810 230 2873 coelo
260 2808 379 2888 quidem
409 2827 466 2867 non
496 2808 635 2869 videntur
662 2807 841 2886 significarl;
873 2827 938 2868 curn
963 2805 1112 2869 Saturnus
1146 2816 1177 2868 et
1199 2806 1322 2886 Jupiter
1349 2805 1407 2867 boc
1429 2821 1495 2867 auno

145 2919 204 2961 uon
228 2898 461 2976 configuremur,
486 2898 622 2976 quamvis
646 2897 761 2959 coelum
785 2917 844 2958 uua
867 2905 985 2959 tantum
1014 2906 1045 2959 ct
1067 2896 1299 2977 generalissima
1327 2915 1422 2959 11111
1441 2893 1495 2972 sig·

146 3008 273 3069 numque
298 2986 340 3047 sit
363 3004 538 3064 magnorum
563 2994 704 3047 motuum.
990 3054 994 3059 ,

233 3077 310 3137 Nam
336 3075 365 3135 in
389 3075 478 3135 rebus
502 3073 713 3136 sublunaribus
737 3074 885 3135 accedunt
909 3073 971 3135 alia
985 3072 1082 3154 magis
1101 3070 1298 3152 particularia
1314 3080 1348 3135 et
1362 3070 1494 3153 genuina,

145 3184 221 3246 quae
251 3163 428 3244 praevidere
456 3182 514 3223 non
544 3172 592 3224 est
620 3163 775 3241 astrologi.
815 3160 1030 3224 Consideretur
1062 3161 1154 3241 igitur
1181 3162 1231 3224 illc
1256 3162 1371 3225 Terrae
1398 3167 1494 3228 111111

144 3253 192 3334 qui
217 3251 362 3332 superiori
378 3249 548 3329 Septembri
573 3253 643 3313 anni
671 3248 763 3314 1601.
791 3259 886 3312 totum
910 3249 1008 3330 Rheni
1034 3259 1164 3313 tractum
1188 3258 1219 3312 et
1237 3250 1355 3313 vicinas
1370 3249 1494 3332 regiones

144 3342 265 3403 insolite
299 3339 464 3422 quassavit.
512 3340 589 3401 Nam
621 3349 652 3402 et
683 3340 851 3401 Insubriam
884 3358 949 3401 eum
979 3338 1062 3400 aiunt
1093 3338 1236 3404 sensisse.
1284 3338 1373 3403 Haec
1400 3354 1493 3403 moneo

143 3450 200 3492 non
225 3450 263 3490 ex
287 3428 461 3507 astrologia,
488 3448 553 3490 cnm
578 3430 688 3490 Terrae
713 3435 811 3489 motus
836 3438 949 3490 astrum
969 3448 1027 3490 nou
1047 3427 1096 3503 sit,
1118 3429 1171 3492 sed
1196 3448 1234 3491 ex
1250 3428 1493 3509 contemplatione

143 3519 260 3591 mnndi,
290 3527 321 3581 et
349 3517 480 3580 omnium
509 3526 689 3598 temporum,
715 3535 753 3578 ex
777 3536 836 3598 qna
857 3518 959 3579 videre
990 3525 1055 3592 est,
1088 3525 1189 3580 motus
1213 3536 1366 3581 armorum
1389 3517 1494 3581 animo·

143 3628 264 3690 rumque
290 3606 386 3670 solere
411 3607 505 3688 sequi.

680 3693 815 3754 Thesis
838 3692 955 3757 LXXI.

231 3785 365 3866 Adjungi
399 3803 436 3845 ex
467 3782 634 3863 astrologia
666 3792 794 3862 quatuor
816 3783 1005 3861 potissimum
1029 3788 1166 3861 possunt,
1203 3799 1280 3861 quae
1311 3782 1494 3862 praecipuam

140 3874 254 3936 habent
277 3872 443 3952 emphasin,
469 3872 591 3950 eclipsis
615 3871 696 3932 Solis
720 3871 749 3932 in
775 3865 814 3933 3⁰
835 3874 869 3946 ἦ
879 3918 887 3945 ,
912 3871 1031 3933 sextilis
1055 3869 1178 3934 Saturni
1202 3877 1235 3932 et
1255 3870 1369 3933 Martis
1393 3869 1493 3933 statio·

141 3962 231 4036 uarii,
257 3963 306 4041 qui
329 3980 383 4040 per
406 3968 499 4022 totum
525 3962 587 4022 sere
610 3959 787 4023 ianuarium
812 3967 844 4021 et
865 3958 1060 4031 Februarium
1083 3960 1191 4034 durat,
1226 3966 1258 4020 et
1279 3958 1373 4022 Jnnio
1402 3975 1493 4021 meuse

139 4048 320 4112 revertitur:
346 4049 515 4128 conjunctio
539 4049 625 4111 Jovis
651 4057 681 4111 et
704 4049 815 4111 Martis
839 4050 895 4109 fine
909 4046 992 4125 Julii,
1016 4047 1186 4128 conjunctio
1201 4044 1329 4110 Saturni
1348 4056 1381 4111 et
1394 4046 1492 4110 Martis

138 4157 240 4200 mense
265 4136 448 4218 Septembri.
494 4138 637 4213 Primum,
662 4138 849 4217 experientia
871 4146 1003 4201 testatur
1027 4138 1056 4200 iu
1079 4155 1189 4217 genere
1213 4136 1313 4199 solere
1335 4156 1404 4199 esse
1418 4142 1491 4198 atto·

139 4227 239 4302 nitos,
274 4227 402 4307 pavidos
435 4235 488 4289 aut
521 4236 637 4289 erectos
670 4227 700 4288 in
730 4227 971 4305 expectationem
1005 4245 1103 4288 rerum
1127 4244 1272 4287 novarum
1296 4223 1414 4289 animos
1443 4222 1490 4287 sub

138 4318 194 4379 has
217 4315 304 4377 binas
329 4316 564 4395 conjunctiones.
613 4315 698 4387 Quae
723 4335 771 4377 res
795 4315 824 4375 in
847 4314 1000 4376 homiuum
1019 4333 1131 4394 magna
1148 4313 1342 4377 multitudine
1361 4313 1490 4377 nnoloco

138 4412 334 4485 congregata,
358 4404 408 4464 vel
432 4404 469 4465 ad
493 4405 672 4484 patrandum
697 4403 823 4485 aliquid,
848 4405 897 4465 rel
921 4403 958 4465 ad
983 4403 1099 4478 clades,
1126 4411 1159 4464 ut
1182 4402 1372 4484 experientia
1393 4399 1491 4465 bellico

137 4502 277 4568 testatur,
304 4512 445 4572 magnum
468 4494 561 4555 habet
584 4503 779 4556 momentum.
824 4492 935 4555 Incidit
967 4493 1069 4553 clades
1098 4490 1259 4571 Agrieusis
1284 4508 1363 4554 anno
1392 4484 1488 4555 01111

138 4584 308 4669 oppositum
330 4581 417 4644 Jovis
441 4590 473 4643 et
496 4582 621 4642 Martis:
652 4578 774 4661 nuptiae
799 4580 982 4642 Lutetianae
1006 4581 1035 4642 in
1058 4580 1298 4660 conjunctionem
1322 4578 1443 4645 Saturni
1464 4585 1489 4638 et

136 4672 245 4733 Martis
277 4671 383 4733 itidem
415 4670 444 4732 iu
474 4670 638 4751 Scorpione
662 4688 739 4732 anno
767 4664 918 4744 1572.¹⁸)
966 4666 1096 4740 Quain
1126 4666 1370 4733 consideratione
1397 4665 1487 4751 populi

136 4760 298 4841 magistros
322 4774 354 4822 et
377 4769 509 4823 rectores
533 4759 666 4822 exerceri
690 4758 827 4840 equidem
850 4778 908 4820 nou
932 4758 1037 4821 inutile
1062 4756 1242 4821 existimem.
1288 4753 1487 4823 111111111-
