3278 5542
639 301 884 382 mliwm
1331 306 1484 399 4149

117 465 287 525 uuonan
315 468 348 527 et
373 462 505 526 mediam
529 463 678 527 rationem
706 464 781 529 secti
814 466 912 547 majus
940 475 1128 546 segmentum
1155 468 1216 533 AD
1298 495 1345 546 ra.
1362 492 1395 539 ιι.

117 555 167 611 ιιι
194 549 277 613 latus
304 551 477 633 decaoguli,
507 553 584 634 quod
614 553 711 617 eidem
739 554 796 617 AB
820 556 930 619 circulo
954 555 1075 618 inscribi
1097 565 1210 638 potest.

116 634 248 702 Junctae
271 639 363 720 igitur
383 641 539 722 potentiae
558 640 615 706 AC
633 642 711 705 radii
734 644 828 707 totius
851 654 884 706 et
909 644 966 707 AD
989 645 1113 726 majoris
1137 666 1210 728 seg·
1244 589 1469 785 4⁴}

117 727 212 790 menti
233 728 335 810 hujus,
361 730 476 794 iaciunt
500 731 666 810 ροιιιιιίιιιι
688 731 742 795 EF
765 732 869 797 lateris
892 734 1189 836 quinquangularis'
1181 755 1211 798 ιιι

116 815 169 880 illo
202 816 315 881 circulo
348 816 820 900 (Euot.x111‚10).Quod
853 842 920 885 cum
946 823 995 885 ιΙι
1026 824 1105 887 inter
1137 825 1212 887 duos
1301 756 1480 975 AV)

116 904 277 1060 Ιιιιιιιιᾱιι
295 909 441 1079 ιιιιΙιι,
478 908 535 972 erit
567 909 669 990 utique
702 910 783 972 latus
814 911 964 974 icosaedri
996 912 1098 986 (Eucl.
1123 913 1211 991 XIII,
1275 800 1432 1040 Δ

177 1001 213 1060 et
276 997 291 1071 )

203 1083 361 1149 Habemus
393 1086 493 1149 latera
520 1085 651 1149 omnium
679 1088 876 1170 figurarum
868 1108 897 1149 ru
926 1090 1118 1169 proportione
1147 1091 1185 1153 ad
1215 1088 1286 1149 axin
1315 1088 1397 1151 orbis
1420 1087 1482 1151 cir·

116 1173 301 1255 conscripti.
348 1173 492 1256 Sequitur
519 1183 552 1238 ut
574 1176 677 1239 radios
700 1177 876 1240 circulorum
900 1177 950 1258 qui
974 1179 1097 1241 basibus
1127 1175 1411 1242 circumscribuntur
1432 1176 1480 1238 in-

116 1260 303 1344 vestigemus
335 1283 374 1327 ex
399 1262 465 1345 J‘am
496 1263 577 1326 notis
600 1265 762 1329 lateribus:
804 1265 834 1328 id
868 1266 945 1348 quod
980 1267 1160 1331 adminiculo
1194 1266 1309 1330 sinuum
1338 1264 1480 1328 facillime

116 1360 296 1434 mequetur
314 1351 451 1435 quilibet,
470 1353 520 1434 qui
543 1355 706 1435 reputabit,
731 1355 779 1418 hic
803 1355 1049 1435 exquisitissimis
1074 1358 1207 1420 numeris
1231 1375 1289 1417 uon
1304 1373 1380 1435 opus
1399 1373 1481 1417 esse.

117 1438 277 1507 Sitamen
300 1441 390 1506 alienu
412 1443 514 1525 placet
536 1441 728 1506 artificiosius
752 1443 905 1520 laborare,
940 1445 968 1507 ci
992 1446 1189 1509 fundamenta
1218 1444 1262 1508 rei
1293 1463 1331 1505 ex
1353 1442 1480 1506 Euclide

117 1549 275 1614 apponam.
315 1527 414 1594 Cum
405 1531 497 1612 egitur
511 1539 575 1594 tres
590 1532 699 1596 saltem
715 1534 827 1596 formae
849 1533 910 1595 sint
924 1532 1051 1606 basium,
1076 1535 1237 1614 triangula,
1263 1532 1482 1614 quadrangula,

117 1618 360 1703 quinquangula.
392 1619 421 1682 in
450 1619 684 1700 triangularibus
713 1621 831 1702 quidem
861 1611 941 1684 latus
967 1621 1026 1685 GH
1050 1624 1115 1704 (fig.
1139 1623 1205 1699 18.)
1229 1629 1332 1703 potest
1358 1621 1480 1701 triplum

116 1708 245 1792 quaesiti
269 1708 346 1772 radii
369 1709 430 1785 HI,
453 1729 509 1791 per
534 1707 583 1773 12.
609 1731 700 1792 saepe
724 1711 866 1790 allegati:
895 1711 925 1774 in
950 1712 1097 1793 quadrato
1122 1714 1202 1776 latus
1232 1718 1335 1793 potest
1360 1709 1479 1790 duplum

117 1797 245 1881 quaesiti
269 1797 393 1861 radii:
384 1818 414 1861 ιιι
439 1797 659 1881 quinquangnlo
675 1799 800 1880 deniqne
817 1798 877 1862 GH
896 1801 1001 1863 lateris
1026 1811 1058 1864 et
1072 1803 1132 1864 KH
1154 1802 1228 1864 sub·
1306 1823 1352 1875 aa
1368 1818 1404 1864 ao.

117 1887 269 1950 tendentis
293 1887 448 1961 (datarum
472 1887 631 1964 linearum)
650 1889 776 1970 junctae
799 1889 953 1968 potentiae
981 1899 1109 1970 possunt
1132 1890 1220 1973 quin-

117 1976 231 2075 tuplnm
254 1975 392 2039 radqu
415 1977 553 2058 quaesiti,
579 1973 677 2058 perd.
702 1978 933 2059 decimiquarti
950 1979 1221 2043 secundumCam-
1246 1946 1363 2070 es
1378 1948 1463 2087 Χ

117 2070 235 2146 panum.
287 2064 441 2128 Habemus
478 2065 580 2128 radios
612 2067 833 2130 circulorum
825 2088 854 2128 ιιι
892 2067 1061 2130 basibus
1053 2089 1082 2130 ιιι
1117 2069 1222 2132 eadem

117 2155 318 2237 proportione,
343 2174 402 2236 qua
426 2156 531 2217 latera.
987 2178 990 2186 ·
1258 2087 1291 2306 κ

204 2243 378 2307 Subtractis
410 2242 502 2326 igitur
532 2244 676 2328 potentiis
710 2244 859 2306 radiorum
896 2245 933 2306 de
971 2247 1106 2325 potentia
1138 2247 1222 2308 sinus
1300 2324 1413 2369 ν

117 2333 218 2409 totins,
251 2333 301 2414 qui
334 2343 382 2395 est
410 2333 565 2414 quantitas
594 2332 810 2396 semidiametri
843 2333 907 2394 sive
935 2335 1011 2396 radii
1034 2335 1063 2397 in
1092 2335 1221 2397 circum·
1287 2338 1290 2369 ῑ

118 2421 244 2509 scripto,
278 2421 437 2486 restabunt
465 2430 498 2485 ut
527 2442 619 2503 supra
650 2423 810 2503 probatum
841 2431 890 2484 est
922 2424 1077 2502 potentiae
1106 2425 1256 2486 radiorum
1282 2444 1355 2506 quos
1380 2443 1475 2505 quae-

118 2510 222 2583 rimus,
252 2511 462 2590 inscriptorum
490 2511 607 2574 scilicet
635 2511 760 2573 orbium.
808 2509 1001 2574 Commodius
1035 2521 1135 2575 tamen
1165 2522 1196 2575 et
1224 2513 1342 2576 facilius
1370 2513 1475 2588 uteris,

118 2608 154 2697 nt
167 2599 247 2675 dixi,
271 2600 404 2663 sinubus

202 2688 265 2753 Sed
290 2689 338 2752 hic
361 2707 457 2771 neque
481 2689 542 2752 alia
565 2691 711 2770 quaedam
735 2689 954 2770 praetereunda
978 2690 1169 2771 compendia,
1195 2712 1231 2756 ne
1254 2691 1375 2753 nimium
1400 2707 1475 2770 ope·

118 2774 181 2844 rose
202 2777 385 2842 laboremus
433 2778 565 2841 Primum
589 2779 676 2841 orbes
700 2778 837 2859 inscripti
861 2778 1049 2841 dodecaedro
1075 2787 1106 2841 et
1124 2780 1281 2843 icosaedro
1302 2786 1372 2863 sunt
1391 2780 1474 2859 ejus·

118 2862 179 2935 iem
210 2865 432 2948 amplitudinis,
461 2867 487 2929 si
515 2868 627 2949 figurae
657 2868 752 2930 eidem
775 2865 840 2930 orbi
867 2866 1078 2931 inscribantur.
1127 2869 1250 2937 Habent
1272 2868 1351 2931 euim
1382 2869 1474 2930 bases

118 2954 266 3039 altiusque
293 2956 406 3038 figurae
435 2957 560 3019 condem
589 2958 705 3019 radium
729 2957 829 3032 OEncl.
854 2956 943 3028 XIV,
967 2953 1013 3031 2).
1060 2957 1144 3019 Idem
1170 2958 1315 3040 Judicium
1345 2963 1411 3019 esto
1436 2956 1494 3037 de⁴

118 3044 184 3110 arbo
210 3054 242 3107 et
264 3045 419 3109 octaedro.
466 3046 545 3108 Nam
570 3047 635 3108 axis
658 3054 762 3126 potest
784 3045 906 3124 triplum
930 3045 1025 3108 cubici
1054 3046 1178 3122 lateris,
1210 3055 1242 3109 et
1269 3047 1324 3107 hoc
1349 3044 1472 3124 duplum

118 3134 187 3199 adii
212 3133 241 3196 in
266 3134 346 3211 basi,
377 3153 449 3215 ergo
472 3136 539 3196 ania
563 3143 666 3214 potest
689 3134 858 3215 sextuplum
883 3134 959 3197 radii
989 3137 1018 3197 in
1041 3135 1124 3197 basi:
1154 3136 1182 3198 in
1206 3135 1353 3198 octaedro
1376 3133 1470 3196 vicis·

118 3222 166 3286 tim
189 3223 258 3285 axis
282 3230 386 3305 potest
407 3224 530 3304 duplum
554 3223 672 3298 lateris,
703 3232 735 3286 et
757 3225 814 3285 hoc
838 3224 958 3303 triplum
984 3222 1060 3286 radii
1088 3223 1116 3286 in
1144 3225 1222 3287 basi.
1268 3224 1377 3286 Potest
1400 3240 1472 3303 ergo

119 3312 202 3376 stiam
234 3313 282 3375 hie
311 3313 378 3375 axis
407 3314 576 3392 sextuplum
601 3314 687 3377 radii.
735 3311 811 3377 Cum
835 3332 907 3392 crgo
939 3313 980 3374 sit
1005 3333 1042 3374 ex
1073 3313 1233 3396 hypothesi
1262 3313 1341 3375 idem
1368 3310 1473 3375 radius

119 3402 401 3481 ircumacriptorum
431 3402 495 3463 sive
524 3400 581 3464 ΗΟ
607 3402 672 3482 (fig.
700 3400 755 3475 18)
779 3402 877 3482 sitque
909 3401 988 3463 idem
1017 3401 1107 3464 etiam
1137 3403 1239 3465 radius
1269 3401 1388 3464 basium
1416 3401 1471 3475 ΗΙ,

119 3499 140 3554 ιι
156 3489 234 3552 ΙΙΙΟ
259 3510 377 3572 semper
399 3500 516 3552 rectus:
541 3511 613 3570 ergo
637 3492 729 3553 etiam
752 3491 855 3553 radius
879 3490 1097 3571 inscriptorum,
1124 3492 1245 3554 tertium
1265 3509 1371 3570 nempe
1392 3489 1472 3551 latus

119 3576 167 3655 )I,
195 3580 275 3642 idem
299 3580 358 3642 erit
381 3579 482 3653 (Eucl.
502 3581 527 3656 I,
552 3577 595 3643 26
618 3584 732 3654 conv..)
708 3577 883 3654 )Quarc
907 3579 1019 3642 habitis
1039 3581 1105 3642 cubi
1132 3589 1163 3642 et
1186 3577 1368 3642 icosaddri'
1360 3577 1470 3640 inscri-

119 3669 179 3742 ιιὶι,
206 3668 244 3730 de
268 3669 413 3732 octaedro
437 3677 469 3731 et
493 3669 681 3732 dodecabdro
706 3668 780 3731 nihil
804 3687 878 3748 opus
901 3668 1060 3748 inquirere

198 3756 352 3821 Deinde
344 3778 375 3821 ιιι
398 3757 474 3820 cubo
503 3778 569 3820 cum
599 3758 696 3838 ipsum
720 3758 801 3820 latus
825 3757 866 3819 sit
889 3757 1017 3819 altitudo
1045 3757 1173 3838 figuras,
1208 3754 1362 3817 dimidium
1386 3755 1467 3815 latus

119 3845 233 3910 limidia
255 3845 313 3908 erit
336 3846 479 3921 altitudo,
514 3866 620 3928 nempe
644 3848 723 3909 linea
746 3854 927 3908 connectens
950 3853 1056 3907 centra
1085 3846 1198 3924 figurae
1222 3851 1255 3905 et
1277 3843 1369 3906 basis.
1415 3841 1467 3904 Nil

119 3935 201 4019 gitur
223 3954 299 4017 opus
322 3935 516 4018 inquisitione
541 3936 617 3998 radii
642 3937 670 3998 in
696 3934 772 3998 basi.

197 4023 300 4087 Tertio
322 4024 459 4087 octaedri
483 4031 514 4086 et
536 4025 703 4107 pyramidis
727 4024 896 4105 aequalium
925 4023 1051 4085 laterum
1083 4030 1132 4083 est
1155 4021 1261 4083 eadem
1287 4019 1468 4095 altitudo.⁸)

119 4111 232 4186 luanto
256 4114 354 4194 majus
378 4114 470 4219 igitur
494 4114 573 4176 latus
597 4113 777 4197 pyramidis,
803 4120 888 4175 tauto
913 4112 1004 4174 altior
1033 4111 1125 4174 etiam
1148 4110 1215 4190 ipsa
1238 4110 1344 4189 figura.
1390 4109 1470 4173 ltem

120 4203 272 4267 ctaedron
296 4210 328 4266 et
348 4203 483 4286 pyramis
502 4203 593 4306 duplo
616 4204 762 4283 majorum
790 4202 917 4264 laterum
945 4200 1057 4264 habent
1081 4199 1208 4262 eundem
1232 4197 1366 4261 orbem'
1357 4198 1467 4260 macri-

120 4298 202 4356 »tum
250 4293 329 4355 Nam
351 4290 484 4376 pyramis
508 4292 534 4353 si
558 4301 677 4355 secetur
701 4291 806 4354 mediis
827 4291 987 4362 lateribus,
1013 4287 1176 4352 concidit
1167 4309 1197 4352 ιιι
1222 4296 1351 4370 quatuor
1372 4305 1468 4369 pyra-

120 4380 206 4445 nidas
238 4389 270 4442 ιι
299 4382 462 4444 octaedron
494 4400 582 4444 uuum
615 4381 704 4461 dnplo
733 4381 878 4443 minorum
904 4381 1043 4443 laterum
1092 4376 1227 4459 Cumque
1250 4374 1384 4460 pyramis
1407 4375 1466 4437 ha-

120 4478 180 4533 eat
207 4476 335 4550 quatuor
368 4470 482 4545 iacies,
516 4470 589 4533 nulli
617 4489 720 4533 aarum
747 4478 868 4532 resecta
895 4469 1027 4550 pyramis
1056 4467 1153 4529 minor
1185 4466 1292 4530 adimit
1321 4471 1467 4537 centrum,

120 4564 212 4642 rtpote
242 4559 319 4641 quod
343 4560 478 4622 sectione
511 4559 599 4640 longe
622 4558 746 4621 interius
770 4566 834 4620 est:
866 4566 968 4621 manet
996 4556 1088 4635 igitur
1116 4556 1145 4617 in
1174 4554 1318 4618 octaedro
1343 4559 1466 4615 exsecto

120 4648 190 4712 ubis
213 4646 386 4729 inscriptus,
411 4647 535 4730 antiqua
557 4657 685 4729 quatuor
704 4656 814 4710 centra
836 4655 868 4709 et
881 4665 936 4727 per
951 4644 1155 4709 definitionem
1169 4642 1317 4726 regularis
1332 4642 1468 4722 corporis

121 4736 200 4802 tiam
224 4755 303 4800 nova
325 4744 453 4820 quatuor
475 4756 512 4798 ex
537 4737 671 4800 sectione
694 4735 871 4800 accedentia
898 4736 985 4798 simul
1009 4741 1148 4815 tangens.
1195 4732 1268 4796 Sive
1291 4731 1385 4814 igitur
1406 4749 1466 4812 py-
