3278 5542
137 338 204 407 um
706 338 927 405 nmuxmm
1018 346 1024 357 ·

139 523 211 583 ago,
241 510 274 564 ut
302 501 462 564 veritatem
491 517 547 578 ego
578 500 676 580 (cujus
707 508 842 562 assertor
870 518 934 560 sum
963 505 1098 579 promtus
1125 486 1261 579 semper,
1292 517 1354 560 non
1382 516 1488 578 semper

141 585 282 671 idoneus)
312 591 350 652 ad
382 606 479 652 meum
510 589 697 651 commodum
727 589 862 668 dirigam.
913 590 944 649 ln
974 588 1110 650 omnibns
1137 588 1347 668 prognosticis
1374 587 1403 647 id
1426 605 1484 667 ago,

140 689 173 743 ut
196 683 233 743 de
252 679 380 760 promtis
403 677 575 747 sententiis,
600 697 675 758 quae
699 678 770 739 mihi
800 696 889 739 verae
912 678 1064 750 videntur,
1090 686 1212 754 gustum
1237 677 1369 757 aliquem
1387 675 1484 755 jncun-

140 771 246 832 ditatis
271 776 302 831 et
325 765 496 847 majestatis
520 776 645 829 naturae
678 767 840 846 praebeam
863 766 923 828 illis
947 784 1039 846 supra
1063 765 1193 827 definitis
1218 767 1295 828 meis
1320 765 1482 828 lectoribus:

141 860 166 921 si
198 860 275 920 forte
297 876 352 938 per
376 857 431 918 hoc
455 857 625 917 excitentur
648 856 686 916 ad
711 875 758 917 me
783 863 869 917 tanto
892 855 1000 936 maj0ri
1024 873 1089 917 cnm
1109 854 1223 917 salario
1238 855 1389 924 alendum,
1411 855 1481 932 cnjus

139 949 222 1010 nulla
246 948 343 1009 adbuc
367 944 503 1007 accessio
528 945 611 1006 iacta
635 945 744 1025 (neque
769 946 837 1006 dnm
861 945 1013 1024 impensae
1037 944 1108 1006 mihi
1128 944 1318 1018 restitutae).
1364 944 1444 1005 Haec
1463 944 1481 1003 si

137 1037 335 1116 probaveris,
356 1036 421 1116 jam
444 1053 533 1112 porro
557 1034 628 1096 mihi
653 1052 710 1094 non
727 1034 928 1109 succensebis,
955 1036 1042 1115 qnod,
1068 1042 1204 1097 assertor
1219 1033 1406 1114 astrologiae
1428 1050 1479 1093 cun

118 1126 193 1187 ‘sinr
217 1126 317 1188 verbis
341 1134 374 1187 et
397 1142 501 1203 opere,
532 1124 670 1185 studeam
694 1132 794 1185 tamen
823 1125 900 1185 hanc
925 1123 1034 1186 animis
1062 1124 1215 1185 hominum
1238 1122 1478 1185 existimationem

139 1214 327 1295 implentem,
353 1233 411 1275 non
434 1233 502 1275 esse
526 1231 572 1275 me
596 1231 742 1292 nugacem
766 1214 961 1295 astrologum.
1008 1214 1043 1275 Id
1072 1212 1127 1275 hoc
1158 1232 1237 1276 anno
1265 1213 1342 1287 ieci,
1376 1211 1479 1292 rejectis

140 1305 272 1383 quartis,
297 1302 533 1364 revolutionibus
557 1302 678 1376 annuis,
703 1320 760 1382 quo
783 1303 901 1365 nomine
926 1304 1017 1366 etiam
1041 1304 1244 1366 revolutiones
1267 1311 1439 1366 menstruae
1458 1310 1478 1362 et

138 1400 311 1471 quartarum
334 1391 449 1455 censeri
473 1393 552 1454 volo.
600 1392 760 1473 Nunquam
774 1393 834 1456 iilis
850 1393 1006 1477 quicquam
1021 1394 1122 1467 tribui,
1146 1393 1191 1456 nti
1206 1392 1382 1456 meminisse
1394 1385 1477 1473 poter.

140 1481 277 1544 Sufficiet
304 1481 410 1562 cuique
438 1481 498 1542 diei
527 1491 669 1562 aspectus
698 1501 779 1546 suns.
824 1485 1042 1549 Revolntiones
1071 1483 1223 1546 hominnm
1252 1491 1286 1544 et
1308 1481 1423 1544 urbium
1443 1479 1478 1542 hic

143 1573 269 1652 excipio.
320 1571 413 1633 Aliud
441 1577 490 1632 est
519 1570 622 1645 homo,
662 1572 743 1633 aliud
772 1581 986 1655 tempestatum
1018 1573 1124 1636 series.
1174 1572 1275 1636 Unum
1303 1570 1377 1634 mihi
1398 1569 1478 1651 possit

144 1662 250 1742 objici,
276 1660 427 1722 conditum
451 1679 517 1722 esse
541 1661 682 1723 mundum
706 1661 734 1723 in
759 1672 841 1725 certo
864 1671 975 1745 puncto
999 1662 1113 1725 zodiaci
1139 1659 1210 1725 Sole
1233 1668 1395 1723 versante:
1420 1678 1479 1720 ean·

142 1752 211 1812 dem
235 1768 306 1830 ergo
330 1749 477 1811 rationem
500 1769 567 1812 esse.
593 1751 706 1814 reditus
726 1748 806 1815 Solis
832 1753 923 1815 adid
947 1760 1098 1833 punctum,
1122 1770 1198 1831 qnae
1219 1757 1268 1812 eet
1282 1750 1400 1812 reditus
1414 1747 1479 1810 Solio

142 1841 180 1901 ad
202 1847 344 1921 punctum
368 1838 549 1901 nativitatis.
596 1840 786 1922 Respondeo‚
813 1862 884 1923 ergo
900 1842 1055 1904 differatur
1073 1841 1225 1919 negotium
1240 1858 1277 1901 eo
1297 1857 1402 1919 nsque,
1426 1837 1480 1898 dnn

142 1940 223 1993 recte
247 1948 301 1991 nos
326 1930 454 1992 doceant
477 1930 661 2010 chronologi,
682 1950 738 2010 quo
755 1931 823 1993 anni
838 1939 973 2012 tempore
988 1930 1029 1991 sit
1047 1930 1185 1991 conditus
1199 1928 1340 1990 mundns.
1375 1925 1479 1997 Quan-

141 2021 187 2082 vie
211 2019 270 2082 etsi
293 2019 323 2081 id
348 2027 513 2092 teneamus,
540 2040 558 2079 a
581 2018 687 2082 baculo
712 2028 812 2082 tamen
837 2021 874 2082 ad
890 2021 1032 2100 anguium
1051 2037 1108 2081 non
1125 2017 1258 2100 seqnitur
1274 2023 1479 2097 argumentum.

141 2111 175 2172 ln
199 2110 297 2172 reditu
321 2108 439 2188 quidem
463 2107 544 2170 Solis
574 2109 678 2170 eadem
703 2118 752 2171 est
772 2109 864 2182 ratio,
894 2118 927 2170 at
950 2128 1008 2171 non
1032 2109 1062 2170 in
1086 2107 1240 2188 subjecto,
1271 2106 1352 2187 quod
1376 2104 1480 2168 revolu-

23 2249 33 2259 .
140 2198 272 2261 tionibus
296 2197 471 2258 variandum
495 2198 679 2277 proponitur.
727 2196 874 2260 Similiter
898 2197 1139 2270 cansamhabes,
1164 2196 1366 2259 curanimam
1383 2195 1478 2256 Terrae

141 2287 269 2350 tribuam
297 2287 326 2348 in
352 2284 533 2347 Germanico
562 2287 675 2366 scripto
702 2286 888 2350 brevissimis
916 2286 1027 2357 verbis.
1074 2286 1154 2348 Nam
1182 2304 1231 2347 res
1253 2285 1325 2363 ipsa
1352 2283 1416 2345 scio
1441 2279 1481 2343 tibi

141 2398 198 2439 uon
223 2375 403 2455 displicebit.
449 2375 659 2438 Fundamenta
687 2376 844 2438 universae
874 2377 1029 2438 doctrinae
1051 2369 1313 2454 ‘meteorologicae
1346 2370 1480 2454 proposui.

142 2466 219 2529 illud
243 2464 382 2526 existimo
407 2463 461 2525 tibi
481 2464 642 2543 jucundum
667 2465 757 2527 etiam
782 2464 859 2527 iore:
885 2465 962 2546 qnod
987 2484 1050 2527 rem
1074 2461 1480 2546 quotidianam„admiretio-

141 2555 186 2616 nis
215 2562 317 2615 tamen
347 2552 494 2614 maximae
526 2556 631 2633 (quarn
660 2554 804 2635 astrologi
829 2552 1110 2634 superstitionibus,
1141 2552 1312 2635 philosophi
1343 2548 1482 2613 calumniis

142 2643 280 2717 ohmnnt,
306 2650 339 2703 ut
362 2641 507 2703 hactenus
533 2663 550 2702 a
573 2643 691 2704 nemine
715 2645 902 2724 investigata
924 2644 981 2716 sit)
1005 2642 1034 2704 in
1059 2644 1154 2705 lucem
1176 2643 1263 2715 sisto,
1289 2640 1481 2723 qnodqnebor

141 2740 231 2812 pacto
256 2731 472 2811 quodammodo
503 2731 698 2812 philosophos
729 2751 831 2794 omnes
861 2733 1002 2795 cohortor
1030 2732 1068 2794 ad
1092 2730 1360 2810 investigationem
1389 2747 1481 2790 causa·

141 2841 219 2896 rum,
249 2839 300 2882 cur
317 2818 461 2898 planetae
487 2839 541 2900 per
570 2829 711 2900 aspectus
741 2829 857 2885 tantum
886 2829 1060 2901 operentur,
1094 2840 1152 2882 non
1180 2820 1253 2881 item
1278 2820 1350 2892 (ant
1373 2836 1429 2880 non
1448 2816 1482 2876 ita

142 2909 275 2982 sortiter)
299 2928 353 2989 per
376 2927 425 2969 se:
450 2928 555 2988 nempe
580 2919 614 2971 ut
637 2911 774 2989 exemplo
798 2919 881 2986 utar,
914 2931 966 2972 cur
989 2917 1059 2971 ante
1084 2910 1234 2972 octiduum
1259 2926 1326 2970 cum
1351 2908 1481 2969 distarent

140 2996 160 3076 li
185 3007 217 3060 et
240 3007 265 3069 ο·
288 3017 332 3079 gr.
357 2993 409 3070 50,
435 3018 492 3060 non
518 2999 628 3059 fuerint
650 3000 770 3079 pluviae
795 3007 827 3061 et
850 2998 976 3061 nebulae
1001 3006 1032 3060 et
1055 2999 1149 3071 nives,
1178 2997 1267 3058 hodie
1293 3016 1360 3058 cnm
1385 2995 1483 3057 distant

140 3106 185 3167 gr.
212 3084 264 3160 60,
289 3085 351 3147 sint
373 3086 463 3148 iliae?
488 3106 553 3148 cum
577 3095 678 3149 tamen
702 3088 879 3149 tantundem
904 3088 977 3150 lucis
998 3087 1135 3168 utrinque
1150 3085 1294 3160 habeant,
1320 3085 1482 3163 eosdemque

143 3178 204 3239 iere
229 3185 311 3237 ortus
335 3182 367 3235 et
391 3195 516 3238 occasus
541 3183 690 3238 tueantur.
739 3176 869 3252 Quarto,
895 3179 999 3238 eadem
1014 3177 1169 3238 excusatio
1188 3175 1322 3254 pertinet
1346 3171 1482 3235 etiamad

142 3265 337 3345 appendicem
366 3264 402 3324 de
427 3264 541 3343 eclipsi.
597 3266 728 3344 Magna
761 3286 835 3328 sum
868 3287 953 3329 usus
989 3265 1243 3336 immodestia,
1279 3264 1310 3324 si
1344 3262 1482 3342 prodeat

139 3354 208 3415 hoc
238 3353 516 3432 prognosticum
550 3354 584 3414 in
619 3352 861 3417 Germaniam.
917 3355 1105 3416 Audacter
1134 3353 1337 3434 polliceor,
1372 3359 1481 3413 osten-

140 3444 225 3505 dere
250 3461 300 3503 me
324 3460 435 3520 posse
459 3450 659 3505 tractatum
678 3443 862 3523 integrum
886 3445 926 3505 de
951 3463 1006 3518 ea,
1033 3444 1152 3523 qualis
1176 3460 1261 3503 vero
1287 3435 1482 3503 tractatus?

139 3533 271 3595 Nullus
297 3531 426 3606 adhuc,
451 3532 484 3593 si
508 3551 628 3593 verum
654 3533 784 3594 fatear.
832 3532 893 3595 Sed
918 3542 1017 3594 tamen
1043 3533 1068 3594 si
1094 3531 1160 3611 quis
1182 3536 1317 3610 peteret,
1343 3523 1482 3591 Maestlini

139 3622 246 3684 literae
270 3639 324 3700 pro
349 3639 396 3682 me
421 3621 622 3700 loquerentur,
648 3621 697 3682 nbi
721 3622 848 3683 maxime
873 3641 997 3684 necesse
1021 3629 1114 3683 esset.
1160 3620 1240 3682 Nam
1267 3618 1376 3681 statim
1398 3633 1482 3679 mense

138 3711 252 3773 Martio
285 3709 383 3771 adhuc
413 3709 521 3788 scripsi
551 3710 588 3770 ad
613 3706 633 3772 3
657 3711 800 3790 paginas,
835 3710 1008 3794 petentibus
1035 3710 1081 3772 ita
1110 3708 1289 3789 quibusdam
1312 3705 1481 3774 Abbatibne

139 3800 194 3861 sed
218 3798 403 3879 populariter
438 3798 502 3859 sine
532 3806 673 3878 computo
701 3799 809 3860 seriem
834 3800 961 3879 explicui
992 3807 1082 3861 natae
1106 3797 1255 3877 paulatim
1280 3796 1359 3858 artis
1382 3814 1418 3856 ex
1437 3793 1482 3853 ob·

140 3887 377 3956 comestionibus,
412 3887 638 3969 hypothesibus,
663 3888 794 3961 tabuiis,
830 3888 1070 3967 ephemeridibus
1098 3905 1191 3967 nsque
1223 3885 1261 3947 ad
1285 3882 1481 3966 prognostica:

141 3975 245 4038 addidi
270 3975 503 4054 descriptionem
527 3996 613 4038 meae
638 3977 876 4050 observationis,
901 3977 1001 4039 omnia
1025 3976 1063 4038 ad
1087 3993 1185 4037 meum
1209 3975 1400 4037 commodum
1420 3969 1481 4034 mei·

141 4083 197 4146 que
221 4063 311 4124 officii
342 4064 546 4126 fundationem
576 4064 681 4128 direxi.
727 4067 824 4129 Nemo
857 4074 958 4127 tamen
987 4066 1017 4126 id
1051 4065 1129 4144 quod
1163 4064 1272 4143 scripsi
1302 4062 1389 4125 vidit.
1432 4056 1481 4121 Sed

140 4152 237 4233 major
267 4151 408 4213 fortassis
438 4152 566 4214 andacia
595 4153 816 4235 interponentis
845 4174 913 4216 sese
945 4155 1025 4217 inter
1053 4153 1208 4234 opiniones
1236 4151 1397 4214 artificum.
1436 4146 1481 4209 llic

141 4241 218 4303 enim
242 4259 300 4301 non
324 4247 459 4311 tanturn,
485 4241 563 4323 qnod
586 4242 647 4303 ista
665 4241 828 4305 vernacula
850 4243 953 4324 lingua
976 4243 1120 4318 scribam,
1145 4241 1200 4304 sed
1224 4242 1329 4316 etiam,
1355 4238 1428 4322 qnod
1447 4237 1481 4297 iu

140 4330 281 4404 sentiam,
306 4328 473 4392 miraberis.
520 4333 650 4393 Feceras
674 4340 706 4394 tu
730 4332 910 4394 mentionem
935 4332 1033 4393 obiter
1051 4330 1260 4393 diminuendae
1281 4324 1481 4410 inamoena

140 4418 270 4494 Solaris,
305 4437 365 4499 qua
395 4427 425 4481 et
447 4424 726 4499 προσθαφαιρισεις
749 4420 993 4484 diminuerentur.
1041 4421 1076 4484 ld
1104 4438 1161 4501 ego
1189 4419 1234 4482 nti
1258 4417 1359 4481 obiter
1378 4412 1477 4495 arripui

140 4510 184 4573 sic
208 4509 300 4572 etiarn
324 4506 422 4572 obiter
436 4509 618 4583 confirmavi,
643 4509 769 4572 dicendo
793 4529 831 4571 ex
854 4509 1058 4591 magnitudine
1079 4508 1208 4572 aestatis
1223 4526 1284 4570 non
1299 4526 1389 4589 posse
1402 4497 1477 4566 statui

141 4599 177 4660 de
202 4595 439 4673 eccentricitate,
463 4604 588 4678 propter
611 4599 783 4678 analogiam
807 4600 993 4678 superiorum
1022 4598 1211 4677 planetarum
1235 4596 1267 4658 in
1290 4590 1475 4678 aequantibus,

141 4707 217 4768 qnae
241 4686 343 4767 utiquc
368 4686 460 4750 etiam
485 4684 587 4748 Solem
611 4695 729 4762 teneat,
755 4686 780 4747 si
805 4687 937 4750 rationes
960 4686 1186 4767 philosophicae
1210 4704 1382 4767 sequamur.
1423 4678 1472 4738 Vt·

141 4795 205 4838 rum
229 4777 298 4837 dum
321 4774 398 4838 bene
412 4775 574 4856 perpendo,
600 4771 724 4838 invenio
744 4775 781 4836 ad
801 4776 969 4855 juvandum
983 4775 1131 4840 calculum
1149 4774 1316 4838 vernalium
1330 4779 1361 4835 et
1374 4778 1469 4833 autun-
