3278 5542
739 329 859 396 ⁰·eu1·
1435 336 1496 403 tna

127 489 226 553 citate
250 491 372 571 iusuper
387 488 572 565 mutabilil)
597 489 755 569 tripliciter
775 489 861 552 nobis
876 489 1111 553 considerandus
1131 502 1189 555 est.
1205 492 1227 566 i)
1266 494 1356 558 Initio
1380 507 1497 561 remota

126 576 413 653 ecoeutricitatelk
438 579 520 642 orbis
537 578 630 657 igitur
651 577 698 640 hic
718 586 876 660 motusque
896 578 1008 639 Terrae
1023 580 1078 642 bas
1094 583 1323 644 commoditates
1338 596 1496 664 praestat:

128 668 210 751 qued
236 687 294 732 nou
318 668 485 749 indigemus
509 667 606 731 tribus
635 667 811 729 ecoentricis
839 667 869 728 iu
897 666 1019 729 usitatis
1049 663 1281 749 hypothesibus,
1312 674 1377 736 scil.
1404 674 1495 752 Solis,

127 754 264 819 Veneris
287 766 320 820 et
341 756 494 820 Mercurii.
530 756 611 820 Nam
634 775 688 840 pro
712 775 759 826 eo,
784 756 862 836 qnod
884 756 978 817 Terra
1000 756 1081 818 cirea
1104 759 1159 821 hos
1183 769 1247 822 tres
1270 762 1496 840 planetascir·

127 844 339 921 cumvshitur,
371 844 532 909 terricolae
560 843 738 907 existimant
766 854 829 907 tres
858 843 926 906 illos
955 845 1036 908 circa
1059 868 1091 906 se
1116 847 1282 912 immobiles
1307 850 1496 915 circumvehi.

130 930 185 997 Sic
210 953 249 996 ex
272 954 331 997 nno
354 941 437 997 motu
461 942 525 997 tres
550 933 674 997 iaciunt.
722 931 811 1004 Quod
840 933 866 995 si
893 934 995 1014 plures
1024 945 1128 997 essent
1157 939 1266 1001 stellae
1290 939 1371 1002 iutra
1394 944 1497 1005 orbem

128 1022 259 1097 Terras,
290 1022 427 1104 pluribus
455 1023 547 1087 etiam
571 1023 648 1084 hunc
672 1031 784 1085 motum
812 1023 1008 1084 ascriberent.
1044 1022 1179 1087 -Cadunt
1212 1028 1303 1090 etiarn
1337 1030 1392 1091 hoo
1425 1033 1496 1094 orbe

128 1111 234 1193 posite
257 1119 322 1175 tres
340 1112 442 1192 magui
458 1111 593 1193 epicycli‚
619 1111 752 1187 Saturni,
778 1111 875 1184 doris,
900 1120 932 1173 et
946 1112 1066 1188 Martis,
1090 1133 1156 1176 curn
1172 1134 1272 1178 eornm
1288 1120 1427 1181 motibus.
1463 1121 1497 1182 Id

130 1200 284 1281 quomodo
299 1200 429 1276 aecidat,
453 1199 483 1263 in
499 1199 649 1280 adjunctis
663 1199 818 1279 parallelis
833 1200 1037 1263 schematibus
1062 1201 1153 1264 videri
1178 1214 1280 1282 potest
1304 1205 1362 1279 (10
1378 1217 1409 1269 et
1432 1207 1497 1282 ll),

129 1308 251 1352 rursum
276 1288 365 1363 enim,
389 1288 461 1370 quia
483 1289 578 1352 Terra
601 1288 631 1351 in
654 1296 818 1369 conspectu
842 1287 968 1350 Saturni
993 1291 1093 1370 (quasi
1118 1293 1309 1373 quiescentis,
1338 1298 1407 1376 qnia
1430 1306 1496 1359 tar·

129 1376 196 1441 dior
221 1379 286 1453 est)
309 1378 339 1440 iu
363 1377 435 1441 orbe
458 1396 513 1439 suo
536 1377 688 1452 circumit,
713 1398 732 1438 a
756 1376 888 1440 Saturno
912 1379 1056 1441 recedens
1080 1390 1113 1441 et
1135 1384 1297 1460 accedens,
1323 1386 1498 1448 existimant

130 1466 261 1540 incolae,
286 1465 449 1531 Saturnum
474 1466 504 1528 in
527 1466 661 1548 epicyclo
685 1486 739 1529 suu
763 1467 927 1541 circumire,
953 1468 1107 1542 accedere,
1134 1473 1289 1548 recedere,
1314 1495 1347 1536 se
1372 1494 1443 1538 vero
1468 1474 1496 1537 in

132 1564 235 1617 centro
260 1553 343 1620 orbis
365 1554 411 1617 sui
435 1555 600 1635 quiescere.
649 1552 800 1617 Circuluru
824 1556 915 1637 igitur
938 1557 994 1618 AB
1020 1558 1085 1636 (lig.
1115 1557 1168 1634 10)
1197 1570 1305 1640 putant
1333 1583 1400 1626 ense
1430 1565 1494 1645 epi.

132 1644 233 1725 cyclos
257 1663 296 1725 g,
321 1644 348 1718 i,
373 1643 383 1706 l
406 1645 471 1722 (lig.
500 1643 563 1717 tl).
609 1644 686 1705 Item
715 1651 839 1724 propter
863 1645 991 1708 Telluris
1020 1646 1097 1708 hunc
1126 1650 1252 1712 eundem
1276 1672 1431 1715 accessum
1456 1654 1496 1715 ad

167 4147 279 4226 lltuotas
302 4170 335 4223 et
356 4180 508 4224 recessum
531 4159 563 4222 in
586 4159 657 4221 orbe
681 4178 735 4221 suo
766 4158 905 4221 videntur
933 4156 1018 4220 nobis
1047 4156 1131 4236 ipsae
1156 4156 1283 4237 quinque
1306 4154 1496 4233 planetarum

168 4236 314 4313 iuuenes
338 4250 470 4332 aliquam
494 4249 674 4312 varietatem
698 4249 854 4329 accipere;
878 4266 967 4328 quarn
992 4246 1181 4309 librationem
1205 4254 1239 4307 ut
1262 4245 1396 4306 salvaret
1419 4243 1495 4304 Pto·

167 4328 287 4415 lemaeus,
315 4358 442 4402 neeesse
466 4338 523 4418 ipsi
547 4337 605 4401 fuit
628 4338 756 4418 quinque
779 4338 856 4399 alios
880 4346 979 4398 motus
1003 4343 1152 4410 statuere,
1186 4334 1235 4415 qni
1264 4351 1366 4394 omnes
1396 4332 1495 4412 posito

164 4425 229 4490 unico
250 4429 379 4492 Telluris
401 4434 484 4491 motu
507 4427 629 4489 cadunt.
1515 4433 1518 4440 ·

229 4517 271 4580 Et
291 4517 427 4598 quamvis
449 4517 481 4579 hi
499 4535 603 4578 omues
621 4524 729 4589 motus,
755 4514 890 4576 undecim
910 4532 1041 4586 numero,
1067 4511 1206 4573 emundo
1227 4508 1417 4572 exterminati
1436 4507 1497 4568 sint

154 4606 305 4670 substituto
332 4597 638 4669 hoouuico‘l'errae
672 4612 771 4673 motu,
805 4602 994 4664 nihilominus
1026 4601 1122 4663 adbuc
1151 4599 1275 4661 aliarum
1303 4596 1496 4677 plurimarum

150 4716 236 4763 erum
265 4714 377 4760 causae
405 4694 584 4765 redduntur,
616 4691 691 4776 quis
713 4693 909 4755 Ptolemaeus
936 4711 976 4754 ex
1002 4697 1065 4753 tam
1093 4687 1195 4753 multis
1219 4687 1349 4755 motibus
1371 4687 1496 4749 reddere

143 4807 197 4855 aon
220 4784 331 4869 potuit.

225 4874 310 4943 Nam
328 4872 428 4959 prino
449 4892 471 4937 a
490 4870 667 4939 Ptolemaeo
690 4870 794 4955 quaeri
819 4869 937 4952 potuit,
965 4867 1017 4952 qni
1042 4867 1116 4944 dat,
1145 4865 1225 4948 qnod
1251 4863 1411 4931 eccentriei
1433 4871 1497 4929 tres

910 4969 917 4978 .
1242 4967 1285 5021 gs
