3278 5542
143 315 207 384 356
568 316 669 367 Litsrse
687 315 789 381 Ksplsri
810 317 963 383 aliorumque
979 323 1081 369 nomas

143 476 328 539 vicinissima
351 484 451 536 tamen
477 471 636 535 Corinthia
659 474 700 535 nil
723 475 859 554 pluviae,
891 476 1027 555 squalor,
1053 476 1196 551 ariditas,
1226 482 1261 539 ot
1285 475 1489 557 impedirentur

20 584 24 595 ·
142 567 253 645 pabula
277 574 307 625 ct
333 564 444 642 fruges.
491 562 559 623 Non
579 563 713 640 negarim
737 563 974 643 conjunctionem
997 559 1062 639 2411
1087 564 1200 646 aliquid
1231 565 1334 627 lacere
1357 565 1397 626 sd
1418 562 1486 625 leni-

142 655 284 728 tudinem,
310 661 342 713 ut
365 662 396 713 et
420 651 541 713 stellam
566 670 674 713 novam
698 660 730 711 et
753 671 932 730 congressus
957 653 1086 715 omnium
1112 655 1310 733 planetarum
1332 651 1361 715 iu
1376 656 1416 725 ‚A
1449 652 1487 714 Ar
1513 680 1517 689 ·

140 762 198 804 non
223 761 277 821 per
299 760 343 814 se,
369 741 422 801 sed
445 760 499 819 per
523 740 699 801 facultatem
724 741 886 803 animalem
901 742 1022 814 Terrae,
1048 761 1123 821 quae
1150 742 1208 803 fuit
1225 742 1396 806 stimulata.
1431 739 1485 803 Ns-

142 851 198 910 que
223 850 261 891 ex
285 832 315 906 d
328 826 348 906 5
364 829 393 903 ‘ll
417 830 473 890 dici
498 837 616 908 potest.
646 820 698 890 tur
722 827 883 891 Germanis
907 830 983 892 lenis
1008 829 1098 892 luerit
1122 831 1232 905 biems,
1257 831 1351 893 Italis
1375 829 1485 909 regim

141 921 194 981 sed
220 919 392 1000 quaerenda
415 919 489 979 baec
513 918 593 979 intus
618 916 647 978 in
672 918 786 979 Terra:
811 919 919 1003 quippe
944 915 1054 997 (11521
1076 919 1214 983 omnibus
1236 920 1358 982 eadem.

229 1008 295 1081 (Ad
319 1003 365 1079 6.)
412 1007 462 1067 An
492 1007 578 1067 Luna
607 1025 674 1067 cum
703 1006 853 1086 parallaxi
885 1008 1064 1087 dirigenda?
1110 1004 1261 1078 Quaestio
1291 1005 1482 1087 impertinens

139 1117 205 1158 cuni
229 1098 266 1157 de
290 1096 377 1174 longe
403 1095 567 1174 majoribus
591 1095 788 1174 disputemus.
835 1096 944 1159 Dicam
959 1106 1059 1159 tamen
1076 1097 1279 1159 senteutiam:
1303 1094 1423 1159 omnino
1440 1093 1484 1155 bos

139 1196 187 1246 est
209 1185 383 1265 principium
408 1184 633 1262 astrologicum,
659 1193 753 1259 astra,
779 1184 823 1247 uti
848 1186 998 1261 videntur,
1024 1185 1068 1247 sis
1082 1186 1199 1248 censeri
1222 1206 1242 1247 a
1264 1192 1378 1248 ustura
1399 1183 1482 1245 iscul-

106 1324 110 1329 .
140 1284 204 1335 tate
230 1273 370 1335 naturali.
419 1274 500 1351 Ergo
516 1273 604 1333 Luna
626 1291 692 1334 cum
714 1273 865 1352 parallsxi
889 1283 937 1336 est
961 1274 1089 1336 locanda
1112 1274 1140 1335 in
1156 1275 1261 1355 genesi
1282 1283 1317 1336 et
1330 1272 1482 1353 dirigenda

138 1363 254 1423 Videor
278 1363 404 1423 eandem
429 1382 493 1422 cum
508 1362 649 1441 Tychoue
673 1381 796 1424 causam
821 1364 936 1425 afferre.
982 1365 1016 1425 ln
1035 1381 1105 1424 msa
1127 1362 1232 1442 genesi
1255 1382 1350 1426 casus
1373 1360 1481 1422 evidens

138 1453 186 1523 fit,
211 1470 279 1511 nam
302 1469 356 1528 per
375 1450 545 1529 parallaxin
568 1451 655 1511 Luna
679 1451 876 1530 corporaliter
894 1452 1073 1532 jungeretur
1094 1451 1243 1531 palilitio,
1280 1451 1309 1514 si
1332 1449 1421 1512 modo
1441 1467 1482 1529 per

138 1539 352 1618 longitudinem
373 1539 559 1617 jungeretur.

229 1629 294 1700 (Ad
319 1626 366 1700 8.)
412 1628 509 1689 Recte
532 1646 649 1700 mones,
685 1636 717 1688 ut
741 1625 893 1690 Chronica
919 1628 1042 1702 adeam,
1076 1647 1152 1708 quae
1175 1636 1313 1692 meteora
1335 1624 1483 1705 consigua-

138 1725 218 1786 ruut,
242 1717 368 1795 indeque
393 1717 611 1795 experientiam
634 1717 780 1777 hauriam.
828 1716 952 1779 Faciam
973 1715 1014 1791 id,
1040 1716 1089 1779 ubi
1113 1718 1180 1799 plus·
1195 1717 1250 1780 otii
1271 1717 1417 1779 bsbusro.
1450 1714 1484 1775 tt

141 1825 200 1866 non
224 1824 290 1865 cum
314 1804 398 1866 coelo
423 1813 540 1866 tantum
564 1806 755 1884 comparabo,
781 1805 835 1867 sed
860 1806 985 1868 Terram
1009 1825 1110 1867 secum
1134 1805 1242 1884 ipsam.

230 1894 296 1965 (Ad
320 1890 367 1966 9.)
414 1894 482 1955 Non
506 1895 545 1954 ad
561 1894 759 1955 describenda
775 1902 911 1956 meteora
934 1895 1004 1956 anni
1023 1889 1102 1957 1001
1131 1896 1225 1957 otium
1241 1901 1396 1975 superest.
1435 1892 1483 1953 Fa·

138 1983 200 2044 ciat
233 2001 286 2061 pro
319 2001 365 2042 nne
398 1982 532 2044 Joannes
565 1982 738 2057 (Erilisen),
765 1983 814 2044 nbi
846 1983 987 2057 redierit,
1021 1992 1074 2046 aut
1106 1983 1255 2047 Matthias
1289 1980 1482 2059 (Scillardus).

138 2071 196 2132 Die
224 2069 273 2132 10.
300 2067 384 2143 (20.)
409 2072 481 2133 Feb.
507 2071 552 2133 ais
585 2091 687 2133 eurum
706 2078 805 2134 ortum
828 2082 899 2150 post
923 2073 1097 2146 lenitatem
1121 2072 1200 2135 idem
1223 2072 1273 2134 hic
1297 2071 1337 2133 ad
1359 2086 1482 2151 unguem

138 2160 234 2221 Vides
259 2159 457 2222 universalem
479 2167 612 2234 ventum,
637 2161 686 2240 qui
711 2168 848 2234 serenat;
883 2162 931 2241 qui
956 2161 1064 2244 pluvii,
1097 2161 1318 2241 particulares,
1348 2180 1369 2221 s
1391 2156 1482 2222 vicinis

138 2269 180 2309 sc.
206 2247 368 2310 montibus.

227 2337 292 2408 (Ad
322 2333 386 2408 10.)
432 2335 518 2406 Quae
537 2337 602 2415 jam
626 2355 718 2415 supra
741 2338 959 2399 affirmaveram
985 2338 1029 2416 (p.
1055 2332 1215 2411 352),su
1236 2355 1309 2401 eccs
1334 2333 1483 2399 evertitis

119 2426 298 2504 'dirigendo
324 2425 512 2485 latitudinem
537 2425 751 2488 adhibendam.
796 2427 848 2487 Ad
863 2425 1079 2504 experientiam
1101 2444 1261 2505 provocas.
1304 2426 1395 2506 Nego
1415 2424 1483 2487 illsu

139 2516 215 2575 adeo
241 2513 382 2574 subtilem
407 2533 474 2574 esse
498 2531 598 2592 posse,
623 2522 658 2575 ut
680 2515 864 2576 sufficienter
883 2521 1022 2587 testetur,
1046 2513 1094 2575 vel
1114 2515 1169 2576 boc
1184 2515 1397 2590 solonomiue,
1420 2510 1482 2594 quod

140 2602 324 2664 directiones
345 2602 429 2680 ajunt
448 2602 595 2680 applicari
610 2603 648 2663 ad
668 2604 870 2665 revolutiones
893 2621 971 2664 annu
995 2604 1044 2687 vel
1059 2604 1260 2683 praecedente
1276 2606 1326 2666 vel
1342 2610 1481 2684 sequente.

139 2691 218 2753 Dum
243 2709 314 2752 vero
338 2708 485 2768 provocas
510 2691 549 2751 ad
573 2693 741 2771 exemplum
765 2692 997 2771 profectionum,
1030 2694 1120 2771 plane
1150 2700 1181 2755 ts
1206 2693 1300 2769 rideo,
1335 2710 1404 2756 eum
1424 2707 1482 2771 pro-

139 2781 231 2842 fectio
256 2779 436 2861 merumsit
458 2779 614 2839 somnium.

210 2859 388 2917 Fabricius
407 2869 442 2917 sic
462 2867 601 2916 concludit:
629 2867 683 2931 Ego
701 2868 727 2915 in
746 2881 805 2916 mes
822 2868 908 2931 genesi
932 2867 1093 2918 directionem
1112 2864 1146 2928 Θ
1165 2868 1200 2919 sd
1218 2867 1244 2929 d
1263 2869 1398 2935 plurim
1414 2868 1481 2917 tinet

138 2938 195 2989 Scio
214 2954 303 3002 nempe
323 2937 461 2987 horribilem
480 2953 550 2994 esse,
578 2953 624 2986 usc
643 2944 690 2986 tus
706 2939 770 2987 ratio
790 2937 911 3003 dirigendi
929 2953 1009 3002 nuper
1026 2939 1119 3003 scripte
1142 2940 1254 2990 animum
1275 2954 1362 2991 meum
1379 2936 1481 3003 msi-

136 3011 189 3060 lare
208 3017 303 3073 potest,
330 3016 356 3058 et
374 3023 470 3072 semper
489 3009 609 3072 ejusmodi
628 3009 729 3058 directio
755 3023 849 3058 summe
867 3009 1007 3072 periculosa
1024 3009 1078 3060 luit.
1115 3012 1151 3060 Δι
1168 3008 1239 3061 Deos
1258 3010 1367 3069 efficiet,
1392 3025 1423 3061 ss
1438 3008 1481 3060 sul·

136 3096 203 3140 mae,
223 3083 244 3129 si
262 3081 368 3128 maxims
388 3081 491 3142 corpori,
510 3086 609 3129 noceat
647 3079 724 3129 Hisce
743 3086 769 3129 ts
787 3086 904 3144 tuamque
923 3080 1005 3130 valere
1021 3082 1110 3144 jubeo,
1135 3086 1162 3131 st
1179 3095 1240 3148 rogo
1259 3088 1391 3140 menter,
1408 3090 1435 3131 ιι
1447 3092 1481 3145 pro
1514 3142 1517 3147 1

137 3151 249 3201 Uranica
265 3159 351 3199 nostra
370 3152 482 3200 amicitia
500 3151 559 3199 mihi
578 3151 735 3213 respondeas.
773 3150 851 3207 Vale,
871 3151 939 3208 vals,
965 3151 1035 3208 vals,
1063 3154 1201 3218 iterumque
1220 3158 1247 3203 st
1263 3152 1355 3204 millies
1372 3152 1437 3209 vals,
1459 3154 1481 3199 st

138 3237 190 3271 rem
209 3223 399 3270 asuonomicam
416 3235 490 3285 urge,
516 3221 672 3285 Martemque
692 3221 803 3279 debella,
829 3229 858 3271 nt
886 3236 971 3271 omnes
998 3230 1152 3288 cognoscant
1177 3229 1258 3274 utem
1283 3230 1358 3275 narn
1374 3233 1476 3290 rupem

137 3291 246 3342 Martem
263 3292 385 3340 hactenus
404 3292 529 3341 invictum.
568 3291 671 3355 Raptim
690 3292 802 3349 Ostelas,
820 3293 914 3342 Frisios
933 3294 994 3353 rico,
1014 3294 1039 3343 d.
1059 3291 1101 3344 1⁰.
1120 3290 1191 3357 (20.)
1209 3295 1271 3346 res
1292 3292 1375 3347 loos.

227 3363 435 3441 Keplerus:
461 3361 488 3424 Ο
512 3370 543 3424 te
568 3364 709 3425 miserum
734 3373 766 3425 et
789 3363 953 3425 infelicem!
1001 3362 1123 3436 Quitot
1141 3366 1208 3446 jam
1227 3367 1304 3430 meis
1319 3364 1479 3430 instructio-

139 3452 225 3513 nibus
249 3452 378 3512 nondum
402 3452 522 3513 liberari
545 3461 633 3530 potes
658 3472 676 3513 a
700 3462 781 3514 metu
805 3452 989 3528 directionis,
1014 3454 1084 3534 quin
1108 3463 1141 3516 et
1163 3455 1310 3519 orandum
1326 3455 1384 3520 tibi
1395 3462 1480 3536 putas.

137 3561 174 3602 ne
198 3540 315 3602 animae
340 3550 456 3603 noceat.
503 3540 683 3602 Benefaciat
704 3541 788 3602 Deus
813 3549 883 3602 tuae
906 3540 1038 3618 animae,
1064 3551 1198 3606 ceterum
1219 3552 1256 3607 nt
1276 3544 1423 3626 impediat
1440 3541 1480 3605 di·

137 3629 313 3705 rectionem,
331 3648 374 3689 ne
398 3629 441 3690 illi
466 3637 584 3703 noceat,
610 3629 684 3690 nihil
708 3638 757 3691 est
779 3648 914 3691 necesse.

226 3719 429 3790 Albertus‚
452 3718 596 3780 Austriae
616 3717 782 3792 Archidnx,
808 3725 964 3780 natusest
988 3716 1103 3780 oriente
1127 3715 1195 3781 22⁰
1216 3725 1268 3793 s,
1292 3718 1334 3798 Θ
1354 3722 1386 3785 111
1408 3714 1480 3791 0“11

137 3809 167 3869 in
185 3812 210 3879 00
230 3804 265 3884 li,
291 3808 377 3868 Luna
391 3808 420 3867 in
443 3801 554 3881 11⁰5.
592 3806 787 3885 Philippus
808 3807 863 3869 ΙΙΙ.
888 3806 1055 3886 Hispaniae
1080 3826 1150 3883 rex,
1172 3827 1250 3871 anno
1268 3805 1321 3875 78.
1354 3808 1402 3875 14.
1415 3811 1478 3889 Apr.

139 3916 225 3956 mane
250 3895 279 3956 h.
296 3892 326 3955 2.
347 3892 400 3957 20
417 3895 550 3957 meridiei
573 3902 607 3956 ut
620 3895 762 3974 Maginus
785 3895 963 3976 perscripsit
982 3896 1021 3957 ad
1036 3895 1266 3977 Tengnaglimn.
1315 3895 1481 3963 Aecideutis

139 3984 259 4062 privata
281 3984 395 4061 ignoro,
421 3985 541 4062 publica
565 4002 603 4045 ex
627 3985 826 4046 monumentis
850 3984 979 4062 publicis
1002 3985 1068 4063 ipss
1092 3986 1218 4066 corrige.

211 4072 382 4121 Fabricius
403 4068 439 4132 (d.
460 4072 483 4120 2.
505 4068 571 4134 [12]
590 4069 675 4135 Apr.):
696 4071 800 4135 Scripsit
818 4072 850 4121 sd
868 4086 908 4121 me
926 4071 965 4122 Jo.
985 4072 1097 4130 Erikssn,
1116 4087 1145 4123 ss
1161 4074 1288 4127 radonsm
1305 4082 1333 4127 st
1352 4090 1439 4129 ausus
1452 4073 1481 4123 si·

139 4144 276 4192 rectiouum
294 4149 320 4190 st
338 4143 517 4205 protectionum
535 4144 665 4193 invenisse.
703 4143 818 4193 Promisit
836 4157 894 4192 suas
907 4145 1071 4209 cogitationes
1089 4144 1122 4194 ad
1133 4158 1174 4195 uus
1190 4146 1299 4207 mittere,
1319 4148 1483 4199 ”dham

139 4229 189 4262 non
208 4214 274 4262 lacit.
313 4211 422 4272 Quaeso,
441 4220 469 4263 tn
488 4213 604 4274 adoleas,
621 4229 678 4263 sum
696 4216 782 4271 sciam,
803 4215 848 4263 tibi
866 4220 927 4263 nota
945 4229 999 4264 esse
1017 4214 1082 4266 illius
1100 4217 1194 4267 omnia

230 4284 435 4362 Keplerus:
478 4284 645 4346 Occasione
677 4305 811 4347 mearum
844 4286 1062 4364 cogitationum
1094 4287 1132 4348 de
1163 4288 1267 4351 causis
1298 4289 1483 4354 directionum

139 4372 275 4434 Joannes
300 4372 364 4450 ipse
389 4393 505 4454 quoque
530 4374 741 4435 exstimulatus
766 4375 833 4449 luit,
858 4374 1039 4456 tandemque
1062 4370 1172 4455 εὕρηκα
1191 4379 1389 4447 exclamavit.
1431 4376 1485 4456 Ege

140 4481 211 4523 vero
235 4460 293 4541 ipsi
318 4464 491 4536 monstravi,
516 4462 622 4524 eadem
646 4462 743 4542 ipsum
764 4463 899 4543 cogitare
914 4482 1038 4526 mecum.
1085 4465 1183 4544 Igitur
1204 4484 1270 4529 rem
1290 4474 1392 4532 totam
1412 4464 1498 4531 sdss'

141 4551 304 4624 revocavit,
330 4550 493 4625 affirmans,
519 4570 551 4610 se
577 4552 706 4612 nondum
729 4562 811 4613 recte
836 4551 1004 4630 explicasse
1030 4573 1086 4614 sua
1108 4554 1202 4617 animi
1216 4572 1322 4627 sensa,
1347 4557 1498 4621 mittes·

142 4647 240 4700 turum
263 4639 398 4714 ulterius,
424 4639 572 4719 quomodo
596 4640 806 4718 explicandum
820 4640 862 4700 sit
878 4641 932 4701 hoc
956 4661 1042 4703 suum
1056 4641 1221 4706 inventum.
1268 4644 1321 4708 lta
1345 4644 1484 4728 negotium

141 4726 198 4788 hoc
221 4728 299 4788 inter
323 4747 378 4789 nos
403 4728 525 4807 quievit.
535 4722 560 4802 ²)
609 4727 741 4790 Chartas
756 4747 839 4790 meas
855 4748 874 4789 a
888 4728 928 4790 D.
945 4728 1066 4791 Schelio
1090 4739 1235 4812 acceptas
1257 4733 1296 4797 ds
1320 4730 1483 4800 dbsctioui·

141 4815 196 4876 bus
220 4815 292 4878 mihi
314 4817 445 4891 remitte,
470 4825 505 4878 ut
528 4816 668 4898 ipseper
690 4816 795 4879 literas
819 4816 890 4879 mihi
914 4835 947 4879 es
970 4817 1124 4899 pollicitus
1148 4830 1180 4882 ts
1201 4821 1368 4890 iacturum.
1412 4820 1485 4897 ona
