3278 5542
162 792 279 852 „cutm
375 746 667 886 „=-3²-Vt=1,ino;
734 831 747 852 „

161 1041 175 1066 „
200 1006 331 1059 sotaldis:
377 1021 436 1067 „=
460 1000 506 1062 Υἳ
532 1003 670 1064 =i,trt;
735 1043 748 1066 „

159 1253 173 1278 „
198 1219 338 1269 icosntdro:
377 1147 671 1315 ,ΞΜ
735 1256 748 1279 „

542 1342 680 1408 :notri

540 1668 575 1697 ε
584 1650 678 1712 0,714;

236 1793 300 1856 Hos
323 1794 415 1873 igitur
437 1814 576 1859 numeros
606 1814 673 1859 cnm
702 1794 832 1858 numeris
860 1817 879 1857 a
903 1792 1068 1874 (iopemico
1095 1791 1204 1873 positis
1234 1798 1359 1853 etcum
1384 1789 1498 1853 tabulis

148 1899 316 1964 Pmtenicie
346 1919 522 1982 comparans
545 1903 694 1983 Keplems
724 1902 842 1965 nonnisi
867 1901 896 1963 in
920 1902 1019 1963 Marte
1048 1906 1079 1962 et
1100 1899 1220 1961 Venere
1244 1917 1329 1960 suam
1350 1897 1498 1960 rationem

148 2025 214 2069 cum
236 2006 315 2069 illins
338 2007 452 2098 calculo
475 2028 653 2090 congruere,
683 2008 712 2070 in
736 2007 845 2071 ceteris
867 2005 964 2088 magis
987 2006 1121 2069 minusve
1144 2004 1298 2066 discedere
1321 2004 1414 2066 videt.
1462 2005 1498 2066 In

145 2109 296 2173 Mercurio
319 2132 386 2175 cum
408 2110 496 2175 nimis
520 2113 654 2189 differat,
677 2133 736 2175 non
759 2112 842 2192 globi
864 2113 893 2175 in
917 2112 1059 2174 octaedro
1082 2110 1233 2191 inscripti,
1263 2110 1317 2172 sed
1340 2110 1444 2173 circuli
1468 2110 1496 2171 in

147 2218 295 2299 quadrato
317 2218 399 2282 illins
421 2219 559 2300 inscripti
578 2220 664 2299 ponit
680 2220 796 2283 radium
819 2216 942 2294 (0,707‚
967 2227 1028 2294 ant,
1053 2236 1120 2279 cum
1137 2217 1253 2280 radium
1268 2251 1308 2263 -
1323 2216 1353 2279 R
1367 2248 1409 2260 —
1424 2237 1494 2298 par·

145 2320 221 2389 tium
239 2331 334 2404 ponet
354 2321 448 2399 1000,
468 2356 510 2367 -
526 2321 615 2396 707).
654 2324 715 2389 Cur
739 2333 840 2388 antem
863 2333 989 2405 utraque
1012 2324 1090 2386 ratio
1111 2324 1259 2398 discedat,
1282 2342 1405 2387 cansam
1429 2343 1492 2387 esse

104 2462 115 2491 a
147 2428 221 2491 dicit
243 2429 274 2490 in
296 2430 425 2492 numeris
449 2451 468 2492 a
491 2428 657 2511 Gopemico
681 2431 777 2494 minus
805 2429 966 2512 diligenter
993 2429 1165 2505 subductis,
1199 2430 1328 2511 vitioque
1355 2431 1386 2492 in
1411 2449 1496 2493 snam

29 2622 33 2628 .
147 2553 209 2627 rem
229 2535 413 2598 emendando
431 2554 570 2618 magnam
585 2535 730 2618 impendit
744 2556 873 2618 operam.
905 2537 1012 2618 Neque
1031 2544 1131 2598 tamen
1155 2537 1233 2617 qnod
1257 2536 1384 2619 optabat
1406 2555 1497 2618 pror·

1407 2639 1474 2705 577

148 2774 199 2819 sus
223 2764 381 2847 assecutus
403 2763 465 2833 est,
497 2775 563 2820 cum
590 2758 703 2820 numeri
730 2758 931 2822 redundantes
955 2777 993 2821 ex
1015 2755 1226 2837 proportione:
1264 2754 1369 2821 1000:
1408 2746 1474 2920 3ξὲ

1408 2855 1427 2916 7

149 2983 188 3015 =
213 2960 377 3024 distantiae
401 2958 557 3042 Oopemici
579 2981 640 3038 τι,
664 2963 776 3044 stipsi
798 2982 904 3044 pamm
926 2968 1102 3043 congmant.

234 3155 349 3218 Vemm
370 3155 400 3218 in
424 3156 480 3218 boc
503 3163 584 3218 certe
608 3157 779 3240 acquiescit,
807 3158 905 3241 „quod
927 3156 1014 3220 nnius
1032 3154 1177 3219 motoriae
1197 3153 1362 3218 distantiae
1385 3153 1425 3216 ad
1449 3155 1499 3216 al-

147 3268 243 3324 teram
259 3261 413 3343 proportio
427 3280 576 3343 nunqnam
595 3283 614 3324 a
629 3270 693 3325 toto
709 3263 779 3326 orbe
796 3262 1001 3346 Copernicano
1017 3265 1147 3339 aberrat,
1172 3263 1227 3325 sed
1245 3252 1367 3344 semper
1385 3260 1499 3342 aliquid

147 3367 273 3447 digitum
295 3367 434 3444 intendit,
460 3368 536 3450 quod
559 3369 691 3449 pertinet
714 3371 753 3432 ad
777 3371 889 3434 orbium
914 3352 1169 3452 spissitudinem.“
1211 3367 1384 3431 Distantias
1410 3387 1497 3443 „mo-

146 3472 261 3535 torias“
287 3480 387 3535 autem
416 3474 490 3536 dicit
516 3473 585 3538 illas
614 3497 633 3537 a
656 3474 822 3559 Oopemico
850 3486 1056 3557 computatas,
1086 3476 1264 3556 easdemque
1293 3495 1313 3536 a
1333 3473 1494 3537 Maestlino

147 3587 309 3654 correctas,
334 3587 366 3641 ct
387 3571 417 3642 in
432 3579 563 3644 Saturno
588 3583 707 3663 quidem
729 3581 868 3658 mediam,
891 3583 922 3645 in
936 3580 1023 3660 Jove,
1047 3584 1156 3658 Marte,
1181 3583 1274 3643 Terra
1296 3580 1443 3656 minimas,
1465 3579 1495 3641 in

146 3687 269 3751 Venere
289 3687 459 3763 maximam,
482 3689 512 3750 in
526 3689 674 3754 Mercurio
698 3689 826 3752 mediam
848 3690 927 3754 inter
949 3689 1112 3753 maximam
1134 3697 1167 3750 et
1189 3688 1328 3766 mediam.
1364 3685 1498 3768 Scopum

146 3814 179 3857 se
201 3795 330 3857 nondum
357 3796 445 3875 plane
473 3796 613 3878 tetigisse
638 3798 704 3879 ipse
733 3797 860 3879 ingenue
894 3799 1024 3875 latetur,
1059 3797 1113 3859 sed
1141 3796 1220 3859 viam
1248 3815 1280 3857 ee
1310 3804 1498 3857 monstrasse

146 3907 243 3981 putat,
268 3919 327 3982 qua
341 3902 379 3963 ad
393 3903 552 3967 veritatem
567 3903 789 3967 exactissimam
803 3906 952 3985 perveniri
970 3905 1077 3985 possit
1102 3902 1245 3983 additque
1266 3902 1313 3964 his
1336 3902 1366 3964 in
1389 3908 1498 3980 poste-

147 4005 218 4069 riori
232 4005 361 4069 editione
375 4007 545 4072 Prodromi:
572 4012 777 4086 „somniabam
795 4012 832 4075 de
851 4011 989 4085 veritate,
1013 4010 1118 4091 opinor
1139 4010 1217 4072 bono
1231 4010 1296 4071 Deo
1319 4007 1496 4092 inspirante.

146 4112 260 4176 illicita
280 4122 330 4177 est
350 4113 501 4178 mediante
524 4116 581 4178 hoc
603 4116 725 4180 invento
744 4137 781 4180 cx
799 4117 961 4182 harmoniis
980 4117 1057 4179 ratio
1078 4101 1364 4179 eccentricitatnm.“

218 4254 312 4316 Quibus
328 4256 469 4321 praemissis
488 4271 520 4308 ea
537 4239 665 4317 eddImus,
690 4272 754 4324 quae
773 4273 828 4310 cnm
845 4257 1031 4310 Maestlino
1056 4259 1108 4324 egit
1125 4256 1247 4322 Kepims
1266 4257 1297 4308 de
1315 4255 1432 4322 opusculo
1451 4271 1497 4307 suo

148 4346 324 4398 connubendo
342 4352 369 4397 et
386 4347 539 4412 conscripto,
564 4348 604 4399 cni
622 4363 671 4398 uon
689 4354 787 4400 tantum
804 4351 881 4414 primo
904 4355 1029 4414 tempore,
1054 4362 1102 4413 qno
1121 4360 1252 4413 eggressus
1270 4353 1309 4397 eet
1326 4345 1496 4408 Prodrcrnunr,

147 4436 300 4487 nunciaverit
316 4436 466 4504 propositum
477 4451 558 4495 mum,
576 4438 621 4488 sed
640 4439 715 4489 mam
733 4440 817 4489 omnia
833 4452 898 4504 quac
915 4439 960 4501 ipsi
979 4441 1138 4489 occurrerunt
1156 4435 1231 4486 dubia
1248 4441 1275 4486 et
1292 4434 1451 4487 difficultates
1468 4436 1496 4486 in
1524 4424 1526 4428 ’

146 4536 173 4572 rs
190 4522 342 4582 perficienda
357 4526 524 4588 proposuerit.
551 4530 577 4575 et
601 4526 642 4590 qui
660 4525 820 4577 libentissime
838 4539 938 4589 operam
955 4539 1026 4577 snam
1043 4525 1142 4576 navarit
1159 4526 1184 4575 in
1201 4524 1356 4590 perficiendi·
1375 4530 1401 4576 st
1419 4537 1494 4590 expo-

148 4611 236 4663 liendis
253 4612 365 4676 primitiis
377 4612 490 4676 discipuli
503 4614 626 4678 qnondam
638 4614 797 4671 dilectissimi,
815 4620 929 4678 suscepto
948 4614 974 4664 in
992 4630 1019 4665 se
1038 4629 1112 4665 onere
1129 4614 1230 4664 meandi
1248 4616 1300 4679 typi
1318 4619 1344 4664 et
1361 4614 1495 4678 inspicien-

147 4702 232 4753 dorum
249 4699 463 4767 typograplicrnm.
500 4701 588 4752 Insunt
609 4703 635 4752 in
658 4703 802 4755 collectione
826 4704 984 4768 epistolarum
1001 4703 1103 4768 Kepleri
1129 4704 1293 4768 aliorumque,
1318 4718 1393 4769 quam
1416 4703 1496 4754 edidit

148 4789 257 4856 idithsei
274 4788 422 4863 'ilseopbiins
440 4788 635 4846 Hanschins
654 4791 766 4857 (Lipsiae
785 4787 866 4854 rtis)
883 4793 970 4846 literne
988 4795 1080 4859 priores
1098 4789 1132 4843 22
1150 4789 1186 4861 (p.
1207 4789 1305 4854 1—oi)
1324 4806 1341 4843 a
1357 4790 1494 4846 Maestiino
