3262 5550
718 326 861 394 caruca
1409 330 1472 399 ιιι

114 491 142 544 ie
156 489 255 544 thesi
247 506 324 559 ipsa:
343 505 415 560 quae
430 496 523 545 tamen
538 492 574 545 ad
586 472 778 562 hypothesin
771 510 798 547 m
811 493 864 547 hoc
879 494 986 581 quidem
1001 499 1092 564 caput,
1108 500 1140 548 ut
1154 493 1232 564 coepi
1247 494 1347 561 dicere,
1363 514 1417 552 non
1432 497 1472 551 fe·

114 570 201 624 iciter
222 570 276 623 fuit
296 570 447 640 applicata.

191 648 218 713 c)
238 651 393 704 Hocde''us
408 651 576 714 dictumest,
593 667 663 721 quae
679 651 706 706 in
720 669 824 723 genere
844 632 1029 716 quantitatum
1050 654 1186 708 rationem
1201 655 1307 709 habent
1330 656 1472 711 materiae.

114 731 194 784 Verbi
211 746 305 796 causa,
326 731 526 801 sphaericum
518 748 607 800 ipsum
625 749 676 802 per
689 749 719 786 se
735 749 818 787 unum
832 740 921 788 totum
942 734 1047 804 sibique
1061 734 1180 804 undique
1200 735 1288 789 simile
1309 743 1353 790 est
1372 736 1471 791 forma·

114 812 186 871 iter;
210 817 242 865 at
260 810 452 874 materialiter,
467 818 499 865 ut
517 812 684 881 superficies,
709 812 795 867 habet
816 820 924 883 partem
946 823 1029 869 extra
1050 823 1167 884 partem.
1209 815 1262 868 Hic
1281 833 1341 870 cum
1364 817 1472 871 ratione

114 891 232 962 partium
246 892 422 946 dominetur
414 910 442 946 m
456 892 601 961 sphaerico
621 892 741 946 infinitas
757 893 905 956 divisionis,
930 896 1103 964 sphaericum
1124 895 1211 965 igitur
1227 896 1335 949 ratione
1349 913 1392 961 ea,
1417 912 1473 968 qua

114 978 136 1025 n
149 978 249 1041 partes
264 979 308 1026 est
322 972 467 1035 dividuum,
493 989 546 1026 non
563 973 752 1027 consideratur
765 965 927 1038 formaliter,
950 977 997 1028 sed
1017 974 1207 1040 materialiter,
1232 976 1290 1029 sive
1311 978 1382 1048 quod
1403 977 1473 1031 idem

114 1058 160 1113 ιιι,
184 1060 280 1120 partes
305 1052 442 1122 sphaerici
465 1052 596 1106 formales
618 1051 712 1107 nullae
734 1062 812 1124 sunt;
838 1071 908 1125 quae
929 1057 1044 1110 veroin
1068 1055 1115 1109 illo
1139 1056 1348 1110 considerantur
1366 1063 1471 1126 partes,

114 1133 270 1186 materiales
290 1140 363 1195 sunt,
388 1133 414 1186 in
440 1139 572 1203 quantum
595 1134 686 1203 figura
711 1135 848 1203 sphaerici
872 1135 961 1191 utitur
984 1136 1101 1191 materia
1124 1135 1312 1206 quantitative
1335 1136 1471 1206 dividique

114 1218 214 1282 potest.
255 1213 318 1267 Jam
336 1230 402 1268 rere
421 1219 485 1267 actu
508 1213 666 1267 inscribitur
679 1216 765 1268 cubus
786 1215 950 1285 sphaerico,
972 1216 996 1269 si
1017 1216 1193 1285 sphaericum
1216 1216 1371 1270 formaliter
1384 1216 1472 1270 consi·

114 1295 224 1346 leretur
238 1300 271 1346 ut
283 1294 382 1364 figura,
399 1294 475 1347 locus
490 1294 645 1363 quaestioni
660 1311 714 1347 non
729 1303 781 1358 est,
805 1296 969 1365 quibusnam
984 1296 1010 1350 in
1026 1295 1134 1366 punctis
1150 1296 1290 1369 statuendi
1305 1296 1362 1350 sint
1376 1295 1473 1368 anguli

114 1373 180 1435 rubi,
204 1373 246 1425 sin
267 1382 360 1428 nutem
382 1373 567 1427 materialiter
590 1374 753 1439 consideres,
777 1383 810 1429 ut
831 1376 1002 1446 superficiem
1025 1377 1190 1431 infinitorum
1210 1384 1386 1446 punctorum:
1409 1384 1474 1430 tunc

114 1453 219 1523 quidem
240 1454 395 1522 quaestioni
416 1454 493 1507 locus
512 1462 563 1516 est,
587 1455 685 1524 quibus
707 1455 735 1507 in
748 1456 878 1525 punctis?
900 1463 932 1511 at
950 1457 1113 1527 responderi
1127 1474 1180 1510 non
1195 1462 1298 1526 potest,
1321 1473 1381 1510 cum
1401 1456 1472 1510 ratio

114 1533 189 1587 nulla
212 1533 259 1596 sit,
286 1550 334 1588 cur
356 1534 450 1603 potius
473 1534 500 1586 in
523 1533 566 1589 his
588 1535 706 1604 punctis,
729 1552 811 1606 quam
834 1535 861 1590 in
885 1536 962 1591 aliis:
985 1537 1087 1607 quippe
1108 1544 1202 1606 potest
1224 1536 1252 1591 in
1275 1535 1386 1591 infinitis
1410 1536 1473 1589 aliis

114 1622 192 1684 etque
214 1613 286 1667 aliis.

189 1693 282 1762 Hujus
303 1693 416 1766 generis
438 1702 504 1749 sunt
524 1702 556 1748 et
572 1694 648 1751 istae
670 1695 859 1766 quaestiones:
885 1713 945 1750 cum
965 1695 1080 1767 lingitur
1098 1697 1218 1765 spatium
1232 1697 1474 1753 ultramundanum

114 1773 253 1836 minitum,
275 1782 306 1829 et
326 1776 408 1828 daeo
431 1775 582 1845 quaeritur,
606 1793 653 1830 cur
667 1777 759 1846 potius
778 1775 805 1829 in
819 1775 873 1829 hac
886 1785 967 1845 parte
982 1775 1079 1846 spatii,
1101 1793 1183 1846 quam
1200 1776 1228 1830 in
1249 1776 1307 1831 alia
1322 1777 1477 1831 collocatus

114 1855 146 1908 iit
158 1856 293 1918 mundus;
315 1856 382 1910 item
402 1871 464 1909 oum
483 1863 591 1925 tempus
607 1863 749 1911 aeternum
765 1853 934 1925 (oppositum
952 1857 981 1910 in
995 1852 1116 1925 adjecto)
1131 1856 1246 1928 lingitur
1261 1856 1472 1927 quaeriturque:

114 1951 156 1989 rur
178 1936 288 1990 demum
309 1943 376 1990 ante
398 1953 451 1989 sex
470 1936 559 1991 millia
580 1953 713 1992 annorum
737 1936 861 1990 conditus
884 1937 921 1991 sit
941 1939 1068 2000 mundus,
1091 1936 1152 1990 Deo
1167 1939 1204 1992 ab
1219 1937 1290 1991 omni
1305 1937 1474 1990 aeternitate

114 2015 270 2069 abstinente
285 2032 303 2069 a
317 2016 453 2070 creando?
493 2016 566 2071 Nam
580 2024 610 2071 et
623 2017 744 2086 spatium
765 2024 795 2070 et
809 2022 926 2086 tempus,
952 2018 979 2071 in
992 2033 1097 2088 genere
1118 2016 1314 2086 quantitatum,
1338 2017 1474 2071 rationem

114 2095 216 2149 tabent
233 2096 378 2159 materiae,
399 2104 529 2166 respectu
552 2098 660 2168 quidem
674 2098 858 2168 figuratarum
878 2098 1074 2167 quantitatum.
1115 2094 1237 2151 Materia
1250 2113 1315 2150 vero
1336 2097 1370 2149 de
1384 2113 1414 2150 se
1428 2113 1474 2151 ra·

114 2176 198 2229 tiones
213 2175 307 2230 nullas
322 2177 491 2246 suppeditat,
521 2178 584 2247 ipsa
606 2178 633 2231 io
646 2193 677 2231 se
700 2192 784 2231 unam
807 2184 838 2230 et
857 2176 946 2232 solam
968 2177 1169 2247 proprietatem
1191 2177 1286 2240 habet
1311 2176 1475 2230 infinitatem

114 2256 239 2325 partium,
260 2257 400 2310 actualem
414 2257 530 2326 quidem,
553 2259 598 2311 rel
613 2258 718 2311 numeri
731 2257 777 2310 rel
792 2257 966 2327 quantitatis,
989 2256 1013 2310 si
1034 2257 1123 2326 ipsum
1144 2264 1232 2311 totum
1247 2264 1312 2310 actu
1326 2255 1473 2311 infinitum:

114 2337 291 2405 potentialem
305 2354 372 2390 rero
386 2339 500 2402 numeri,
525 2338 548 2391 si
564 2345 652 2393 totum
666 2344 730 2391 actu
744 2338 858 2400 finitum,
882 2339 952 2408 quod
970 2335 1059 2391 solum
1072 2344 1117 2390 est
1130 2336 1270 2406 possibile,
1295 2353 1355 2390 oum
1365 2336 1474 2407 quanti·

114 2424 152 2469 us
170 2423 218 2470 est
238 2417 266 2469 in
281 2416 399 2471 materia
412 2418 549 2488 corporali
568 2418 687 2488 physica
709 2420 754 2472 rel
769 2418 892 2472 coelesti.
933 2418 1004 2472 Vide
1021 2418 1141 2486 Epitom.
1156 2421 1232 2471 Ast-r.
1254 2417 1300 2471 lib.
1316 2416 1347 2479 1..
1368 2416 1416 2470 ubi
1437 2417 1470 2469 de

114 2496 200 2566 lgura
221 2498 291 2550 coeli
312 2498 416 2569 agitiu.

188 2589 220 2662 d)
242 2595 325 2649 Ratio
339 2596 486 2650 Aristoteli
500 2595 644 2650 familiaris
658 2595 703 2649 hic
718 2595 927 2664 impertinenter
941 2580 1101 2658 adhibetur}
1119 2596 1170 2649 imo
1185 2612 1220 2649 ne
1240 2593 1402 2664 principium
1417 2593 1475 2663 qui-

114 2677 167 2729 lem
183 2678 268 2729 datur
282 2675 402 2745 alicujus
417 2692 561 2748 regressus
577 2676 604 2730 io
619 2676 794 2747 assignandis
809 2677 973 2738 rationibus,
989 2676 1037 2730 ubi
1051 2676 1123 2729 ratio
1137 2676 1222 2744 plane
1237 2674 1316 2728 nulla
1330 2680 1382 2727 est

188 2769 217 2837 ι)
239 2773 276 2836 Si,
302 2775 421 2844 inquam,
445 2792 500 2828 non
523 2780 568 2827 est
591 2774 697 2828 initium
721 2774 812 2843 operis
836 2773 991 2828 faciendum
1013 2774 1071 2826 sine
1094 2774 1210 2836 ratione,
1236 2772 1341 2826 nullum
1356 2788 1476 2843 unquam

114 2855 218 2908 'nitium
240 2854 296 2907 erit
318 2854 487 2916 faciendum
509 2853 631 2909 rationes
656 2854 727 2908 enim
751 2855 786 2909 ad
809 2855 862 2908 hoc
886 2856 930 2907 vel
945 2854 1012 2907 illud
1037 2854 1151 2917 initium,
1175 2853 1222 2906 ubi
1246 2855 1347 2906 dantur
1360 2852 1475 2913 infinita,

114 2935 193 3004 plane
214 2934 310 2987 nullae
330 2941 403 2989 sunt.
447 2935 524 2997 Quod
548 2935 635 3004 igitur
658 2935 686 2988 in
707 2934 818 2988 infinitis
839 2935 949 3004 punctis
963 2934 1022 2988 fleri
1042 2950 1130 3004 aeque
1144 2940 1248 3002 posset,
1274 2932 1299 2985 id
1319 2948 1380 2986 cum
1402 2931 1435 2985 fit
1449 2931 1476 2986 in

114 3032 203 3069 eorum
217 3031 273 3068 uno
298 3015 399 3085 aliquo,
423 3020 537 3084 praeter
560 3031 666 3068 omnem
686 3014 822 3069 rationem
846 3023 902 3078 est,
928 3015 998 3084 quod
1023 3014 1049 3068 in
1070 3033 1103 3068 eo
1123 3013 1295 3084 potissimum
1316 3012 1473 3081 fuitprae·

114 3095 202 3150 teritis
226 3094 298 3147 aliis.

188 3168 216 3242 f)
239 3175 324 3245 Atqui
346 3175 502 3268 geometria
520 3175 601 3227 docet
621 3174 786 3229 locationem
810 3174 989 3245 pyramidis'
983 3191 1009 3226 ιιι
1030 3174 1099 3226 cubo
1122 3173 1207 3243 longe
1226 3171 1425 3226 concinniorem
1448 3179 1478 3225 et

114 3255 319 3326 perfectiorem.
335 3253 542 3318 concinniorem,
566 3255 631 3346 quia
645 3272 716 3324 quae
730 3255 803 3309 ratio
818 3262 862 3307 est
876 3253 1061 3327 inscriptionis
1075 3253 1263 3346 geometricae
1283 3252 1380 3307 illius'
1372 3270 1399 3306 m
1414 3251 1476 3311 isto.

114 3338 207 3390 eadem
226 3336 311 3389 etiam
334 3336 361 3388 in
383 3335 481 3388 mundo
506 3334 639 3389 concinna
652 3336 722 3390 erit
747 3342 778 3389 at
791 3335 959 3427 geometrice
982 3335 1104 3405 pyramis
1120 3336 1189 3388 cubo
1204 3333 1243 3386 sic
1257 3333 1422 3396 inscribitur,
1446 3337 1479 3385 ut

114 3416 257 3487 quodlibet
271 3416 346 3469 latus
360 3414 512 3485 pyramidis
527 3416 578 3470 liat
590 3416 736 3487 diagonios
750 3415 830 3469 unius
852 3415 929 3483 plani
950 3414 1051 3467 cubici:
1073 3414 1266 3483 perfectiorem
1280 3430 1353 3479 vero,
1376 3413 1442 3483 quia
1455 3411 1478 3465 si

114 3498 231 3551 maxime
246 3495 322 3549 basis
336 3511 394 3548 una
407 3495 557 3565 pyramidis
572 3497 622 3550 flat
632 3496 777 3565 parallelo
790 3495 851 3548 basi
866 3495 913 3548 uni
928 3494 998 3558 cubi,
1014 3501 1107 3548 tamen
1122 3494 1233 3548 adhuc
1226 3503 1333 3547 incerta
1346 3502 1390 3546 est
1404 3493 1478 3546 loca·

114 3578 148 3630 tio
174 3577 296 3630 laterum
317 3575 393 3630 basis
416 3574 578 3646 triangulae
602 3577 691 3640 trium,
717 3583 847 3645 respectu
870 3576 990 3629 laterum
1017 3575 1092 3628 basis
1117 3575 1326 3644 quadrangulae
1351 3581 1478 3643 quatuor.

114 3658 212 3711 Potest
225 3656 298 3710 enim
313 3655 456 3726 quodlibet
469 3656 580 3711 illorum
600 3656 716 3711 cuilibet
735 3657 832 3710 horum
847 3655 1013 3724 parallelum
1035 3655 1135 3716 statui;
1161 3662 1255 3723 potest
1269 3660 1297 3707 et
1312 3653 1477 3724 angulorum

114 3739 155 3791 uni
171 3736 302 3790 obtendi:
325 3745 358 3789 ut
371 3736 608 3805 perpendicularis
623 3737 715 3805 potius
732 3737 810 3806 plani
824 3735 1004 3806 triangularis
1020 3751 1080 3788 oum
1101 3734 1191 3787 latere
1205 3735 1267 3787 cubi
1291 3734 1316 3786 in
1333 3734 1402 3786 idem
1416 3732 1477 3801 pla·

114 3834 173 3871 oum
196 3824 348 3885 competat.
390 3815 516 3885 Denique
542 3817 668 3886 perfecta
691 3816 794 3871 locatio
814 3833 869 3868 non
892 3823 944 3877 est,
969 3815 1017 3868 ubi
1039 3832 1093 3868 non
1118 3814 1241 3868 omuibus
1262 3814 1351 3882 planis
1373 3812 1477 3866 similes

114 3898 180 3951 situs
197 3897 378 3968 contingunt;
401 3903 432 3949 at
455 3913 515 3951 cum
529 3913 613 3951 unum
634 3897 784 3968 pyramidis
799 3896 912 3966 planum
935 3895 968 3948 tlt
987 3894 1154 3965 parallelum
1175 3896 1260 3964 plano
1275 3895 1346 3957 cubi,
1368 3893 1478 3962 reliqua

114 3978 201 4041 llius,
218 3976 288 4030 nulli
302 3976 386 4045 hujus
401 3984 483 4030 erunt
496 3977 655 4047 parallela;
677 3977 748 4032 idem
763 3985 793 4030 et
806 3977 839 4030 de
854 3976 990 4030 lateribus
1005 3981 1035 4029 et
1048 3977 1081 4028 de
1097 3976 1209 4044 angulis
1224 3975 1325 4028 dictum
1340 3981 1409 4027 esto.

190 4052 226 4129 g)
253 4058 305 4110 Hic
324 4057 385 4127 jam
404 4056 473 4110 situs
494 4058 530 4110 ab
549 4066 667 4128 utraque
691 4059 782 4128 ligura
796 4057 936 4119 abhorret,
960 4063 990 4109 et
1011 4071 1029 4109 a
1048 4055 1189 4126 pyramide
1209 4063 1237 4108 et
1252 4072 1270 4107 a
1285 4056 1364 4108 cubo.
1408 4054 1477 4108 Nam

113 4137 255 4207 inscriptio
269 4137 440 4209 geometrica
453 4138 541 4199 docet,
557 4138 676 4207 angulos
690 4137 783 4207 potius
798 4142 917 4208 quatuor
930 4135 1082 4206 pyramidis
1097 4136 1197 4191 debere
1207 4134 1292 4206 jungi
1308 4130 1366 4202 (rel
1381 4150 1476 4203 super-

114 4212 191 4289 poni)
207 4217 321 4272 totidem
337 4217 448 4289 augulis
463 4218 496 4270 de
511 4218 673 4271 dodecaedri
687 4217 795 4289 viginti.
837 4216 882 4271 Sic
901 4217 998 4271 eadem
1020 4216 1161 4285 inscriptio
1179 4216 1352 4288 geometrica
1374 4214 1436 4269 cubi
1451 4215 1477 4268 in

114 4300 303 4352 dodeoaedron
323 4300 412 4361 docet,
427 4296 573 4369 diagonios
588 4299 752 4352 dodecaedri
767 4304 829 4351 octo
845 4298 878 4350 de
893 4297 1042 4360 duodecim,
1064 4296 1122 4350 lieri
1142 4305 1204 4351 octo
1219 4296 1313 4350 latera
1327 4296 1403 4349 cubi:
1425 4294 1476 4348 ita·

114 4397 162 4449 que
179 4379 203 4433 si
218 4380 408 4433 dodecaedron
422 4377 542 4432 vicissim
564 4378 602 4432 sit
622 4379 697 4432 intra
715 4379 823 4440 cubum,
848 4383 958 4445 oportet
979 4378 1013 4430 de
1028 4375 1145 4448 triginta
1165 4375 1299 4431 lateribus
1315 4374 1477 4429 dodeoaedri
1579 4406 1584 4413 -

114 4475 180 4513 sena
195 4458 368 4512 subordinari
384 4458 456 4511 senis
471 4458 562 4527 planis
578 4459 640 4512 cubi
655 4459 710 4511 situ
725 4457 872 4527 parallelo.

191 4537 223 4602 h)
244 4540 304 4592 Hoc
317 4545 401 4608 paeto
415 4539 595 4606 respondebit
605 4539 712 4608 quidem
727 4538 795 4593 situs
811 4538 933 4593 octaedri
948 4537 1035 4592 intimi
1057 4537 1083 4590 in
1099 4538 1168 4591 cubo
1183 4536 1287 4590 extimo
1307 4532 1477 4602 inscriptioni

114 4619 299 4691 geometricae
314 4618 437 4686 ejusdem
452 4618 577 4672 incubo:
594 4626 625 4673 at
634 4619 778 4690 pyramidi,
800 4619 980 4681 dodecaedro,
1004 4618 1146 4671 icosaiidro
1161 4613 1356 4688 nonlegitime
1371 4630 1476 4668 accom-

114 4698 278 4761 modabitur,
303 4698 355 4760 nisi
379 4697 449 4752 situs
469 4698 576 4752 illorum
597 4698 624 4752 in
648 4700 717 4753 cubo
742 4700 776 4752 ad
800 4699 880 4770 leges
899 4699 959 4769 jam
983 4697 1170 4767 praescriptas
1190 4697 1359 4751 emendetur.
1402 4695 1478 4748 Τιιιιι

114 4780 184 4834 enim
206 4787 373 4833 oencurrent
395 4777 423 4832 in
441 4794 499 4833 una
518 4786 599 4833 recta
621 4778 697 4833 linea
719 4781 756 4832 ex
778 4786 872 4833 centro
895 4779 1028 4834 communi
1056 4779 1206 4849 figurarum
1226 4775 1344 4830 omnium
1367 4775 1475 4835 educta,

114 4856 141 4925 1)
166 4859 291 4935 angulus
305 4857 439 4921 octaedri,
464 4857 496 4929 2)
510 4858 632 4915 laterum
645 4858 788 4927 icosaddri,
812 4855 842 4925 3)
857 4858 1028 4924 ᾶοᾶιιιιᾶιί,
1052 4856 1081 4924 4)
1096 4856 1246 4935 pyramidis
1260 4853 1351 4910 media
1363 4860 1476 4925 puncta,
