3262 5550
210 344 271 412 171
294 407 296 413 s
724 346 836 411 unuin
855 344 1054 414 coemamus

207 506 321 569 numeri
344 507 495 579 indicant,
520 515 662 587 qnantum
686 505 799 568 dierum
823 506 1067 589 quamproxime
1092 505 1239 568 debeatur
1261 505 1394 568 inferiori
1416 506 1569 584 planetae,

209 596 316 657 eadem
338 594 530 674 proportione
555 594 594 655 ad
617 594 730 669 orbern,
755 614 814 675 qua
837 595 930 657 utitur
952 595 1013 669 ille,
1039 595 1088 675 qui
1103 595 1194 656 estin
1210 595 1309 676 000110
1325 587 1570 667 columellae.⁶')

208 684 303 746 Vides
327 684 427 763 igitur,
451 702 554 744 veram
577 683 733 761 periodum
756 702 875 763 semper
898 684 1042 746 minorem
1067 703 1146 756 0000,
1170 691 1323 765 quamest
1346 683 1411 758 illa,
1437 701 1515 762 quac
1530 682 1570 743 illi

207 772 382 835 attribuitur
406 772 445 832 ad
469 772 695 833 slmilitudinem
720 773 892 852 superioris.

285 860 411 922 Interim
434 870 535 922 tamen
559 869 692 922 motuum
715 860 851 921 binorum
876 860 914 921 ad
938 860 1080 935 invicem,
1110 879 1169 921 non
1193 860 1311 940 quidem
1328 859 1461 935 eadem,
1487 859 1568 920 simi-

209 950 246 1012 lis
272 958 371 1011 tamen
397 968 516 1031 semper
540 959 588 1010 est
610 950 773 1029 proportio,
799 969 874 1030 qnae
899 950 977 1010 inter
1000 948 1172 1012 distantias.

368 1092 444 1152 dics.
494 1109 538 1152 00.

362 1175 468 1243 10759
496 1175 584 1254 1211
639 1177 804 1257 accipiatur
828 1178 911 1240 sinus
955 1175 1073 1254 11403
1127 1178 1174 1239 Α1
1192 1177 1217 1239 01
1235 1175 1401 1255 superioris
1451 1173 1566 1250 11512

381 1265 470 1333 4332
494 1265 589 1340 3711
638 1265 912 1340 1010010000011
956 1277 981 1338 d
1012 1264 1072 1331 159
1099 1214 1229 1361 10100110
1251 1196 1431 1400 0101001100
1453 1273 1481 1335 0'
1507 1261 1567 1330 200

404 1352 469 1421 686
493 1352 534 1419 50
564 1363 614 1424 d<
638 1356 666 1417 iu
683 1376 720 1417 ea
741 1356 911 1435 quantitate
957 1362 981 1432 ὁ
1008 1352 1073 1418 532
1100 1374 1104 1385 ’
1128 1351 1275 1428 0111000,
1292 1355 1401 1416 00110-
1454 1357 1480 1429 ὁ
1507 1349 1566 1419 058

404 1442 586 1518 3651515
645 1454 743 1506 motus
766 1446 901 1523 periodi·
958 1441 1072 1518 96¹5
1130 1404 1565 1553 100101101000-09710

404 1528 470 1598 224
493 1529 586 1605 lte
748 1552 800 1595 cus
963 1531 1073 1610 §392
1199 1531 1322 1611 pernico
1425 1528 1567 1607 Ι0500

297 1662 354 1722 Η10
377 1660 445 1720 vide
469 1657 539 1718 milri
564 1656 594 1716 10
617 1656 746 1717 motibus
771 1658 886 1729 mediis,
911 1667 961 1719 sat
984 1666 1067 1718 certo
1092 1657 1230 1736 cognitis,
1261 1656 1350 1736 idque
1374 1655 1465 1735 longe
1489 1655 1564 1735 prins

207 1758 297 1830 atque
321 1752 358 1812 de
381 1756 464 1809 certa
484 1744 695 1807 distantiarum
716 1745 832 1806 ratione
849 1744 1033 1826 Copernicns
1049 1746 1206 1824 cogitaret,
1232 1744 1309 1817 vide,
1335 1745 1470 1824 inquam,
1495 1763 1563 1805 ean·

207 1839 274 1901 dem
299 1837 524 1908 diversitatem,
550 1853 626 1913 quae
659 1835 738 1894 inter
761 1834 843 1913 ipsas
868 1843 916 1896 est
940 1834 1118 1908 distantiae,
1147 1853 1185 1894 ex
1207 1836 1499 1914 προσθαφαιρεσοσε
1520 1850 1566 1913 per

207 1925 415 2006 Copemicum,
440 1933 532 1986 etex
557 1923 684 2003 quinque
708 1923 881 2002 corporibus
904 1942 959 2004 per
982 1943 1028 1985 me
1053 1921 1242 1984 exstructas:
1270 1922 1410 2002 utrinqne
1434 1940 1525 1983 secus
1546 1927 1565 1989 d

208 2016 337 2090 minima,
363 2017 431 2077 inde
455 2032 540 2074 secus
565 2013 599 2088 0,
630 2011 672 2085 0,
703 2011 840 2086 Terram,
870 2021 902 2073 et
925 2012 1056 2073 maxima
1080 2031 1167 2073 secus
1193 2010 1234 2084 9:
1264 2011 1405 2090 utrinqne
1431 2009 1565 2081 0000011

208 2108 282 2182 etl}
310 2104 445 2184 aequalis
468 2120 562 2182 pene;
597 2101 667 2161 item
701 2108 733 2161 et
766 2120 853 2162 secus
877 2102 1001 2162 Terram
1032 2108 1064 2162 et
1084 2099 1120 2173 Q.
1168 2100 1262 2178 Igitur
1291 2099 1338 2161 vel
1370 2098 1434 2179 jam
1469 2099 1565 2160 statim

209 2194 285 2255 satis
311 2195 471 2274 explorata
495 2197 543 2252 est
567 2187 733 2268 Cupernico
758 2191 795 2250 de
819 2191 927 2251 mundo
952 2191 1048 2252 veteri
1072 2189 1208 2251 victoria.

298 2281 387 2353 Quod
412 2283 437 2343 si
462 2290 562 2342 tamen
586 2279 752 2357 praecisius
776 2279 867 2339 etiam
892 2280 931 2340 ad
955 2279 1115 2340 veritatem
1131 2278 1276 2339 accedere
1299 2285 1332 2338 01
1345 2277 1564 2356 proportionum

145 2376 149 2385 “
208 2371 424 2451 aequalitatem
454 2370 547 2430 ullam
576 2386 699 2447 sperare
723 2366 865 2441 velimus,
900 2369 1023 2430 duorum
1052 2369 1180 2430 alterum
1208 2367 1402 2428 statuendum
1427 2374 1494 2427 est:
1523 2374 1566 2425 aut

209 2460 353 2522 metricas
377 2455 545 2530 auimasl),
572 2475 629 2534 quo
653 2465 723 2517 sunt
746 2476 764 2517 a
784 2455 854 2518 Sole
878 2458 1064 2532 remotiores,
1090 2456 1145 2518 boo
1169 2474 1237 2517 0000
1261 2454 1493 2516 imbecilliores:
1524 2461 1565 2514 001

209 2567 299 2609 unam
323 2567 391 2609 csse
421 2545 574 2608 motriccm
600 2543 762 2619 animane)
793 2545 822 2606 in
847 2546 960 2608 orbium
990 2546 1120 2607 omnium
1144 2552 1264 2617 centro,
1294 2543 1415 2605 scilicet
1438 2543 1469 2604 in
1494 2541 1564 2615 8010,

209 2656 294 2717 quae,
319 2644 353 2698 ut
375 2635 529 2715 quodlibet
552 2652 659 2713 corpus
683 2642 731 2694 001
754 2633 894 2706 vicinius,
917 2635 962 2696 ita
984 2635 1190 2696 vehementius
1214 2631 1336 2694 incitet:
1371 2631 1403 2693 in
1427 2632 1562 2695 remotio-

208 2725 290 2786 ribus
315 2735 440 2806 propter
465 2723 686 2811 elongationem
707 2731 738 2783 et
753 2724 992 2784 attenuationem
1006 2723 1127 2785 virtutis
1143 2721 1361 2803 quodaminodo
1383 2720 1564 2798 languescat.

210 2813 296 2876 81001
319 2815 412 2894 igitur
436 2813 502 2875 1000
528 2811 603 2874 10010
626 2810 655 2871 10
681 2810 752 2873 8010
777 2820 834 2886 001,
859 2823 890 2873 01
913 2811 1090 2892 principium
1115 2809 1217 2872 circuli
1241 2811 1270 2871 in
1293 2811 1359 2871 loco
1385 2808 1487 2883 Solis,
1512 2808 1564 2869 sci-

211 2903 282 2964 licet
304 2904 334 2964 in
359 2911 482 2964 centro:
516 2902 560 2961 ita
588 2920 664 2961 nunc
692 2900 774 2974 vita,
810 2909 909 2962 motus
938 2910 969 2961 et
998 2900 1098 2962 anima
1126 2898 1228 2962 mundi
1255 2897 1285 2959 in
1316 2898 1447 2960 eundern
1472 2898 1564 2960 80100

210 2991 336 3055 recidit:
366 3002 400 3054 ut
422 2991 466 3053 ita
489 2991 615 3051 fixarum
638 2989 679 3050 sit
702 2989 799 3069 quies,
828 2991 1020 3068 planetarum
1048 2999 1134 3050 actus
1162 2987 1286 3050 secundi
1309 2993 1462 3061 motuum,
1494 2986 1564 3048 Solis

210 3088 296 3141 actus
329 3079 396 3159 ipsc
429 3079 560 3158 primns,
596 3078 644 3156 qui
676 3076 952 3157 incomparabiliter
982 3079 1109 3140 nobilior
1139 3085 1188 3138 est
1216 3075 1334 3138 actibus
1368 3075 1513 3137 secundis
1541 3075 1564 3133 in

209 3169 299 3230 rebus
324 3168 481 3229 omnibus:
513 3186 570 3227 non
600 3184 687 3227 secus
711 3174 801 3245 atque
826 3166 966 3245 8011000
991 3166 1157 3247 010000101
1181 3163 1419 3247 pulchritudine,
1454 3163 1565 3225 01010-

210 3257 285 3319 tutis
309 3257 455 3328 efficacia,
486 3265 518 3317 et
545 3254 620 3317 lucis
645 3255 802 3335 splendore
828 3257 937 3317 ceteris
962 3256 1098 3318 omnibns
1122 3257 1210 3335 longe
1233 3260 1384 3335 praestat.
1433 3252 1492 3314 Hic
1512 3253 1566 3332 Jam

211 3346 299 3426 longe
323 3345 433 3407 rectius
457 3345 487 3405 in
512 3342 613 3406 Solem
639 3353 812 3422 competunt
834 3345 888 3405 illa
916 3344 1029 3406 nobilia
1057 3344 1210 3423 epitheta,
1246 3342 1308 3406 (lor
1336 3342 1463 3413 mnndi,
1496 3342 1563 3412 Rex,
1613 3392 1620 3409 .

210 3434 378 3514 Imperator
397 3434 562 3509 stellarum,
587 3434 669 3494 Deus
688 3433 824 3506 visibilis,
850 3442 881 3494 et
900 3433 1023 3513 reliqna.
1058 3433 1120 3495 Sed
1145 3434 1232 3513 hujus
1256 3431 1403 3494 materiae
1427 3432 1564 3493 nobilitas

210 3524 298 3604 longe
314 3523 394 3584 alind
418 3531 536 3603 tempus
560 3522 714 3602 locumque
739 3521 879 3602 requirit,
895 3521 923 3595 1)
949 3524 1064 3603 etjam
1088 3531 1179 3584 antea
1203 3532 1253 3583 sat
1276 3521 1357 3583 clare
1383 3529 1516 3600 apparet
1536 3537 1567 3580 ex

209 3612 391 3676 Narratione
414 3611 545 3673 Rhetici.

296 3702 366 3763 Jam
390 3710 491 3763 autem
520 3702 556 3762 de
582 3700 671 3761 modo
700 3698 929 3760 constituendae
954 3698 1040 3778 hujus
1074 3699 1229 3780 quaesitae
1253 3698 1460 3779 proportionis
1490 3697 1567 3760 nobis

211 3791 403 3870 cogitandum
427 3800 484 3853 est.
533 3789 631 3869 Supra
656 3787 751 3850 visum
779 3796 840 3861 001,
870 3787 895 3848 01
924 3789 991 3849 0010
1014 3790 1094 3851 00010
1119 3789 1285 3868 amplitudo
1309 3789 1428 3850 iaceret
1453 3789 1494 3850 ad
1518 3806 1566 3848 au·

212 3879 341 3957 gendum
365 3886 483 3958 tempus
507 3886 688 3957 0000100οε
719 3877 797 3955 quod
825 3887 957 3937 motuum
987 3887 1019 3938 et
1042 3877 1252 3939 distantiarum
1277 3877 1445 3938 mediarum
1471 3878 1568 3938 eadem

213 3966 381 4027 differentia
414 3968 515 4028 futura
548 3968 665 4027 1010001.
712 3964 799 4035 Quae
828 3985 932 4044 nempe
960 3967 1113 4046 proportio
1138 3964 1181 4029 88
1211 3966 1324 4028 dierum
1352 3965 1568 4046 periodioomm

212 4054 354 4116 Mercurii
385 4056 422 4114 ad
453 4053 517 4117 225
541 4056 605 4115 dies
629 4053 779 4114 Veneris:
807 4055 912 4115 eadem
936 4055 1015 4116 foret
1037 4054 1254 4117 semidiametri
1278 4055 1359 4117 orbis
1384 4051 1570 4118 Mercurialis

213 4143 251 4204 ad
277 4143 449 4203 Veneriam.
497 4143 567 4204 Jam
590 4161 660 4203 vero
690 4144 864 4204 cornnriscet
896 4165 928 4205 so
961 4144 1028 4206 lruic
1056 4155 1187 4207 motuum
1215 4144 1404 4226 proportioni
1433 4144 1570 4207 debilitas

165 4256 166 4259 ¹
214 4230 348 4291 metricis
373 4231 490 4292 animae
515 4234 542 4292 in
569 4230 729 4293 remotiori.
776 4232 1004 4311 Dispiciendum
1029 4234 1133 4314 igitur,
1169 4253 1235 4295 cum
1259 4234 1316 4296 hac
1348 4232 1511 4296 debilitate
1543 4238 1573 4291 nt

216 4327 421 4397 comparatum
444 4320 492 4380 sit.
539 4321 690 4382 Ponamus
714 4320 820 4399 igitur,
846 4321 874 4381 id
899 4323 977 4401 qnod
1000 4324 1089 4384 valde
1113 4322 1276 4384 verisimile
1300 4331 1364 4396 001,
1391 4324 1572 4385 000101000-

214 4407 296 4468 tione
320 4415 434 4469 motum
459 4429 477 4468 a
501 4406 571 4471 Sole
596 4409 773 4488 dispensari
799 4430 858 4489 qua
881 4411 986 4472 lucem.
1003 4416 1031 4485 ⁰)
1068 4413 1160 4475 Lucis
1184 4422 1285 4474 antem
1310 4432 1348 4475 ex
1371 4422 1479 4475 centro
1503 4430 1572 4492 pro·

215 4504 342 4574 rogatae
367 4495 535 4558 debilitatio
560 4518 619 4578 qua
641 4499 834 4577 proportione
858 4501 919 4574 fiat,
946 4501 1056 4562 docent
1078 4500 1181 4582 optici.
1224 4502 1304 4563 Nam
1328 4510 1477 4582 quantum
1502 4500 1574 4564 lucis

217 4584 318 4644 estin
342 4603 435 4663 parvo
460 4585 584 4661 circulo,
616 4588 792 4649 tantundem
816 4589 908 4649 etiarn
931 4590 1006 4651 lucis
1035 4591 1099 4652 sive
1122 4591 1275 4652 radiorum
1299 4589 1451 4653 Solarium
1475 4599 1526 4653 001
1546 4588 1574 4648 10

216 4689 337 4750 magno.
384 4673 462 4733 Hinc
485 4695 551 4736 cum
574 4676 615 4736 sit
637 4676 667 4736 in
691 4696 785 4756 parvo
810 4679 959 4758 stipatim,
983 4679 1012 4740 in
1036 4698 1145 4760 magno
1169 4680 1298 4756 tenuior,
1322 4699 1467 4742 mensura
1490 4679 1576 4758 hujus

218 4759 437 4821 attenuationis
461 4781 498 4823 ex
520 4763 588 4844 ipsa
607 4764 783 4826 circulorum
796 4768 987 4847 proportione
1002 4770 1134 4848 petenda
1153 4768 1219 4847 erit,
1243 4770 1333 4850 idque
1357 4775 1422 4831 tam
1444 4769 1478 4831 in
1502 4770 1576 4840 lnce,

218 4864 308 4932 quarn
334 4847 365 4910 in
393 4851 516 4915 motrico
543 4852 664 4918 virtuts.
708 4851 819 4927 'Quare
852 4864 963 4940 quanto
996 4859 1123 4942 amplior
1150 4859 1257 4923 Venus
1284 4856 1458 4955 Mercurio,
1491 4864 1579 4943 tanto

219 1269 300 1371 lb'am

211 1377 238 1421 su
260 1375 313 1437 pro

209 1446 314 1508 dicbus
