3278 5542
667 256 676 274 Χ
726 301 889 352 Prooemium·
1425 299 1490 367 aas

125 469 231 523 autem
254 461 414 542 aliquoties
438 460 626 546 scripserim,
652 463 770 525 omnino
793 462 864 525 mihi
888 463 1057 544 persuadeo
1082 470 1113 524 et
1136 482 1228 544 prope
1253 469 1368 526 certum
1392 472 1491 538 teneo,

124 571 173 612 me
198 551 298 630 prima
322 551 427 613 statim
450 551 516 613 vice
532 551 684 632 Tychonis
708 554 816 615 fecisse
841 552 1033 615 mentionem.
1080 553 1187 616 Prodit
1207 575 1239 615 se
1262 555 1360 616 instar
1384 553 1491 616 soricis

124 648 158 702 et
182 660 251 702 meo
270 640 386 720 jndicio
410 661 466 702 sua
490 641 681 702 confessione
705 641 747 704 ἐπ’
773 641 942 722 αὐτοφωρῳ
972 643 1215 722 deprehenditur.
1262 644 1324 718 Ait,
1357 664 1389 705 se
1420 663 1491 706 suas

124 729 315 812 hypotheses
345 749 383 790 ex
406 729 582 791 Ptolemaeo
611 730 809 807 desumsisse,
843 740 978 794 mutasse
1010 731 1089 794 enim
1113 733 1256 794 nonnulla
1285 734 1315 795 iu
1339 733 1492 812 sententia

125 818 286 900 Apollonii
310 819 439 899 Pergaei
464 819 500 880 de
524 818 706 882 stationibus
732 821 972 901 speculationem
996 821 1207 901 proponentis:
1233 822 1404 902 Tychouem
1420 842 1491 884 vero

124 908 262 970 indidem
291 929 361 971 suas
392 908 593 988 depromsisse
625 917 657 969 et
684 910 740 970 hoc
765 930 886 989 negare.
934 912 1017 990 Lege
1049 931 1124 990 quae
1154 910 1190 971 de
1218 911 1274 971 hoc
1298 911 1492 973 Ptolemaeus

124 997 267 1077 scripsit,
293 1006 324 1059 et
348 998 480 1059 insanire
504 997 585 1058 dices
610 998 731 1060 Ursum.
780 1001 894 1062 Verum
919 992 1038 1082 quidem
1062 1009 1127 1073 est,
1152 1020 1219 1062 cum
1243 1001 1318 1061 duae
1343 1009 1492 1079 ponantur

124 1109 144 1150 a
169 1087 347 1150 Ptolemaeo
370 1086 526 1165 Apollonii
551 1087 736 1161 sententiae,
770 1091 968 1169 posteriorem
997 1110 1033 1150 ex
1058 1090 1117 1151 illis
1146 1090 1337 1169 aliquatenus
1367 1090 1491 1168 digitum

123 1177 285 1239 intendere
319 1179 357 1239 ad
388 1175 541 1257 Tychonis
574 1176 770 1258 hypotheses.
827 1180 929 1258 Fingit
961 1180 1050 1240 enim·
1065 1180 1154 1240 trium
1187 1180 1372 1258 superiorum
1408 1180 1491 1252 (uam

123 1267 321 1329 Ptolemaeus
355 1265 468 1327 diserte
500 1265 589 1340 dicit,
621 1266 751 1330 alteram
783 1270 965 1331 seutentiam
993 1269 1153 1347 complecti
1181 1291 1272 1343 norae
1300 1290 1493 1338 ravennnae

124 1355 276 1428 ἀποςαση
302 1357 474 1427 ποιουηας)
504 1353 670 1434 quemlibet
701 1357 812 1418 habere
837 1359 1037 1419 ecceutrieum
1064 1377 1165 1432 suum,
1200 1359 1249 1439 qui
1283 1376 1380 1418 annuo
1409 1352 1497 1418 motu

124 1445 297 1507 circumeat
319 1443 482 1506 secundum
507 1442 640 1505 ordinem
665 1445 829 1524 signorum.
876 1447 993 1509 Deinde
1018 1447 1046 1507 in
1073 1446 1205 1527 quolibet
1220 1447 1387 1508 ecceutrico
1411 1445 1493 1507 volvi

125 1533 297 1614 epicyclum
325 1534 450 1595 Terram
482 1533 690 1609 ambeuntem,
734 1535 820 1614 cujus
848 1545 947 1600 motus
976 1535 1018 1599 sit
1045 1536 1075 1600 in
1097 1536 1329 1615 praecedentia,
1358 1535 1493 1617 aequalis

125 1623 225 1686 motui
249 1621 494 1684 commutationis
522 1623 674 1700 planetae.
721 1623 782 1686 Sed
811 1645 869 1687 nou
898 1625 1072 1707 praetendit
1099 1625 1176 1686 hanc
1199 1626 1397 1705 posteriorem
1421 1644 1492 1685 seu-

125 1712 259 1779 tentiam
289 1713 377 1774 homo
406 1708 632 1784 stolidissimus,
667 1731 770 1775 verum
799 1715 881 1776 illam
910 1715 1057 1794 priorem,
1089 1733 1164 1795 quae
1193 1717 1281 1794 plane
1306 1715 1378 1777 nihil
1402 1714 1494 1775 babet

125 1822 287 1865 commune
316 1820 383 1863 cum
413 1800 564 1881 Tychoue.
611 1800 713 1882 thue
745 1804 932 1884 propositum
965 1803 1115 1877 obtineat,
1147 1803 1262 1884 allegat
1295 1802 1493 1883 Copernicum

126 1893 180 1956 lib.
207 1893 248 1954 V.
274 1911 340 1975 cap.
366 1887 420 1954 35.
446 1896 478 1951 et
499 1891 589 1969 plaue
615 1892 778 1967 contendit,
806 1891 1005 1971 Copernicum
1029 1893 1080 1954 illo
1100 1893 1198 1972 capite
1223 1892 1303 1954 viam
1327 1893 1494 1972 praeivisse

128 1981 266 2065 Tychoui
297 1982 337 2043 ad
366 2000 437 2042 suas
461 1979 655 2061 hypotheses.
707 1981 791 2044 Dicit
817 1982 897 2046 enim
924 2002 1080 2063 expresse,
1112 1983 1320 2062 Tychonias
1344 1990 1493 2043 exstare

128 2071 163 2133 iu
190 2069 406 2150 Copernico.
455 2066 639 2148 Copernicus
662 2087 733 2131 vero
757 2071 902 2132 lemmatii
927 2069 1070 2145 meminit,
1097 2071 1174 2151 quod
1196 2073 1234 2134 ad
1249 2071 1378 2151 priorem
1394 2072 1493 2150 Apol-

129 2159 203 2224 lonii
227 2159 411 2225 seutentiam
434 2157 575 2237 pertinet.
624 2156 685 2219 Sed
710 2158 782 2222 nihil
805 2161 903 2240 magis
918 2159 1084 2230 ridiculum,
1108 2179 1198 2239 quam
1223 2163 1301 2241 quod
1318 2180 1355 2222 ex
1370 2160 1420 2223 lib.
1438 2160 1493 2222 ΙΙΙ.

129 2269 197 2330 cap.
223 2247 276 2311 25.
303 2246 464 2328 Copernici
492 2247 548 2308 has
572 2247 723 2328 Tychonis
751 2251 935 2332 hypotheses
958 2251 1024 2311 vult
1052 2258 1240 2330 extorquere.
1289 2248 1363 2312 Cum
1392 2249 1494 2311 ibide

129 2347 234 2402 centro
264 2339 365 2400 mundi
390 2335 557 2416 Copernico
587 2355 685 2398 sermo
715 2339 769 2410 sit,
804 2359 841 2400 au
866 2339 962 2401 Terra
989 2346 1071 2400 motu
1096 2339 1264 2402 eceeutrico
1288 2339 1369 2400 circa
1392 2337 1495 2401 Solem

130 2430 256 2504 letatur,
281 2448 318 2490 an
343 2446 414 2487 vero
437 2423 492 2486 Sol
516 2424 596 2486 circa
620 2432 755 2488 centrum
780 2428 860 2490 orbis
884 2428 985 2508 magui
1004 2436 1086 2489 motu
1102 2428 1287 2506 tardissimo,
1314 2428 1409 2490 Terra
1423 2446 1494 2488 vero

130 2525 212 2582 motu
237 2515 426 2580 couceutrico
450 2514 532 2576 circa
555 2514 634 2577 idem
657 2523 792 2579 centrum
816 2517 897 2580 orbis
922 2517 1023 2596 magui
1049 2525 1134 2579 neoto
1149 2538 1257 2594 annuo,
1282 2525 1370 2598 putat
1393 2516 1496 2578 asinus

128 2607 194 2680 ille,
225 2626 283 2669 nou
304 2606 369 2687 jam
394 2622 495 2677 ursus,
526 2601 725 2683 Copernicum
754 2607 833 2687 loqui
857 2606 894 2668 de
923 2605 1158 2686 transpositione
1182 2606 1263 2669 Solis
1292 2607 1320 2668 in
1350 2606 1496 2669 ambitum

128 2696 211 2760 orbis
237 2696 352 2775 magni,
386 2695 498 2755 Terrae
523 2711 593 2755 vero
618 2693 648 2755 iu
672 2704 808 2757 centrum
832 2696 897 2775 ejus
922 2696 1015 2759 orbis.
1063 2695 1150 2767 Quae
1174 2705 1337 2778 postquam
1360 2696 1435 2776 legi,
1467 2694 1496 2756 in

127 2785 207 2851 banc
234 2785 277 2846 ivi
305 2781 501 2857 sententiam,
532 2801 627 2864 neque
650 2784 761 2847 lectum
785 2804 852 2847 esse
876 2785 955 2848 Urso
979 2785 1200 2855 Ptolemaeum,
1232 2804 1328 2865 neque
1352 2785 1493 2849 intellec-

125 2883 192 2938 tum
217 2873 427 2954 Copernicum.

199 3033 371 3097 Keplerus,
393 3037 422 3082 ut
443 3045 473 3081 ex
492 3029 600 3094 epistolis
619 3030 759 3095 praemissis
783 3031 929 3082 concludere
948 3032 1015 3090 licet,
1038 3046 1113 3098 aegro
1127 3032 1201 3082 subiit
1213 3033 1339 3098 negotium
1351 3045 1367 3081 a
1379 3030 1496 3095 Tyohoue

122 3107 156 3157 ab
169 3107 227 3171 ipso
240 3105 398 3168 postulatum,
420 3109 449 3153 ut
461 3102 558 3169 publice
574 3108 661 3152 contra
672 3102 764 3153 Ursum
777 3105 802 3152 iu
816 3105 895 3154 aciem
907 3104 1022 3168 prodiret.
1060 3104 1094 3154 lit
1108 3110 1192 3154 autem
1204 3104 1355 3168 Tychouem.
1379 3103 1412 3152 ad
1424 3115 1496 3168 quern

121 3192 194 3229 uuo
208 3174 275 3226 1601
301 3191 315 3227 e
336 3176 420 3239 Styria
440 3182 609 3239 transgressus
632 3181 677 3230 est,
699 3176 746 3224 sibi
759 3176 918 3233 conciliaret,
949 3177 1050 3226 ineunte
1073 3191 1139 3226 auno
1160 3174 1226 3235 1601
1256 3177 1362 3226 Graetiis
1382 3190 1433 3225 rem
1453 3189 1497 3240 ag·

120 3264 237 3317 gressus,
259 3249 355 3299 initium
370 3245 539 3311 ,Apologiw
553 3261 638 3297 seeum
651 3246 759 3312 Pragam
781 3248 872 3303 attulit,
896 3248 1039 3311 Tychonem
1060 3249 1123 3299 forts
1142 3255 1289 3312 exspectans
1302 3248 1497 3305 adhortaturum.

120 3329 152 3373 nt
175 3320 240 3371 illud
264 3319 382 3370 adfinem
404 3318 562 3383 perduceret,
590 3323 635 3366 aut
652 3317 714 3367 Urso
737 3324 873 3382 opportune
890 3326 984 3368 mortuo
1001 3335 1053 3368 rem
1076 3320 1149 3383 plane
1169 3321 1294 3382 abjiceret.
1334 3317 1396 3368 Cum
1413 3318 1498 3382 Tycho

121 3393 216 3444 eodem
230 3406 296 3441 anno
309 3387 363 3452 (2⁴.
377 3385 453 3451 Nor.)
467 3389 550 3439 subita
562 3395 639 3438 morte
653 3391 790 3439 exstinctus
804 3398 877 3450 osset,
900 3390 955 3440 aliis
970 3391 1145 3455 multiplicibus
1162 3392 1269 3456 negotiis
1290 3392 1390 3441 obrutus
1403 3390 1497 3453 Keple·

120 3480 168 3516 rus
192 3478 284 3512 munus
307 3462 368 3512 illud
379 3464 505 3527 ingratum
526 3461 621 3522 rejecit.
648 3474 799 3525 quamquam
823 3477 872 3511 nou
898 3462 974 3526 plane
996 3463 1095 3524 abiecit.
1134 3462 1270 3522 Quaerenti
1294 3464 1359 3512 enim
1380 3460 1498 3512 Daridi

121 3536 297 3586 Fabricio:
318 3535 409 3593 ,audio
430 3539 456 3583 te
470 3531 635 3582 absurditates
655 3532 831 3595 hypothesium
843 3533 876 3583 R.
890 3533 946 3583 Ursi
967 3534 1097 3584 refutasse.
1136 3534 1236 3594 Quaeso
1254 3541 1284 3584 ut
1302 3535 1380 3597 primo
1403 3547 1498 3597 quoque
1558 3575 1561 3582 .

122 3614 238 3672 tempore
250 3614 323 3671 prout
334 3605 447 3669 Tychoui
459 3604 503 3654 abs
516 3610 542 3652 te
554 3604 698 3668 promissum
711 3604 764 3662 init,
779 3604 863 3661 edas‚“
878 3605 1005 3668 respondit
1016 3604 1184 3669 Keplerus
1198 3602 1235 3666 (2.
1251 3605 1313 3655 Dec.
1333 3601 1424 3665 ldd2):

219 3693 359 3774 „Scripsi
383 3695 413 3756 in
435 3693 563 3766 Ursum,
597 3693 651 3754 sed
675 3692 746 3755 mihi
771 3693 827 3773 ipsi
857 3712 914 3754 nou
939 3693 1111 3767 satisfacio;
1144 3700 1266 3772 oportet
1294 3693 1382 3771 prius
1401 3692 1497 3771 inspi-

127 3805 199 3849 cere
223 3785 363 3847 Proclum
386 3792 417 3846 et
440 3783 610 3844 Averroem
634 3783 671 3846 de
696 3782 824 3844 historia
845 3782 1067 3863 hypothesium.
1113 3782 1211 3844 Edam
1236 3781 1411 3861 aliquando,
1448 3781 1498 3842 ubi

126 3877 158 3938 id
183 3873 290 3990 miup‘ri
319 3872 433 3936 invidia
456 3871 520 3933 fieri
541 3871 655 3952 poterit
686 3888 774 3950 quam
804 3891 891 3935 nunc.
941 3871 1011 3934 Fuit
1039 3872 1119 3934 enirn
1143 3866 1271 3951 (Ursus)
1296 3889 1380 3933 meus
1405 3877 1497 3931 ante-

125 3984 240 4027 cesaor.

199 4123 249 4173 ffic
273 4135 290 4171 a
311 4119 420 4186 Keplero
443 4117 574 4170 inchoatus
597 4100 678 4184 neque
701 4132 757 4169 vero
784 4117 909 4168 absolutus
932 4118 1029 4170 libellos
1054 4119 1120 4171 inest
1142 4119 1198 4169 Vol.
1220 4117 1252 4168 V.
1276 4121 1498 4184 manuscriptorum

125 4193 370 4260 Petropolitauorum
387 4205 492 4257 eumque
511 4196 644 4255 sequenter
663 4190 780 4241 exhibent
797 4191 913 4256 paginae.
