3278 5542
137 327 203 397 358
557 329 659 381 urere
676 328 780 395 septas
799 329 951 395 memque
965 319 1071 383 niun

136 492 261 614 Ripae&
272 493 404 612 'oredrttiene
423 497 518 541 eertum
537 495 675 554 respectum
695 490 772 555 signis
794 496 819 539 et
831 489 940 553 planetis
952 491 1105 549 attribuisse,
1124 491 1157 541 ad
1168 490 1234 542 base
1246 491 1287 542 val
1298 491 1352 542 alta
1363 490 1419 543 loos
1433 504 1485 556 psas

163 579 170 611 ι
181 578 193 612 s
212 576 229 611 a
257 577 310 611 cren
330 576 353 610 a.

209 633 274 693 Quid
300 635 377 682 sentis
404 633 434 681 de
460 632 553 696 ignium
579 632 657 696 globis
684 646 714 680 ex
734 629 812 680 aeret
848 631 901 695 lige
927 637 986 694 pute
1005 645 1060 682 esse
1086 633 1234 696 imperfecta
1252 633 1379 697 quaedam
1396 647 1485 697 corpora

139 706 269 764 comatioa,
289 718 347 753 uen-
358 705 420 753 satis
438 704 581 759 sublimata;
601 718 631 752 ex
649 704 757 752 materia
774 701 872 752 divana
890 709 916 751 et
934 703 981 752 sibi
1000 705 1126 753 contraria
1143 710 1267 755 censum.

207 773 266 824 Jam
285 775 402 824 describit
419 776 610 824 observatama
628 789 654 823 se
673 773 802 823 stellam
825 773 1016 823 variabilem
1039 774 1064 823 in
1083 781 1139 825 cate
1158 780 1184 824 et
1203 776 1240 825 slc
1257 774 1399 825 concludit:
1421 772 1483 833 Vale,

136 847 201 911 riga,
220 846 295 896 flere!
332 845 404 895 Brevi
423 846 494 908 plura
513 845 543 894 de
562 854 660 895 cometa
678 852 721 893 tue
740 850 766 893 et
786 845 841 894 aliis
858 844 969 894 habebis.
1008 844 1094 895 Scriba
1118 860 1214 910 quoqne
1231 845 1308 903 milri,
1335 858 1401 911 quaa
1424 845 1485 894 lnsr't

136 915 264 966 verissima
280 919 420 981 praecessio
440 917 651 979 aequinoctiomm
676 923 786 979 tempere
805 916 956 976 Ptolemaei,
983 916 1081 980 qualem
1105 923 1133 966 tn
1158 924 1266 982 tuusque
1286 915 1441 982 Hipparchus
1462 929 1484 964 ss

138 988 250 1052 diligenti
269 994 379 1038 veterum
399 989 568 1037 observatione
587 988 709 1037 invenitis.
749 985 827 1046 Vale,
847 988 879 1035 mi
899 989 1069 1037 amantissime
1088 987 1212 1052 Ksplers.
1239 996 1266 1038 at
1285 990 1427 1038 diamasa
1442 989 1483 1036 rire

138 1073 169 1108 ae
186 1060 256 1113 vale.
280 1066 309 1108 ut
326 1066 446 1123 tanquam
465 1059 537 1108 Atlas
555 1059 651 1108 coelum
676 1073 708 1108 ae
726 1058 857 1121 sphaeram
880 1063 925 1107 tua
942 1059 1048 1108 seientia
1071 1058 1171 1116 fulcire,
1197 1061 1247 1108 ime
1266 1072 1388 1110 tenerare
1411 1058 1482 1123 pessis

140 1129 210 1180 Deus
230 1129 260 1179 0.
280 1129 317 1180 M.
337 1130 381 1179 tibi
400 1132 463 1180 vires
483 1144 513 1179 ac
531 1143 602 1178 suam
622 1131 729 1194 gratiam
748 1130 886 1194 largissime
905 1130 937 1179 ad
956 1130 981 1179 id
999 1144 1059 1192 epm
1079 1131 1258 1180 eommunicet!
1285 1132 1376 1181 Amen.
1413 1128 1484 1179 Saista

136 1207 207 1251 tuam
225 1203 293 1265 piam
310 1215 410 1250 uxerem
435 1207 462 1250 et
478 1215 563 1249 omues
582 1201 745 1264 Tychenioes.
783 1199 923 1264 (Inscripsit
950 1201 996 1250 has
1015 1201 1100 1250 literas
1124 1203 1175 1251 sle:
1200 1201 1417 1251 Excellentissimo
1433 1199 1482 1249 Ota·

138 1285 226 1321 saraae
244 1270 387 1334 Maiestatis
406 1274 552 1321 astronomo
576 1286 606 1321 sc
624 1272 768 1322 Ptolemaeo
787 1273 935 1321 Germanico
954 1272 987 1321 D.
1005 1272 1030 1321 J.
1049 1273 1172 1336 Kaplese,
1191 1275 1274 1322 amice
1293 1288 1339 1323 suo
1356 1272 1481 1321 mamaeae

139 1350 165 1392 et
183 1345 298 1399 uranico,
324 1344 424 1392 nrauiee
439 1350 464 1392 et
482 1344 555 1392 unice
574 1341 698 1402 colende.)
719 1368 752 1376 -
773 1344 810 1392 Ea
822 1358 886 1407 quae
900 1344 1064 1407 reliquasunt
1076 1342 1164 1393 harum
1177 1345 1340 1407 epistolarum
1352 1342 1482 1392 notabiliora

138 1413 271 1463 referenda
288 1421 358 1472 snut,
387 1421 416 1462 ut
434 1415 547 1470 diximus,
576 1415 609 1464 ad
627 1415 700 1463 libres
718 1413 819 1477 Kepleri
849 1416 879 1464 de
899 1414 1028 1478 Optica,
1056 1413 1145 1464 Nera
1163 1413 1274 1465 Stella
1299 1423 1327 1466 et
1344 1415 1482 1465 mainan

138 1491 210 1548 parte
228 1486 266 1535 de
285 1484 405 1542 Marte,
425 1486 455 1535 da
474 1500 521 1549 quo
533 1485 660 1535 Fabricius
678 1486 801 1548 permulta
813 1500 892 1550 eaque
905 1501 955 1558 nep
968 1487 1066 1534 omuino
1080 1486 1215 1549 rejicienda
1227 1486 1261 1537 ad
1274 1487 1411 1551 KepIerum
1423 1483 1481 1534 dedit.

212 1767 285 1829 Quae
310 1780 366 1818 eum
386 1768 442 1817 aliis
459 1767 618 1832 Keplerns
643 1768 788 1832 perlitatae
814 1769 865 1834 egit
890 1769 921 1818 de
944 1769 1016 1819 rebus
1038 1768 1191 1835 astrologicis
1210 1766 1416 1834 Calendarilsqua
1437 1770 1480 1823 aui.

141 1841 231 1906 partim
249 1854 325 1903 supra
341 1843 519 1903 proposuimus,
538 1841 629 1904 partim
647 1842 745 1903 propius
764 1842 892 1905 attingunt
909 1840 998 1890 libmm
1016 1840 1047 1891 do
1066 1837 1146 1890 Stella
1160 1839 1239 1891 Nera
1279 1840 1482 1893 Praemissisbaes

141 1918 239 1963 tantum
258 1912 385 1961 addimus:

212 1981 366 2033 Nicolaus
391 1981 494 2031 Vicke
514 1980 676 2042 (Vieienins,
706 1981 782 2041 ,Sao
803 1981 874 2031 Caes.
896 1981 1038 2044 Majestatis
1057 1981 1181 2046 dapiler“.
1207 1990 1310 2047 postea:
1338 1995 1373 2040 ,a
1396 1981 1482 2031 comit

142 2049 304 2113 metallicis“)
324 2054 394 2116 plura
412 2054 464 2116 egit
481 2067 524 2116 per
542 2053 627 2102 literas
646 2069 701 2103 eum
720 2054 829 2116 Keplero
849 2054 1023 2106 astronomica.
1042 2053 1085 2103 sed
1104 2067 1168 2117 quae
1187 2059 1334 2117 spectarent
1351 2054 1482 2103 maximam

142 2134 213 2191 parte
233 2126 389 2190 astrologica.
410 2123 508 2187 (Cemp.
528 2125 640 2173 Hansch.
660 2141 683 2187 p.
704 2121 867 2185 aee-333.)
904 2125 1007 2174 Praeter
1025 2125 1076 2173 alia
1094 2125 1193 2187 saepius
1211 2138 1229 2174 a
1246 2124 1358 2189 Kaplere
1376 2126 1445 2188 petit.
1462 2131 1482 2171 nt

141 2200 188 2261 ipsi
214 2199 294 2247 varies
318 2196 471 2267 „dirigeudl“
492 2198 578 2246 modes
605 2196 718 2259 explicet
756 2197 795 2246 ad
820 2196 883 2246 haec
908 2196 1036 2260 respondit
1052 2194 1215 2259 Keplerus
1237 2193 1275 2259 (d
1296 2194 1321 2246 8.
1340 2196 1400 2246 Pala
1419 2191 1482 2253 rell)

144 2268 210 2319 hune
227 2269 253 2318 iu
271 2267 382 2317 medum:

358 2354 552 2417 Nobilissimc
576 2354 713 2428 Domine,
738 2356 853 2416 Fauter
877 2352 1107 2418 Coleudissime.

232 2444 308 2525 Legi
331 2444 498 2505 Ptolemaei
522 2445 620 2504 lecum
644 2463 709 2504 cum
725 2444 902 2518 attentione,
928 2452 958 2505 et
977 2443 1082 2505 videor
1095 2442 1166 2506 mihi
1182 2462 1304 2505 sensum
1318 2450 1402 2506 recte
1416 2459 1481 2504 eeu·

145 2533 356 2615 prehendisse,
392 2553 479 2613 quem
511 2532 684 2611 explicabo,
716 2532 808 2594 misse
834 2530 990 2608 Cerdone,
1025 2533 1109 2612 eujus
1138 2530 1482 2609 commentationessuut

145 2623 334 2684 obscuriores
356 2622 422 2701 ipse
448 2622 616 2683 Ptolemaei
640 2629 736 2696 textu,
760 2630 832 2702 pute
856 2621 1042 2702 prolixitate,
1068 2622 1217 2684 varietate
1242 2620 1481 2701 imaginationum,

146 2712 247 2773 taedio
272 2711 410 2774 lectionis
430 2719 461 2771 et
483 2711 643 2790 praecipue
667 2709 750 2770 vitiis
775 2711 1014 2791 typographicis.
1026 2702 1053 2782 ⁸)

234 2801 301 2862 Due
317 2799 408 2879 igitur
432 2799 546 2860 dicam:
576 2798 607 2873 i)
632 2799 851 2860 Doctriuam
876 2799 1129 2861 directionum
1152 2815 1190 2858 cx
1209 2806 1311 2860 mente
1325 2792 1480 2859 Ptolemaei

146 2885 182 2963 2)
205 2889 403 2951 Rationem
427 2888 685 2950 constituendi
710 2888 834 2948 demes
859 2890 1064 2961 coelestes,
1089 2907 1126 2947 ex
1150 2886 1257 2946 eedem
1282 2892 1414 2948 auctore.

234 2975 400 3057 Deprimo.
438 2977 519 3038 Fieri
547 2985 663 3056 petest,
689 2984 722 3038 ut
746 2975 903 3038 Cardenus
922 2978 970 3039 hie
993 2975 1200 3037 Ptolemaeum
1224 2993 1285 3036 nen
1308 2975 1388 3036 male
1409 2970 1481 3034 intel·

145 3066 255 3129 lexerit
261 3086 270 3141 ;
294 3084 351 3127 nen
372 3066 450 3127 enim
466 3085 569 3126 omues
585 3063 717 3127 Cardani
732 3066 940 3145 paragraphes
955 3064 1154 3128 consideravi.
1188 3063 1234 3126 At
1248 3061 1359 3126 Stadie
1379 3061 1482 3124 multum

148 3158 244 3230 deest,
261 3174 317 3233 que
341 3153 439 3215 minus
463 3173 582 3215 sensum
607 3162 712 3215 teneat
726 3155 868 3243 auctoris,
894 3154 963 3236 quia
980 3154 1115 3214 omnibus
1130 3152 1279 3214 machinis
1293 3152 1352 3215 heo
1366 3151 1440 3229 egit,
1459 3155 1484 3209 ul

148 3264 186 3305 ex
199 3243 386 3305 Ptolemaide
402 3241 550 3321 dirigendi
566 3241 653 3303 mede
670 3251 808 3304 exstruat
823 3244 942 3304 medum
958 3242 1091 3322 erigendi
1106 3242 1218 3321 figuras
1234 3242 1393 3304 coelestes.
1424 3238 1482 3299 Plo-

148 3332 255 3396 lemaei
280 3331 432 3393 sententia
455 3331 529 3392 haee
553 3339 616 3393 est:
651 3331 808 3393 videndum
833 3351 917 3407 esse,
948 3340 1019 3412 quet
1042 3332 1187 3410 graduum
1212 3330 1388 3410 aequaberis
1414 3327 1483 3386 velu-

145 3420 227 3484 tiene
251 3420 462 3500 significatoria
486 3420 578 3482 situm
602 3428 782 3500 assequatur
805 3421 978 3499 promissor.
1026 3418 1106 3503 Quia
1121 3438 1192 3481 vero
1208 3419 1353 3481 zodiacus
1368 3416 1484 3495 obliquus

149 3518 205 3584 est,
232 3509 355 3588 ejusque
378 3517 493 3588 partes,
518 3509 576 3570 nisi
592 3508 703 3570 fuerint
718 3509 880 3582 antisciae,
904 3519 1055 3589 nequeunt
1079 3509 1157 3569 idem
1181 3507 1342 3570 meridiani
1368 3515 1399 3569 et
1417 3500 1485 3566 heri·

147 3598 244 3662 sontis
259 3607 402 3678 punctum
417 3597 560 3672 transire,
587 3597 653 3658 ideo
670 3598 773 3659 delinit
787 3597 996 3671 Ptolemaeus,
1021 3597 1091 3677 quid
1112 3597 1154 3657 sit
1167 3597 1315 3659 identitas
1336 3597 1411 3658 situs
1424 3594 1486 3656 incr

145 3698 250 3770 partes
265 3686 379 3748 zodiaci
395 3705 453 3747 non
468 3686 623 3748 autiseios.
670 3686 746 3747 Eam
771 3686 904 3747 definivit
917 3705 971 3766 per
991 3686 1168 3748 idoneitates
1187 3685 1291 3747 circuli
1306 3685 1486 3765 positionum

147 3788 217 3840 tuno
242 3776 319 3837 enim
343 3774 555 3855 promissorem
580 3775 715 3836 obtinere
741 3775 867 3836 similem
893 3775 982 3838 situm
1009 3774 1106 3850 illius,
1141 3792 1228 3853 quem
1252 3774 1389 3836 habebat
1410 3766 1486 3850 sigui-

147 3867 262 3935 ficater,
278 3865 303 3925 si
319 3865 482 3941 promissor
501 3865 642 3926 inciderit
656 3864 684 3925 in
703 3864 844 3925 circulum
860 3865 1028 3944 positionis,
1051 3883 1138 3942 quem
1154 3862 1344 3941 significator
1359 3864 1487 3924 tenuerat.

147 3954 264 4015 Deinde
280 3952 399 4032 quaerit
416 3953 496 4013 viam
512 3961 543 4013 et
558 3953 739 4035 methodum,
765 3955 911 4032 quomedo
925 3954 1106 4031 perducatur
1120 3952 1287 4031 promissor
1300 3952 1340 4013 ad
1354 3952 1429 4014 hunc
1441 3947 1487 4009 cir·

149 4043 257 4105 culum.
306 4037 403 4109 Quum
428 4050 529 4101 eutem
553 4061 610 4103 nen
627 4049 784 4103 exstarent
799 4042 931 4115 tabulae,
956 4041 1069 4103 similes
1086 4040 1148 4102 tab.
1174 4040 1375 4103 directionum
1392 4036 1488 4118 Regia

150 4129 299 4203 montani,
333 4129 439 4209 quibus
473 4131 698 4208 expeditissime
725 4130 878 4208 negotium
911 4132 950 4192 ad
984 4139 1115 4191 mentem
1144 4129 1314 4191 Ptolemaei
1349 4127 1489 4209 perficitur,

106 4283 112 4288 ,
150 4221 218 4281 ideo
250 4218 384 4297 conlegit
407 4218 601 4279 Ptolemaeus
632 4220 670 4279 ad
694 4219 814 4281 horaria
843 4226 996 4299 tempera,
1027 4229 1057 4281 et
1083 4218 1169 4291 dicit,
1199 4225 1271 4280 tune
1299 4237 1370 4279 esse
1394 4216 1491 4278 diversa

149 4305 265 4370 zodiaci
294 4315 405 4385 puncta
428 4326 518 4387 super
541 4309 645 4369 eedem
662 4307 771 4369 circulo
786 4307 955 4387 positionis,
980 4308 1009 4369 h.
1031 4328 1058 4369 e.
1079 4307 1107 4368 in
1129 4306 1219 4367 simili
1234 4307 1307 4382 situ,
1332 4300 1490 4386 cumquod-

151 4397 228 4459 libet
247 4413 347 4456 eorum
371 4413 424 4472 per
439 4415 509 4456 suas
524 4397 662 4475 proprias
677 4397 767 4457 heras
783 4399 966 4477 temporales
991 4398 1059 4469 (seu
1073 4395 1278 4476 planetarias)
1303 4394 1423 4476 aequali
1440 4406 1491 4453 cun

151 4485 261 4548 ceteris
284 4501 407 4544 numere
433 4493 562 4558 sumtas,
598 4485 806 4546 ameridiaue
836 4485 990 4547 distiterit.
1037 4485 1106 4546 Jam
1137 4484 1228 4564 igitur
1260 4484 1318 4547 huc
1344 4481 1496 4569 devolvitur

151 4573 316 4653 negotium,
340 4579 373 4632 ut
391 4579 547 4635 teneamus
561 4573 707 4634 rationem
728 4582 759 4635 et
773 4575 955 4646 methodum,
983 4594 1041 4653 qua
1056 4573 1113 4634 due
1129 4572 1251 4634 diversa
1267 4574 1386 4635 zodiaci
1400 4574 1494 4653 puncta

153 4662 273 4742 aequali
297 4660 462 4722 interstitio
486 4662 625 4723 horarum
650 4664 754 4742 cuique
779 4664 965 4743 propriarum
986 4664 1028 4723 Μ.
1048 4660 1083 4724 Ο.
1105 4662 1342 4739 admoveantur,
1367 4670 1402 4724 ut
1422 4655 1494 4721 simul

153 4761 254 4825 tamen
278 4749 459 4823 innotescat,
485 4760 556 4830 quet
570 4753 682 4829 gradus
699 4753 873 4831 aequaberis
889 4752 1084 4813 meridianum
1103 4759 1265 4812 transeant
1281 4751 1414 4825 interim,
1436 4748 1492 4809 duo

153 4858 228 4903 unus
251 4838 336 4933 loeus
359 4848 430 4918 pest
445 4839 535 4901 alium
551 4841 590 4902 ad
604 4841 680 4902 hunc
695 4840 864 4921 quaesitum
880 4840 1061 4923 pervenerit.
1100 4839 1151 4902 Ad
1163 4839 1223 4901 hoe
1238 4848 1274 4903 ut
1287 4839 1496 4922 pervenimus
