3278 5542
225 314 268 386 78
823 308 986 371 Prooemium.

224 484 302 533 detuit
320 480 396 530 durch
414 480 482 530 diese
501 479 590 529 elssere
608 478 736 536 uurierde,
755 478 810 528 auli
818 478 911 529 welche
931 480 1063 545 dlernige,
1082 493 1109 528 so
1128 479 1168 528 dis
1179 479 1316 529 lilrnemrte
1327 477 1414 529 Kunst
1430 476 1477 528 des
1494 476 1587 528 vertis

224 557 263 603 nit
279 552 417 611 rerstehen,
437 551 468 600 vil
486 550 556 600 mehr
574 551 612 600 als
630 550 687 599 auli
701 550 747 598 das
765 549 858 600 andere
876 551 962 607 sehon,
982 552 1020 600 nit
1037 549 1118 614 glsieh
1136 552 1171 599 irn
1188 556 1272 600 ersten
1290 550 1441 600 ameliam
1459 547 1588 599 oileudirst

225 625 276 675 und
293 639 320 674 es
338 624 379 673 hei
396 622 448 671 sich
467 625 505 672 nit
522 620 549 670 ιὸ
568 621 771 671 hochzusehezen
790 622 840 672 und
856 616 924 672 'auch
943 621 992 671 alle
1010 621 1185 686 anigerrandte
1204 620 1302 671 Koreton
1321 622 1360 671 fiir
1377 619 1542 686 uugshranch
1558 634 1588 668 ru

223 696 309 745 halten
333 694 385 743 sich
408 693 573 742 understehen
592 692 698 742 werden.
737 691 823 741 Damit
842 694 901 742 aber
923 695 952 756 ιι
971 693 1007 741 dis
1026 692 1106 742 werck
1125 692 1176 742 und
1194 692 1352 742 Kunststilck
1370 707 1402 741 ιιι
1420 693 1518 741 reinem
1534 705 1585 739 rer·

224 762 318 816 hostien
337 765 392 814 End
409 764 508 815 mbchte
527 763 647 829 gebracht
664 762 770 822 werden,
790 779 817 812 so
835 765 868 812 ist
887 761 1005 824 (welches
1023 763 1071 826 bey
1090 763 1118 811 E.
1134 763 1161 811 ι’.
1183 763 1212 812 (l.
1232 762 1399 829 underthenig
1417 762 1586 826 auauhrlngen

225 853 252 887 er
269 837 333 886 mich
352 831 478 894 ersuchet)
498 834 531 883 M.
552 834 654 897 Kepleri
674 835 839 898 underthbuig
861 835 983 898 begeren,
1009 835 1038 883 Ε.
1058 834 1084 882 F.
1106 834 1135 882 0.
1159 833 1229 883 ιιιΙΙι
1253 834 1347 899 guedig
1363 832 1477 884 Bevelsli
1498 833 1585 898 geben.

225 910 271 957 das
290 908 329 957 die
348 921 429 972 gaure
448 905 529 955 werck
548 908 597 954 ime
615 905 713 954 mechte
732 921 763 954 ιιι
781 908 866 955 seinen
885 906 994 955 Handsn
1012 905 1078 970 gehn
1097 906 1173 956 Grtta
1191 906 1334 972 ilhergshen
1352 904 1469 964 ιιιιιιιι,
1494 902 1586 953 colchos

224 979 315 1029 wieder
332 994 379 1026 ron
402 993 458 1027 new
476 976 750 1033 metumientem,
779 978 885 1027 sonderu
910 979 937 1026 in
958 977 1055 1040 Knpier
1080 977 1139 1026 oder
1160 976 1272 1043 hlsrsing
1294 978 1340 1025 mit
1357 975 1516 1041 gebilreuder
1533 974 1587 1023 Zier

225 1051 384 1114 annulangen
419 1049 470 1097 und
503 1063 534 1097 ιι
567 1047 702 1096 vollilhren.
747 1047 840 1097 Hieran
868 1048 1011 1113 verspreche
1040 1063 1083 1103 er,
1119 1048 1164 1096 das
1193 1061 1219 1096 er
1245 1050 1282 1098 rrit
1308 1062 1354 1097 nur
1382 1047 1421 1097 dle
1450 1046 1585 1110 dispositio·

224 1137 281 1171 nem
301 1122 394 1170 orbium
414 1119 569 1184 planetarum
587 1120 633 1167 mit
651 1118 720 1167 ihren
740 1119 879 1182 corporibus
899 1121 1055 1183 geometricis
1082 1118 1250 1183 regularibus,
1276 1119 1322 1168 ule
1346 1134 1373 1168 er
1390 1116 1518 1167 vormalen
1537 1131 1585 1165 rcr-

224 1191 319 1241 habeus
338 1197 461 1256 gerresst‚
490 1190 595 1239 sondern
620 1188 686 1238 anch
704 1190 802 1239 liberdis
821 1191 860 1238 die
882 1198 964 1239 motus
990 1191 1081 1245 selbst.
1107 1191 1153 1238 rrie
1172 1188 1212 1238 dle
1230 1190 1348 1254 planetae
1365 1190 1391 1237 in
1409 1186 1482 1238 coelo
1499 1184 1585 1253 gehen.

226 1264 312 1313 darein
331 1264 435 1326 bringeri
453 1262 531 1310 nolle.
572 1260 648 1310 Danu
667 1262 782 1309 sintemal
802 1277 828 1310 er
845 1260 965 1310 nunmehr
983 1261 1058 1326 lange
1075 1260 1132 1309 Zeit
1150 1261 1195 1309 mit
1213 1261 1284 1310 disen
1304 1259 1444 1310 Gadaukeu
1461 1257 1586 1324 ιιιιιιμιι,

224 1334 274 1385 und
292 1333 482 1393 naehtrachtst,
508 1340 582 1396 atque
605 1333 658 1381 dies
677 1332 741 1381 diem
760 1332 865 1389 doceat,
892 1347 918 1381 so
942 1347 1001 1395 seye
1027 1347 1054 1382 er
1075 1332 1140 1381 anch
1158 1331 1211 1380 aud
1233 1332 1320 1382 horum
1337 1331 1432 1381 orbium
1449 1336 1533 1381 mom
1549 1342 1588 1379 rer

226 1416 308 1471 angen
327 1421 358 1454 zu
376 1404 464 1453 stellen
489 1403 612 1453 bedacht:
641 1403 691 1452 also
711 1403 756 1452 das
775 1418 802 1452 er
820 1403 935 1463 rcrhollt,
961 1403 990 1453 Ε.
1009 1404 1036 1452 F.
1057 1405 1088 1454 G.
1107 1403 1207 1453 werden
1225 1405 1265 1452 ein
1284 1403 1385 1452 rendere
1403 1400 1528 1468 gntdigss
1545 1414 1586 1466 ge·

225 1477 302 1526 fallen
323 1475 402 1525 daran
419 1474 509 1524 haben.
1534 1524 1542 1534 .

296 1545 400 1596 Dieveil
417 1546 482 1595 denu
501 1545 623 1610 gntdiger
641 1544 714 1593 Plirst
732 1545 783 1593 und
796 1544 859 1593 llerr
877 1545 941 1594 diess
960 1544 1021 1600 also.
1040 1545 1091 1593 und
1109 1544 1154 1593 leh
1172 1544 1237 1593 melu
1256 1543 1421 1608 underthbnlg
1436 1541 1587 1594 sunau

229 1619 293 1668 auch
312 1618 377 1666 darn
395 1632 425 1665 ιιι
443 1617 524 1681 geben
542 1616 662 1680 schuldig.
682 1615 748 1664 mich
766 1616 825 1664 aber
837 1616 881 1664 des
894 1616 988 1664 uereks
1011 1616 1105 1680 aniang
1123 1616 1179 1664 dem
1198 1615 1329 1679 kilnitigerr
1341 1630 1368 1664 so
1380 1615 1465 1680 fulgen
1479 1614 1534 1670 sall.
1552 1614 1588 1665 nit

225 1695 311 1754 gemite
329 1687 464 1744 bedilnket.
486 1687 537 1737 also
550 1687 590 1736 wil
602 1688 631 1737 Ε.
643 1688 670 1736 F.
682 1688 712 1734 G.
731 1687 771 1735 ich
789 1687 977 1752 underthbnigst
995 1703 1027 1735 ιιι
1045 1686 1174 1736 bsdenken
1192 1687 1281 1751 gehen,
1301 1700 1328 1734 so
1341 1700 1368 1736 es
1386 1686 1443 1736 dem
1462 1685 1586 1750 gntdigeu

225 1760 306 1811 Herm
324 1759 427 1826 geitllig
445 1765 524 1820 utre,
550 1759 580 1807 ob
603 1760 638 1808 sic
657 1758 744 1806 wellen
764 1758 841 1807 durch
863 1758 989 1823 gnadigen
1007 1758 1115 1807 Berelch
1133 1773 1180 1806 ron
1198 1759 1247 1806 ime
1265 1755 1301 1806 51.
1320 1756 1429 1820 Keplerc
1448 1771 1481 1805 ιιι
1499 1757 1586 1805 risten

224 1833 347 1898 begeren.
373 1844 424 1879 uas
442 1830 492 1879 und
511 1831 556 1878 wie
576 1844 602 1878 er
620 1830 665 1878 das
684 1828 775 1878 Werck
793 1828 863 1878 recht
882 1827 1055 1881 auszurichten
1074 1828 1221 1887 vorhabens,
1249 1828 1313 1877 auch
1331 1842 1382 1876 iras
1404 1841 1431 1877 er
1449 1827 1490 1876 fiir
1509 1832 1588 1876 motus

180 1932 188 1939 -
225 1902 310 1952 darein
330 1917 362 1951 ιιι
380 1901 484 1966 bringen
502 1903 618 1966 gesirrnet
636 1915 708 1949 urere.
747 1900 796 1949 Mir
820 1900 925 1949 ancillet
948 1900 1031 1956 nicht,
1056 1900 1118 1950 solte
1141 1900 1178 1948 dls
1201 1898 1268 1948 verb
1290 1900 1324 1948 im
1341 1897 1376 1948 hl.
1399 1898 1509 1962 Ksplerc
1527 1896 1589 1947 noch

224 1976 264 2024 eln
281 1972 332 2023 mal
351 1988 382 2022 ιιι
401 1974 506 2036 eigeuen
525 1971 633 2021 Handen
652 1971 775 2028 hominen,
794 1986 820 2021 er
838 1971 922 2020 wiirde
941 1973 981 2020 ein
999 1972 1100 2020 condere
1118 1970 1223 2020 Meister
1239 1970 1291 2019 und
1309 1969 1468 2020 Kuortreuelr
1487 1968 1586 2018 ldmeh·

223 2060 296 2101 men.
324 2043 429 2093 welches
457 2044 504 2106 hey
528 2044 578 2092 und
603 2044 683 2093 nebeu
707 2043 800 2092 andern
820 2042 1010 2092 Kunststlicken
1034 2043 1081 2091 vol
1103 2044 1157 2092 sein
1183 2047 1221 2090 ort
1239 2042 1288 2090 und
1307 2042 1375 2104 plata
1393 2040 1456 2090 solte
1476 2039 1587 2090 erhaltea

224 2117 332 2166 kenneu.
362 2114 463 2165 Solches
476 2115 597 2180 gutdiger
609 2115 682 2163 Filrst
695 2115 746 2163 und
758 2113 823 2164 Herr
834 2114 883 2163 hab
901 2113 942 2163 ich
954 2113 1120 2179 undertbdnig
1140 2128 1171 2162 ιιι
1189 2111 1319 2162 bedeuksn
1338 2111 1418 2177 geben
1436 2111 1526 2169 sellem
1545 2108 1588 2161 dte.

294 2189 351 2236 Act
371 2186 434 2235 Tilb.
456 2183 498 2234 22.
518 2186 589 2235 Febr.
611 2182 688 2235 1508.

293 2308 362 2358 Idem
381 2308 405 2356 d.
425 2301 467 2355 27.
488 2309 546 2370 Apr.
566 2304 603 2367 (t.
623 2306 697 2369 Mai.)
719 2304 787 2356 1507
806 2307 854 2356 ιιι
873 2307 904 2357 de
923 2321 949 2355 re
968 2307 1076 2370 Keplero
1095 2310 1244 2371 scripserat:

296 2395 382 2459 Nuper
401 2395 571 2460 Stutgerdiam
591 2403 693 2444 vocatus
717 2409 771 2443 sum
794 2401 892 2458 propter
917 2402 986 2444 tuum
1005 2410 1065 2459 opus
1084 2398 1281 2445 astronomicum.
1321 2395 1454 2445 Auriiaber
1470 2395 1497 2443 ln
1515 2406 1586 2459 opere

226 2483 270 2517 sno
287 2481 390 2532 pergere
409 2481 458 2515 nou
475 2467 563 2529 potuit.
603 2466 665 2515 Cum
684 2467 806 2522 venirem,
825 2466 922 2516 inrenio
941 2465 1040 2529 globum
1059 2467 1168 2516 nondum
1186 2467 1258 2531 plene
1278 2482 1332 2516 esse
1351 2466 1495 2523 coelatumr
1513 2462 1585 2515 iniur·

209 2538 361 2587 mationem
379 2539 454 2600 igitur
472 2537 644 2585 nonnullarum
663 2537 788 2585 stellarum
808 2536 846 2585 vel
864 2537 1000 2601 imaginum
1014 2538 1124 2600 petebat.
1154 2537 1222 2602 Opus
1235 2538 1298 2602 quod
1312 2536 1451 2587 absolutum
1465 2544 1512 2594 est,
1531 2534 1587 2585 mihi

226 2609 325 2673 placet.
353 2610 417 2657 sicut
443 2614 468 2656 et
491 2608 550 2666 tibi;
579 2607 667 2659 stellae
690 2622 739 2656 non
765 2606 893 2672 eleganter
918 2607 1059 2671 exsculptae
1084 2616 1150 2659 snut.
1188 2608 1288 2658 contuli
1311 2622 1367 2658 oum
1385 2606 1503 2658 Domino·
1518 2606 1587 2657 Luca

228 2679 359 2734 0siandro,
378 2681 419 2743 qni
432 2692 507 2742 opere
516 2680 593 2728 reteri
606 2678 730 2727 destructo
743 2677 802 2727 illud
815 2679 845 2727 de
858 2694 919 2727 noro
932 2693 986 2727 esse
1004 2681 1169 2743 incipiendum
1185 2680 1290 2742 judicat,
1309 2682 1455 2743 praesertim
1476 2693 1532 2728 cum
1550 2674 1585 2726 Ill.

228 2751 346 2814 Princeps
364 2751 423 2799 illud
441 2753 505 2800 inter
527 2764 574 2800 sua
595 2750 689 2800 rariora
711 2749 852 2799 artificialia
869 2765 987 2813 reponere
1013 2750 1150 2806 desideret.
1179 2751 1317 2815 multosque
1345 2758 1439 2800 sumtus
1468 2751 1584 2814 requiret.

229 2823 358 2872 Auriiabcr
377 2824 494 2872 aestimat
511 2821 565 2869 illos
586 2818 654 2869 1000
672 2821 777 2869 florenis.

296 2894 388 2943 Postea
406 2893 429 2943 d.
452 2889 493 2941 11.
508 2891 550 2940 21.
563 2892 613 2942 sul.
633 2894 721 2942 iterum
739 2893 823 2941 scribit
840 2891 1002 2941 Maestlinus:
1032 2892 1071 2942 De
1091 2908 1163 2957 opere
1182 2899 1224 2942 tuo
1243 2892 1322 2942 multa
1339 2892 1426 2942 lubens
1445 2892 1584 2943 scriberem.

227 2965 320 3015 Laetor
338 2964 495 3014 vehementer
513 2971 558 3013 tua
576 2963 764 3021 informatione;
791 2963 909 3013 confiteor
927 2965 992 3013 enim
1010 2978 1091 3013 meam
1111 2965 1251 3013 infantiam.
1288 2962 1379 3013 Nescio
1397 2978 1512 3027 prorsus,
1530 2978 1585 3028 quo

225 3036 297 3085 modo
316 3035 452 3099 adaptandi
470 3037 520 3083 sint
538 3036 671 3084 exteriores
688 3036 795 3083 maxime
814 3035 907 3084 circuli.
944 3034 1036 3084 Glohus
1052 3038 1105 3096 jam
1124 3035 1157 3085 ad
1175 3049 1263 3084 manus
1282 3041 1338 3090 est.
1358 3042 1383 3085 et
1402 3034 1529 3085 cantaber
1546 3034 1586 3085 ds·

225 3108 319 3156 rideret
337 3108 548 3171 consignationem
567 3106 693 3154 stellarum
711 3106 791 3153 minus
810 3114 878 3154 recte
897 3105 1085 3155 delineatamm.
1123 3106 1189 3155 Ecce
1209 3121 1238 3154 eo
1256 3121 1296 3155 res
1314 3106 1435 3171 perducta
1451 3113 1508 3162 ιιι,
1528 3105 1552 3154 la
1565 3119 1586 3155 ι.

225 3179 322 3227 ridetur
337 3180 390 3239 jam
409 3177 508 3226 cuidam
525 3178 643 3240 principio
667 3177 778 3239 principii
802 3177 895 3224 similis.
931 3177 984 3241 Ego
1010 3178 1168 3227 vehementer
1191 3177 1278 3227 dubius
1303 3193 1372 3234 sum,
1399 3176 1587 3227 dissolvendam

225 3242 363 3299 machina?
383 3254 410 3297 at
427 3254 510 3297 metuo
527 3248 688 3296 effemiorrem
699 3248 822 3310 principis.
841 3253 940 3311 propter
953 3255 1048 3297 sumtus
1064 3251 1117 3311 jam
1129 3250 1225 3305 iactose
1245 3263 1278 3297 an
1291 3250 1316 3297 in
1330 3262 1404 3311 opere
1415 3247 1586 3314 pergendum?

227 3323 263 3371 At
280 3326 377 3377 metuo,
403 3333 436 3368 ne
459 3320 633 3368 consecutione
656 3319 712 3367 finis
735 3319 865 3368 frustreris.
904 3317 975 3378 Quod
997 3321 1019 3368 si
1043 3319 1080 3369 lll.
1100 3320 1217 3383 Princeps
1236 3333 1292 3369 eam
1309 3321 1422 3384 pretiosis
1440 3323 1492 3369 suis
1511 3318 1586 3369 mrit-

227 3390 331 3444 eialibus
349 3404 512 3440 annumerare
530 3388 647 3445 rolnerit,
672 3390 801 3445 convenit.
827 3396 855 3439 ut
877 3391 910 3438 sit
935 3405 995 3453 opus
1014 3405 1089 3453 opera
1107 3398 1134 3439 et
1151 3398 1234 3440 sumtu
1253 3391 1361 3456 dignum.
1399 3392 1434 3439 Αι
1451 3392 1495 3456 qui
1511 3393 1587 3455 primo

227 3463 401 3521 intuebuntur,
429 3462 510 3544 ignari
528 3461 619 3510 interni
642 3460 756 3517 artificii,
781 3461 937 3510 offendentur
955 3461 1022 3511 haud
1041 3462 1113 3511 dnbio
1132 3469 1235 3511 externa
1252 3463 1306 3512 rudi
1324 3461 1460 3526 sculptum:
1496 3460 1589 3512 Verum

226 3548 273 3600 ego
292 3548 348 3583 cnm
366 3532 398 3582 D.
418 3532 547 3582 Drrectore
564 3530 598 3581 D.
616 3531 801 3598 Eisengreinio,
820 3532 873 3581 tibi*
885 3532 976 3594 optime
995 3534 1119 3596 cupiente,
1139 3541 1165 3582 ct
1183 3532 1241 3583 DD.
1262 3533 1398 3588 Osiaudris.
1418 3532 1453 3583 M.
1474 3532 1548 3584 Luca
1564 3541 1590 3582 et

226 3603 259 3655 D.
280 3605 381 3654 Andros
400 3604 534 3663 conferam,
553 3609 623 3653 tuum
645 3605 721 3654 etiam
744 3604 880 3660 consilinm,
899 3603 958 3652 licet
977 3604 1095 3661 absentis.
1115 3611 1227 3654 attamen
1245 3620 1289 3669 per
1306 3604 1391 3655 literas
1410 3603 1548 3654 exhibitam
1564 3604 1588 3653 in

226 3677 335 3728 medinm
352 3690 501 3741 proponam,
522 3682 669 3740 nostrasque
688 3675 852 3740 cogitationes
871 3674 1031 3724 conteremus.
1069 3674 1134 3736 Quid
1152 3677 1260 3725 futurum
1279 3677 1322 3733 sit.
1348 3675 1440 3726 faciam
1458 3682 1489 3725 ut
1505 3676 1589 3734 scien

205 3758 209 3764 '
229 3757 257 3798 at
274 3749 315 3798 uhi
333 3748 388 3812 plus
406 3748 450 3796 otii
467 3745 585 3807 habuero,
602 3749 656 3810 jam
675 3747 740 3797 enim
758 3753 857 3811 propter
874 3760 1017 3808 responsum
1029 3762 1112 3797 meum
1124 3746 1207 3796 multis
1226 3747 1304 3812 modis
1323 3747 1354 3796 ab
1373 3746 1428 3796 aliis
1447 3747 1597 3811 occupatio·⁴

227 3820 298 3870 nibna
318 3819 454 3868 abstrahor.

300 3890 400 3939 Lucas
424 3888 598 3951 Osiander,
623 3904 696 3954 quem
723 3888 763 3938 hic
790 3895 815 3938 et
837 3903 912 3953 supra
934 3889 994 3940 dicit
1011 3888 1174 3945 Maestlinns.
1201 3888 1287 3938 eodem
1313 3903 1360 3953 quo
1379 3887 1505 3951 Keplerns
1523 3901 1590 3938 anno

228 3958 326 4022 (1571,
344 3957 369 4008 0.
388 3956 465 4023 Mal.)
488 3965 582 4021 natus,
605 3960 670 4011 inter
688 3961 786 4010 sodales
804 3961 880 4023 ipsius
899 3961 1064 4011 numerandus
1083 3967 1135 4015 ιιι,
1164 3973 1313 4024 quamquam
1336 3975 1385 4009 non
1403 3973 1461 4009 cum
1479 3958 1521 4009 illo
1540 3960 1592 4025 egit

227 4047 272 4095 per
289 4031 381 4080 literas.
419 4030 495 4079 Pilius
519 4040 557 4080 est
575 4029 661 4082 Lucae
680 4039 706 4081 et
724 4046 799 4094 nepos
818 4031 934 4081 Andreae
954 4031 1082 4088 Osiandri,
1107 4030 1276 4095 ffieologerum
1295 4030 1358 4080 illius
1376 4032 1494 4095 temporis
1511 4031 1589 4080 noh’s·

228 4105 358 4159 simorum,
378 4102 430 4165 ipse
449 4116 559 4166 quoque,
583 4103 648 4151 sicut
666 4103 742 4152 irater
761 4109 823 4152 natu
840 4105 920 4163 major
936 4103 1090 4152 Andreas
1111 4099 1176 4162 (nat.
1196 4098 1287 4163 1502),
1307 4101 1482 4152 ecelesiasticis
1500 4102 1589 4169 iunge-

228 4175 301 4223 batur
319 4172 468 4228 muneribus,
487 4172 528 4222 ille
546 4179 599 4221 tum
617 4175 733 4236 temporis
751 4182 835 4236 pastor
848 4173 1082 4239 Schuiebertiugae,
1099 4173 1140 4223 hic
1153 4174 1312 4223 concionator
1325 4173 1398 4223 aulae
1413 4171 1588 4238 Stuttgsrtlse.

228 4244 337 4309 Uterque
356 4244 497 4293 cancellarii
515 4258 617 4293 munere
639 4245 807 4294 universitatis
825 4244 989 4311 Tubingsnsis
1014 4253 1143 4309 suscepto,
1169 4246 1284 4295 Andreas
1307 4259 1372 4294 anno
1393 4239 1479 4306 1005,
1506 4244 1590 4295 Lucas

231 4311 314 4371 1020,
334 4316 398 4365 diem
418 4315 478 4363 obiit
494 4314 535 4365 ille
556 4311 640 4374 1017,
658 4316 699 4365 hie
719 4310 796 4364 1038.

299 4472 469 4537 Keplerns
487 4473 520 4523 sd
537 4473 623 4523 literas
640 4450 768 4525 Maestlini
785 4476 932 4538 posteriores
950 4474 1012 4524 haec
1030 4475 1156 4539 respondit
1174 4473 1210 4537 (d
1230 4476 1325 4535 Gratio,
1345 4474 1414 4538 Sept.
1436 4471 1536 4536 icen:

317 4577 398 4652 Quid
421 4581 458 4641 de
482 4579 593 4642 infelici
617 4581 668 4642 illo
689 4600 778 4661 opere
803 4590 961 4661 argenteo,
986 4582 1042 4644 boc
1066 4591 1114 4643 est
1137 4583 1174 4642 de
1193 4600 1240 4643 me
1259 4581 1343 4661 ipso,
1368 4590 1517 4644 statutum
1537 4581 1587 4658 sit,

120 4729 124 4743 ,
230 4670 319 4733 anxie
350 4678 477 4749 expecto
510 4669 623 4731 andire.
672 4670 780 4732 Adhuc
809 4670 838 4732 in
858 4691 925 4733 eam
953 4671 1063 4733 inclino
1091 4670 1287 4745 sententiam,
1318 4681 1352 4731 ut
1370 4680 1423 4732 aut
1456 4672 1588 4751 sphaera

227 4758 283 4821 fiat
307 4759 481 4840 „antiquum
505 4760 631 4820 confusa
653 4760 782 4835 chaor,“
808 4768 841 4822 et
863 4761 944 4822 omni
967 4769 1076 4822 conatu
1100 4759 1240 4821 ulteriore
1261 4760 1510 4838 supersedentem
1534 4769 1588 4822 aut

228 4856 399 4932 argentum,
424 4847 504 4931 quod
521 4846 587 4930 jam
610 4859 767 4930 erogatum
790 4856 852 4925 est,
877 4856 1020 4932 qnantum
1039 4848 1159 4931 quidem
1182 4848 1246 4930 ejus
1269 4848 1305 4910 ia·
1319 4866 1421 4911 masse
1435 4859 1585 4930 superest,
