3262 5550
211 297 268 366 Μ)
527 377 534 386 ,
744 290 985 363 'ramas

211 474 384 546 praestare
403 467 505 546 potuit
526 469 696 547 egregium,
714 470 752 530 vsi
775 471 1164 549 concursusplauetsrum,
1189 474 1430 537 rerucsmvisu
1455 472 1578 556 annisa

224 554 313 616 bilem
338 556 477 631 maxime,
503 564 566 617 tum
589 557 697 618 effectu
720 559 1015 636 praestantissimam
1040 560 1068 622 in
1093 571 1202 622 natura
1225 560 1337 624 omisit.

314 643 376 707 Sed
396 644 477 706 aliud
502 646 594 706 etiam
618 654 682 719 est,
712 648 790 726 quod
821 647 849 708 in
873 668 930 709 sua
953 650 1093 711 machina
1117 647 1276 713 Uardanus
1294 651 1424 715 -laudatr
1444 669 1579 730 .„quam·

218 752 350 814 „qnam,
376 734 487 814 iuquit,
518 753 613 814 neque
637 735 770 813 pondera
795 755 890 816 neque
915 737 1000 798 funes
1026 739 1136 801 artilex
1160 747 1264 801 noster
1286 737 1481 801 miscuerit.“
1525 738 1580 800 Hoc

219 823 284 902 jam
309 822 397 884 hodie
421 823 493 885 nihil
518 824 638 896 mirum,
664 842 759 902 neque
785 843 841 902 ego
866 825 1024 904 quicquam
1042 827 1146 889 horum
1160 827 1298 888 meditor.
1347 827 1579 891 Verumtaudia·

223 931 288 974 mus
318 911 489 976 Cardsnum
520 913 644 974 formam
674 931 746 973 suae
783 914 931 991 sphaerae
963 915 1082 994 penitus
1114 915 1358 994 patefacientam.
1412 915 1494 988 Ait,
1524 916 1580 991 „sic

223 1009 359 1080 papiam,
384 1009 487 1076 ntea,
512 1002 617 1081 quibus
642 1010 740 1062 motus
763 1003 1000 1077 administratur,
1025 1004 1106 1065 intus
1131 1004 1261 1066 lateant:
1292 1004 1349 1083 ipsi
1370 1023 1444 1067 vero
1469 1023 1580 1067 errones

222 1111 261 1166 „e
285 1090 398 1153 tabulis
422 1110 489 1152 cum
518 1091 696 1169 quibusdam
720 1091 839 1153 circulis
854 1091 1057 1170 prominentes
1081 1092 1193 1173 absque
1218 1092 1432 1172 impedimento
1458 1094 1579 1174 spectari

222 1179 394 1262 „possiut.“
424 1177 602 1250 Quomodo
626 1180 728 1240 nescio
752 1198 789 1240 an
814 1180 1003 1242 obtinentin
1028 1202 1084 1242 sua
1106 1180 1248 1262 sphaera,
1277 1181 1357 1262 quod
1381 1181 1456 1243 mihi
1482 1200 1579 1245 neces-

222 1268 334 1330 sarium
363 1267 491 1339 omissu,
530 1268 658 1328 maxime
696 1287 742 1329 me
780 1278 885 1343 vexat,
929 1269 1043 1332 indices
1081 1269 1199 1331 scilicet
1232 1289 1287 1348 per
1324 1270 1440 1350 gradus
1472 1270 1579 1332 zodiaci

222 1367 386 1419 currentes.
431 1357 510 1419 Nam
536 1357 593 1418 etsi
618 1366 778 1435 separatas
803 1357 889 1418 nobis
912 1357 1052 1436 proponit
1077 1359 1207 1420 tabellas
1228 1358 1368 1437 singulas
1383 1377 1440 1438 pro
1456 1359 1579 1439 planetis

222 1447 365 1524 singulis,
391 1446 574 1525 totidemque
598 1446 753 1518 zodiacos;
777 1465 872 1525 neque
896 1447 925 1507 in
950 1466 985 1507 eo
1010 1455 1091 1507 metu
1115 1457 1176 1520 est,
1211 1447 1411 1526 impedituros
1434 1467 1471 1509 se
1485 1455 1578 1510 mutuo

222 1535 336 1602 indices
360 1536 388 1595 in
413 1543 515 1596 mutuo
539 1553 680 1595 occursu:
707 1544 807 1595 tamen
832 1555 956 1596 necesse
981 1545 1044 1608 est,
1068 1547 1174 1598 centra
1197 1537 1400 1610 zodiacorum,
1425 1535 1458 1597 in
1483 1535 1578 1617 quibus

223 1625 305 1704 affigi
329 1624 438 1684 dehent
463 1623 591 1696 iudices,
622 1643 689 1684 esse
714 1642 780 1685 cum
804 1624 914 1685 circulo
943 1624 1085 1704 planetae
1110 1624 1242 1687 mobilia.
1291 1623 1380 1695 Quod
1408 1625 1492 1687 enim
1514 1625 1579 1687 dicit

224 1711 395 1786 Uardanus,
422 1713 513 1774 certis
537 1712 713 1791 quibusdam
738 1712 857 1775 circulis
882 1732 1003 1775 errones
1027 1714 1209 1794 prominere,
1239 1712 1269 1775 id
1293 1713 1471 1777 necessario
1495 1712 1578 1775 iutel-

223 1801 327 1881 ligitur
355 1803 391 1862 de
423 1801 522 1880 planis
553 1801 757 1863 circularibus.
804 1801 885 1880 Ergo
917 1801 1031 1862 indices
1061 1802 1089 1863 in
1112 1802 1203 1882 plano
1227 1802 1381 1877 circulari,
1415 1803 1578 1883 quodcum

221 1892 346 1971 planeta
372 1890 481 1951 mobile
505 1899 570 1964 est,
605 1891 688 1952 affixi
711 1909 769 1951 nou
794 1891 968 1969 pendebunt
991 1899 1168 1952 constanter
1191 1911 1229 1952 ex
1251 1898 1354 1969 centro
1380 1890 1500 1965 muudi,
1527 1891 1577 1952 nisi

221 1981 336 2042 tabella
364 1980 518 2041 circularis
543 1981 684 2058 planetae
710 1980 878 2059 aequaliter
906 1989 1062 2042 moveatur
1093 1980 1173 2041 circa
1196 1981 1285 2042 idem.
1333 1978 1396 2042 Sed
1427 1979 1512 2042 hisce
1534 1989 1577 2040 ut

220 2088 334 2148 cunque
359 2070 474 2129 occurri
499 2069 629 2130 fortasse
652 2077 771 2148 potest,
803 2070 843 2130 ad
871 2069 1022 2130 minimum
1054 2077 1155 2130 tamen
1179 2069 1293 2130 iudices
1323 2077 1450 2149 propter
1473 2077 1578 2130 motum

221 2158 388 2220 latitudinis
417 2158 571 2219 zodiacum
605 2159 747 2221 deserent
766 2158 802 2219 .in
832 2159 927 2219 latum
951 2166 1109 2232 exeuntes,
1142 2169 1175 2219 et
1197 2159 1241 2219 sic
1269 2158 1344 2220 fient
1370 2158 1577 2238 propemodum

219 2247 356 2320 inutiles,
389 2265 456 2308 cum
480 2247 577 2307 officio
602 2266 656 2307 suo
685 2247 838 2308 indicandi
862 2247 973 2325 gradus
1001 2246 1117 2308 zodiaci
1144 2247 1264 2308 minime
1284 2247 1461 2326 iungantur.
1509 2244 1577 2309 Cre-

220 2336 346 2397 diderim
371 2354 426 2413 ego
452 2354 510 2396 non
535 2336 687 2396 adhibitos
711 2336 839 2409 iudices,
864 2336 917 2397 sed
938 2344 1122 2397 monstrasse
1148 2356 1181 2397 se
1204 2336 1289 2416 ipsos
1303 2337 1447 2415 planetas
1472 2335 1501 2398 in
1525 2334 1579 2395 suis

201 2425 353 2485 .zodiacis
377 2425 551 2485 immediate
576 2425 632 2485 sibi
663 2424 874 2503 suprapositis.
922 2422 989 2495 Quo
1019 2425 1117 2486 minus
1146 2443 1193 2486 me
1222 2443 1334 2505 angere
1363 2423 1477 2498 debet,
1510 2423 1578 2505 quod

220 2522 252 2574 et
275 2532 331 2592 ego
355 2515 383 2574 in
409 2512 547 2573 machina
571 2515 659 2591 longe
683 2513 845 2575 difficiliori
869 2532 955 2575 careo
981 2513 1137 2575 iudicibus.
1184 2511 1246 2574 Sed
1269 2513 1379 2593 pedem
1397 2513 1578 2593 proferamus·

221 2602 259 2663 sd
284 2602 437 2682 egregium
463 2600 594 2663 Cardairi
619 2602 834 2664 testimonium.

309 2690 378 2764 „Ex
401 2710 474 2771 quo,
500 2691 609 2772 inquit,
633 2690 825 2753 manifestum
850 2699 911 2764 est,
936 2690 1090 2771 antiquam
1106 2697 1288 2752 structuram
1305 2690 1395 2770 longe
1410 2688 1471 2752 hac
1485 2697 1581 2753 nostra

220 2780 421 2856 „nobiliorem
451 2800 578 2842 esseae
605 2780 820 2859 pulchriorem,
849 2787 984 2841 nostram
1013 2797 1083 2841 vero
1115 2779 1362 2841 diuturniorem.“
1410 2778 1510 2860 Atqui
1532 2795 1580 2865 ego

220 2869 362 2950 antiquos
391 2870 463 2931 mihi
492 2887 625 2950 propono
657 2870 819 2931 imitandos
848 2869 967 2930 iumen
992 2869 1135 2947 sphaera,
1166 2887 1242 2947 quae
1267 2867 1345 2930 vitro
1375 2868 1511 2947 tegenda
1528 2875 1578 2928 est.

218 2959 268 3021 Ad
303 2958 380 3039 quod
413 2959 624 3038 subministrat
656 2958 729 3020 mihi
752 2957 922 3030 consilium,
957 2956 1000 3017 sic
1024 2976 1170 3037 pergens:
1204 2954 1316 3030 „Quod
1339 2956 1366 3018 si
1396 2976 1436 3019 ex
1460 2955 1581 3019 materia

218 3047 316 3121 „dura
340 3056 371 3108 et
389 3048 548 3126 perspicua
571 3039 690 3121 fierent,
717 3046 964 3127 quemadmodum
981 3046 1110 3108 diximus
1134 3046 1271 3123 superius
1296 3045 1333 3106 de
1354 3045 1516 3128 crystallo,
1539 3044 1580 3105 cui

218 3143 397 3214 „argentum
422 3137 463 3197 sit
485 3136 662 3209 immistum,
693 3143 763 3197 tnnc
788 3143 819 3195 ot
843 3134 974 3196 naturali
998 3133 1143 3196 rotundae
1169 3134 1284 3196 formae
1309 3141 1341 3194 et
1364 3132 1579 3198 constructioni

218 3224 372 3298 „orbium,
405 3243 464 3304 qna
487 3244 563 3285 unus
587 3224 676 3286 alteri
704 3224 880 3296 includitur,
911 3231 942 3283 et
963 3222 1175 3303 perspicuitati
1208 3242 1243 3283 ac
1270 3222 1491 3303 pulchritudini
1522 3241 1580 3285 cum

219 3312 439 3386 „diuturnitate
463 3314 632 3374 consultum
658 3312 774 3374 esset.“
816 3312 923 3385 Addit,
947 3320 1018 3373 tunc
1038 3312 1125 3390 longe
1141 3312 1270 3392 majores
1284 3312 1349 3373 fieri
1365 3311 1478 3375 solitas
1493 3311 1581 3373 moles

218 3400 306 3474 illas,
332 3421 420 3481 quam
445 3421 521 3482 quae
542 3421 578 3464 ex
594 3403 718 3464 metallo
734 3418 821 3462 nuuc.
869 3398 998 3470 Quodsi
1017 3418 1119 3461 verum
1140 3409 1203 3476 est,
1227 3407 1370 3480 poterunt
1383 3419 1460 3480 ergo
1476 3401 1580 3462 etiam·

217 3508 288 3551 num
311 3491 412 3569 magni
436 3490 517 3569 globi
542 3490 630 3553 vitrei
653 3491 732 3565 fieri,
757 3498 848 3568 atquc
871 3489 928 3550 hac
952 3489 980 3549 in
1005 3498 1092 3569 parte
1118 3488 1232 3551 inutilis
1247 3496 1296 3550 est
1315 3508 1385 3551 mea
1400 3486 1579 3552 sollicitudo.

217 3578 251 3640 lu
281 3580 475 3659 sequentibus
503 3580 584 3641 omni
612 3599 658 3640 rue
687 3579 776 3642 laude
807 3577 989 3639 inventionis
1019 3577 1146 3655 spoliat,
1181 3596 1247 3640 curu
1272 3579 1311 3639 ad
1344 3598 1413 3640 eam
1448 3578 1580 3647 formam,

217 3686 306 3748 quam
331 3687 387 3747 ego
411 3668 554 3741 meditor,
579 3669 789 3731 concinnatam
815 3666 970 3728 existimat
989 3667 1147 3745 sphaeram
1171 3666 1416 3729 Archimedeam.
1468 3664 1579 3742 „Orbi-

218 3757 309 3831 ,‚bus,
335 3758 431 3838 inquit
455 3760 508 3830 (ex
530 3755 727 3838 conjectura?
753 3776 790 3817 au
815 3757 886 3836 quia
904 3763 1038 3816 autorem
1053 3754 1195 3828 habeat),
1220 3775 1309 3816 unum
1330 3764 1453 3818 tantum
1472 3763 1581 3818 motum

216 3846 417 3921 „uddiderat,
442 3865 604 3926 omnesque
628 3847 710 3907 circa
733 3845 811 3907 idem
836 3853 971 3906 centrum
996 3843 1182 3918 collocabat,
1208 3853 1241 3905 ut
1260 3842 1408 3925 Calippus
1434 3853 1468 3907 et
1480 3844 1580 3906 Eudo-

217 3953 324 4006 „rrus‚·
341 3935 437 4013 ipsam
460 3954 531 3998 vero
555 3936 695 4008 Terram,
726 3935 865 4013 exiguam
884 3932 1077 4012 sphaerulam
1099 3932 1258 4012 multiplici
1282 3942 1366 3997 motu
1389 3933 1534 4013 agitabat
1555 3932 1580 3992 iu

218 4021 352 4096 „medio,
378 4024 494 4092 nescio,
525 4024 633 4102 quibus
657 4023 801 4085 artificiis.
849 4022 929 4083 Nam
952 4021 998 4082 sic
1022 4020 1210 4083 existimavit
1233 4022 1314 4084 orbis
1338 4031 1446 4101 partes
1470 4042 1505 4085 se
1529 4022 1581 4084 ha·

219 4110 325 4184 „bera
350 4111 435 4172 utin
461 4110 562 4173 libello
587 4113 623 4173 de
648 4130 758 4173 arenae
782 4130 904 4173 numero
920 4110 1080 4171 manifeste
1105 4117 1248 4171 testatur.
1297 4108 1398 4181 Quam
1413 4110 1581 4191 opinionem

219 4205 362 4271 „secutus
387 4207 433 4259 est
458 4198 604 4260 Nicotaus
624 4199 809 4279 Coperuicus
833 4208 934 4260 aetate
959 4206 1074 4260 nostra.
1122 4199 1169 4260 An
1196 4218 1266 4262 vero
1292 4201 1332 4262 ad
1355 4219 1502 4280 unguem,
1528 4219 1582 4262 nou

219 4287 318 4361 „satis
342 4295 476 4360 constat,
510 4307 577 4349 curu
599 4288 746 4350 incertum
769 4287 823 4361 sit,
858 4308 896 4349 an
920 4287 1118 4350 Archimedes
1141 4289 1246 4350 Lunae
1270 4289 1376 4362 orbes,
1407 4298 1444 4352 ut
1468 4289 1582 4370 Coper·
1608 4352 1612 4365 ,

220 4375 339 4449 ,‚uicus,
373 4395 439 4437 cum
463 4377 621 4438 elementis
644 4377 718 4455 ipsis
743 4376 934 4438 circumvolvi
958 4376 1121 4438 voluerit.“
1166 4377 1252 4440 Haec
1277 4374 1451 4441 Cardenus.
1499 4375 1583 4450 Quae

202 4463 245 4526 *si
269 4473 302 4526 tu
325 4464 451 4543 legeris,
485 4464 590 4527 mirum
614 4466 671 4527 uisi
695 4465 828 4539 dubites,
860 4484 897 4525 au
923 4483 980 4525 non
1005 4484 1061 4544 ego
1085 4465 1231 4546 proximis
1255 4466 1353 4529 literis
1376 4467 1526 4548 pleraque
1549 4485 1584 4528 ex

211 4551 276 4613 hoc
300 4553 365 4614 loco
390 4554 643 4632 transcripserim,
673 4554 749 4616 adeo
773 4553 964 4615 convenimus
993 4555 1077 4615 etin
1101 4555 1235 4635 sphaera
1257 4555 1472 4630 Archimedis,
1503 4556 1583 4619 etin

201 4666 204 4681 ·
219 4641 341 4718 propria
363 4642 543 4703 inventione.

308 4729 351 4790 Et
374 4729 443 4807 quia
465 4730 563 4810 incepi
587 4731 625 4792 ab
650 4731 707 4792 hac
730 4731 867 4803 materia,
893 4730 1001 4791 addam
1027 4739 1058 4791 et
1082 4731 1172 4805 illud,
1204 4731 1281 4814 quod
1298 4731 1437 4810 proxime
1453 4742 1585 4799 testatus

215 4835 287 4880 sum
314 4836 361 4882 rue
384 4817 414 4882 iu
437 4836 592 4903 suspenso.
608 4819 790 4906 relinquere,
816 4817 934 4884 scilicet
957 4818 993 4880 de
1019 4819 1175 4905 multiplici
1196 4828 1281 4890 motu
1297 4819 1430 4903 Veneris¹
1450 4822 1585 4891 etMer-
