3278 5542
138 282 204 349 200
594 284 625 335 In
642 282 788 346 Mystarium
807 283 1040 350 Cosmogrepblomn

209 442 249 492 Ad
265 442 330 493 baso
349 442 466 492 cancellis
484 442 582 492 luolnsa
600 450 705 493 annotat
724 443 847 507 Keplsrus
865 444 891 493 iu
909 444 1036 508 margine:

217 534 295 587 Haeo
334 533 437 586 tnsstra
471 534 559 603 leges.
609 534 679 586 Nam
716 536 779 588 dum
813 540 936 588 moratur
969 534 1084 586 nuncius
1119 534 1158 586 sic
1192 534 1294 587 iuveni.
1348 533 1496 585 lnwrvalls

139 629 249 676 vocum,
280 630 329 680 per
350 628 421 682 quae
442 612 498 665 itur
519 615 657 674 canendo,
684 631 737 665 non
766 620 831 667 suut
858 632 895 667 ex
915 614 1011 683 figuris
1040 615 1282 682 quomodocunque
1303 611 1494 683 regularibus:

138 694 185 746 sed
206 693 345 745 resultant
365 710 402 745 ex
429 700 491 744 octo
513 692 605 744 solidis
632 696 733 763 λεγοις.
775 694 845 747 Nam
874 694 960 762 primo
989 694 1070 746 datur
1098 694 1133 746 ad
1158 692 1363 763 longitudinem
1391 691 1451 744 tuis
1474 691 1494 743 G

137 772 277 842 proportio
299 772 478 843 longitudinis
493 773 584 825 fidium
607 774 633 834 b,
655 774 682 836 h,
704 791 727 835 c,
747 775 772 833 d,
794 773 844 837 dis,
867 792 891 835 e,
913 789 934 843 g
954 790 991 825 ex
1010 772 1132 826 tontibus
1146 771 1325 843 geometricis
1346 785 1437 841 supra
1454 772 1494 824 dc·

140 852 308 905 monstratis.
349 853 413 905 Jam
435 852 499 920 quia
520 868 600 904 aures
622 852 773 919 dijudicant
795 853 866 906 inter
886 854 1010 904 diuersas
1035 852 1207 914 harmonias,
1236 851 1396 920 dijudioant
1420 851 1496 904 etiam

138 932 209 986 inter
237 931 358 985 diversos
387 948 468 984 sonos
496 931 576 984 unius
603 933 663 985 fldis
691 933 826 986 variatae.
868 932 939 985 Hinc
965 931 1064 985 existit
1091 931 1262 1002 comparatio
1283 933 1302 984 d
1322 930 1386 984 tldis
1407 946 1496 985 cumo

135 1013 203 1073 fide,
233 1027 349 1080 quarum
375 1011 518 1082 longitudo
539 1020 584 1064 est
604 1020 636 1065 ut
657 1012 674 1066 8
696 1014 730 1064 ad
753 1012 779 1066 9.
820 1013 926 1081 Estque
948 1012 1001 1063 hoc
1028 1011 1205 1065 intervallum
1234 1018 1345 1065 tonus
1377 1009 1495 1078 major.

138 1092 220 1144 Plato
242 1091 269 1143 in
290 1091 402 1143 Timaeo
424 1107 517 1144 omnes
539 1098 618 1144 tonos
640 1092 734 1145 ordine
748 1092 801 1145 bac
816 1107 946 1145 mensura
959 1091 1054 1153 finivit,
1077 1093 1124 1144 sed
1139 1092 1246 1144 vitiose.
1276 1091 1352 1144 Nam
1373 1106 1413 1143 ex
1432 1105 1496 1143 com-

136 1171 285 1241 parat-ione
299 1188 314 1222 c
329 1188 387 1224 cunr
403 1171 420 1223 b
435 1177 484 1224 aut
499 1172 515 1223 d
531 1188 591 1223 cunr
605 1190 620 1222 e
637 1172 735 1224 existit
749 1180 848 1225 tonus
867 1172 986 1233 minor,
1007 1171 1184 1239 proportione
1197 1171 1290 1224 fidium
1309 1171 1362 1224 lo:
1379 1169 1409 1224 9.
1438 1170 1495 1223 tute

137 1250 262 1319 sequitur
279 1250 448 1319 comparatio
463 1250 481 1302 h
497 1252 561 1303 ade
580 1259 629 1304 aut
644 1251 684 1304 dis
699 1254 734 1303 ad
748 1253 773 1313 d,
790 1268 862 1321 quae
876 1251 976 1304 dicitur
989 1250 1108 1303 diesis
1123 1245 1161 1318 (si
1180 1267 1240 1304 cum
1255 1250 1379 1303 Platane
1394 1246 1496 1318 loquor)

139 1329 281 1399 proportio
297 1338 329 1384 ut
346 1330 395 1383 15:
415 1331 458 1383 16.
482 1330 607 1400 Denique
622 1348 658 1384 ex
674 1331 879 1400 comparatione
894 1332 912 1383 h
928 1331 1020 1382 cumb
1035 1329 1123 1382 oritur
1136 1330 1279 1399 proportio
1294 1326 1388 1382 24'ad
1402 1328 1450 1392 25,
1462 1328 1497 1381 sie

137 1409 222 1463 etiarn
236 1427 272 1462 ex
288 1410 491 1477 comparatione
507 1428 522 1462 e
537 1428 596 1464 cum
611 1410 660 1463 dis.
685 1411 723 1463 Et
736 1411 835 1464 dicitur
851 1411 1074 1463 semitonium.
1098 1410 1168 1463 Nam
1182 1409 1264 1462 diesis
1280 1416 1311 1462 et
1325 1407 1495 1463 semitonium

119 1490 309 1542 ¹constituunt
327 1496 420 1542 tonum
435 1490 572 1544 minorem.
602 1490 722 1552 Quodsi
745 1491 831 1543 diesin
853 1507 871 1542 a
893 1496 957 1542 tono
979 1489 1083 1555 majore
1106 1489 1239 1552 auferam,
1261 1488 1435 1559 relinquitur
1452 1488 1495 1541 im·

139 1568 293 1638 perfectum
314 1570 497 1630 intervallum,
520 1569 608 1636 majus
630 1571 783 1634 semitonio,
806 1571 892 1623 miuus
908 1569 984 1631 diesi,
1006 1586 1044 1622 sc.
1063 1561 1158 1629 ¹¹⁸lrss.
1190 1570 1229 1622 Et
1248 1568 1301 1622 hoc
1322 1568 1497 1622 intervallum

138 1656 183 1702 est
197 1649 269 1702 inter
284 1650 317 1711 G,
334 1648 391 1711 Gis,
415 1650 443 1710 G,
466 1648 520 1711 Cis,
543 1650 572 1712 F,
594 1651 649 1705 Fis.
680 1651 778 1720 Sicque
801 1658 888 1703 totum
910 1648 1122 1702 clavichordium
1136 1648 1363 1703 artificiosissime
1385 1655 1418 1702 st
1435 1662 1497 1719 geo·

138 1729 250 1783 metrice
272 1737 315 1781 est
336 1738 458 1782 tensum:
481 1736 510 1782 et
531 1737 592 1783 tota
612 1732 735 1783 essentia
755 1730 859 1784 musice
879 1729 1069 1797 philosophice
1088 1738 1117 1782 et
1139 1729 1291 1783 certissime
1306 1729 1454 1799 disputate
1471 1736 1499 1780 et

138 1809 268 1861 discussa.
311 1809 382 1862 Nam
402 1809 465 1862 hinc
486 1810 570 1863 etiam
591 1818 667 1863 oct-o
690 1820 843 1863 tonorum
865 1806 946 1879 (quos
963 1808 1077 1875 vocant)
1099 1809 1255 1863 differentia
1275 1808 1377 1862 haberi
1398 1815 1497 1877 potest.

216 1916 323 1970 Deinde
344 1925 419 1985 peto,
440 1925 473 1970 ut
493 1918 515 1969 si
538 1917 601 1986 quid
623 1917 776 1984 hujusmodi
799 1923 902 1970 tractet
923 1917 1088 1977 Glareanus,
1112 1916 1137 1969 id
1158 1915 1224 1969 mihi
1244 1915 1396 1985 significes.
1435 1914 1499 1968 Nam

138 2002 263 2050 autorem
277 2014 331 2049 non
346 1997 446 2049 habeo.
477 1996 530 2050 Sed
551 1997 737 2066 digrediamur
759 1999 867 2050 tandem
890 2014 905 2048 e
926 1996 1030 2048 musica
1050 2001 1079 2047 et
1100 1996 1183 2058 sonis,
1205 2003 1235 2049 et
1255 2010 1425 2064 quaeramus
1445 1993 1502 2048 alia

139 2077 235 2129 horum
256 2081 350 2146 λογων
369 2076 506 2144 subjecta.
546 2077 655 2130 Siseni
677 2076 791 2146 capiunt
811 2078 860 2129 hos
882 2080 976 2147 λογες,
997 2075 1126 2129 credibile
1148 2083 1178 2128 et
1197 2076 1230 2127 de
1252 2072 1402 2128 coloribus.
1432 2073 1501 2128 Nem

138 2156 209 2210 siout
238 2157 263 2208 in
293 2156 366 2209 sonis
389 2173 407 2209 a
427 2157 451 2209 G
474 2157 500 2209 in
522 2174 542 2227 g
570 2156 691 2210 infinitae
717 2165 782 2210 sunt
806 2173 904 2219 voces,
936 2165 967 2210 at
994 2172 1085 2223 pauca
1113 2154 1222 2208 illarum
1250 2154 1411 2209 ‹flectimina
1438 2152 1502 2207 tecit

138 2243 240 2290 natura
261 2238 408 2289 secundum
430 2236 621 2305 proportiones
642 2236 834 2307 geometricas,
860 2237 899 2289 sic
920 2245 950 2289 et
970 2237 1042 2289 inter
1063 2236 1152 2289 lucem
1172 2242 1202 2288 et
1223 2234 1353 2288 tenebras
1378 2233 1499 2288 infinitae

138 2323 201 2368 sunt
223 2315 388 2378 varietates,
411 2318 459 2368 sed
480 2317 573 2368 docuit
592 2324 694 2369 natura
714 2316 807 2369 oculos
829 2333 934 2384 paucas
957 2315 1176 2384 appellationes,
1206 2331 1277 2384 quae
1298 2315 1398 2383 procul
1420 2313 1500 2367 dubio

34 2391 38 2400 ’
136 2394 289 2448 consistent
310 2395 337 2448 in
360 2395 481 2449 terminis
503 2394 636 2448 dictorum
656 2400 758 2467 loyes.
801 2397 838 2449 Et
854 2395 915 2463 jam
936 2396 963 2448 in
984 2396 1145 2464 crepusculo
1172 2395 1273 2456 semel,
1304 2400 1364 2447 turn
1386 2395 1415 2447 in
1435 2392 1501 2446 iride

136 2474 177 2529 bis
199 2482 301 2528 natura
321 2475 400 2528 nobis
421 2492 454 2527 eo
477 2474 593 2545 digitum
614 2476 739 2529 intendit.
779 2477 810 2528 ln
831 2477 992 2544 crepusculo
1015 2493 1051 2528 ex
1071 2475 1135 2528 albo
1158 2475 1184 2527 in
1205 2474 1319 2528 rubrum
1339 2482 1371 2527 et
1393 2472 1501 2545 nigrum

135 2555 168 2608 tit
188 2554 330 2607 transitus.
367 2556 397 2607 ln
418 2554 515 2623 eclipsi
536 2553 607 2608 Solis
629 2573 666 2607 ex
687 2556 752 2608 albo
773 2573 823 2625 per
843 2557 945 2609 llavurn
969 2566 998 2609 ot
1018 2556 1130 2608 rubrum
1152 2555 1180 2608 in
1201 2554 1318 2624 nigrum.
1362 2552 1501 2607 Sinoerins

136 2633 231 2686 forsan
252 2632 279 2686 in
301 2634 377 2687 iride.
419 2634 472 2688 Sed
494 2635 570 2687 soleo
592 2635 762 2705 distinguere
790 2652 849 2688 cum
871 2643 980 2688 natura.
1024 2635 1124 2688 Flavus
1146 2634 1217 2688 enim
1238 2640 1283 2687 est
1303 2634 1502 2704 quodaminodo

136 2712 260 2777 medium,
284 2716 320 2767 ab
341 2732 374 2767 eo
395 2722 550 2767 extrorsum
572 2732 679 2768 versum
700 2716 731 2768 tit
746 2716 880 2769 transitus
896 2732 945 2784 per
960 2715 1071 2767 rubrum
1087 2715 1113 2766 in
1127 2715 1285 2768 umbrosum
1306 2713 1365 2766 sive
1383 2714 1501 2785 nigrum,

138 2801 252 2863 propter
273 2794 477 2848 diminutionem
498 2795 619 2863 corporis
639 2795 744 2848 Solaris
766 2803 796 2848 et
822 2795 1018 2848 admixtionem
1038 2794 1152 2847 umbrae
1174 2794 1202 2846 in
1222 2794 1303 2847 nubis
1324 2809 1424 2846 crassa
1444 2808 1500 2847 me·

138 2871 218 2927 teria.
259 2877 284 2926 A
307 2873 376 2927 flavo
397 2874 545 2928 introrsum
567 2891 617 2943 per
637 2875 750 2928 viridem
771 2875 937 2936 caeruleum,
959 2890 1135 2943 purpureum,
1158 2873 1320 2934 violaceum,
1341 2871 1370 2925 in
1393 2874 1504 2944 nigrum

138 2960 181 3006 est
202 2953 336 3007 transitus
357 2962 472 3023 propter
493 2955 577 3008 aliam
595 2970 717 3009 causam.
747 2955 818 3008 Nam
839 2954 909 3007 haec
930 2953 1038 3007 omnino
1059 2960 1103 3005 est
1123 2953 1263 3006 retractio.
1296 2952 1397 3021 Itaque
1419 2968 1504 3022 saepe

138 3033 269 3103 cogitavi,
292 3050 327 3086 an
342 3035 484 3102 proportio
500 3035 595 3104 anguli
610 3034 784 3088 retractionis
799 3035 952 3088 constituat
967 3034 1105 3095 terminos,
1129 3032 1156 3086 iu
1177 3033 1275 3102 quibus
1298 3032 1410 3085 dicatur
1430 3032 1504 3086 color

137 3112 240 3174 viridis,
262 3114 408 3165 caeruleus
423 3110 471 3166 dcc.
503 3113 540 3167 Ut
560 3114 584 3167 si
604 3114 734 3167 retractio
756 3115 869 3177 directa,
893 3114 1013 3184 angulus
1034 3112 1127 3166 nullus
1146 3112 1299 3166 constituat
1312 3113 1425 3175 flavum,
1447 3112 1505 3165 sire

137 3191 231 3261 potius
253 3191 278 3243 id
301 3193 371 3261 quod
393 3200 437 3245 est
458 3193 705 3261 splendidissimum
727 3194 755 3247 in
774 3195 854 3256 flavo,
877 3194 928 3247 lux
949 3194 1018 3262 ipsa.
1055 3196 1094 3247 At
1114 3194 1222 3262 quaudo
1243 3192 1377 3246 retractio
1399 3191 1437 3247 sit
1457 3208 1504 3245 aa·

140 3271 225 3343 galus
246 3280 354 3347 rectus,
377 3272 414 3324 ibi
436 3280 528 3326 cesset
548 3272 632 3325 omnis
655 3273 720 3336 lux,
750 3274 815 3343 quia
836 3291 933 3342 nempe
955 3281 1033 3326 recta
1054 3272 1183 3340 objicitur
1205 3288 1320 3341 corpus,
1348 3270 1380 3326 in
1401 3289 1455 3343 quo
1475 3271 1506 3324 Gt

140 3349 278 3403 retractio.
315 3351 361 3404 Sic
381 3369 430 3420 pro
445 3351 553 3405 ratione
568 3351 706 3406 divisionis
727 3353 795 3406 recti
817 3353 914 3424 anguli
935 3352 1141 3406 constituuntur
1161 3352 1276 3406 colores.
1316 3356 1358 3421 (Iu
1378 3359 1504 3424 margine:

138 3429 251 3483 Rectius
266 3430 319 3484 sic:
342 3434 540 3501 Agnoscendus
562 3438 606 3484 est
626 3432 707 3486 albus
729 3432 755 3485 in
774 3433 861 3487 medio
876 3433 941 3486 flavi
958 3440 988 3485 et
1000 3432 1108 3495 Viridis,
1132 3432 1177 3502 qui
1198 3431 1279 3486 albus
1301 3438 1346 3486 est
1369 3432 1435 3501 ipsa
1455 3432 1504 3485 lux

138 3509 218 3565 Solis.
247 3510 310 3562 Jam
331 3511 418 3564 flavus
432 3513 582 3579 respondet
595 3511 682 3574 viridi,
705 3513 820 3566 adustus
835 3541 875 3551 —
889 3512 1001 3566 schiller
1017 3541 1051 3550 -
1068 3512 1206 3574 caeruleo,
1228 3513 1331 3567 rubens
1353 3528 1504 3581 purpureo,

139 3595 291 3660 sequuntur
311 3591 439 3660 utrinque
461 3592 602 3645 tenebrae.
645 3591 754 3646 Priores
775 3599 841 3646 sunt
861 3592 953 3656 terrei,
976 3592 1143 3660 posteriores
1166 3591 1315 3661 aquatiles.
1357 3590 1505 3661 Proportio

138 3669 271 3725 mistionis
293 3671 427 3724 materiae
448 3666 569 3739 eadem.)
611 3672 663 3725 Sed
692 3675 824 3742 quomodo
850 3672 987 3725 dividatur
1017 3671 1137 3742 angulus
1165 3671 1341 3725 retractionis
1367 3671 1505 3725 maximus

140 3766 189 3818 pro
211 3751 333 3804 terminis
355 3753 484 3814 colorum,
507 3751 617 3807 difficile
638 3761 682 3806 est
696 3752 778 3806 dictu.
815 3753 902 3805 Credo
924 3759 1016 3805 tamen
1038 3753 1144 3806 omnino
1166 3750 1189 3804 si
1209 3751 1372 3821 designetur
1398 3744 1440 3810 Ἰ..
1465 3744 1502 3811 'l.,

143 3823 182 3893 'ln
207 3824 247 3893 Ἃ,
274 3825 303 3890 Ἰ.
327 3831 404 3894 recti,
427 3832 453 3885 in
468 3851 501 3886 eo
514 3832 690 3886 retractionis
706 3832 810 3902 angulo
825 3832 956 3886 constitui
972 3833 1079 3890 Garum.
1101 3832 1223 3893 viridem,
1246 3830 1418 3893 caeruleum,
1440 3846 1504 3901 pnr-

138 3925 267 3978 pureum,
293 3911 432 3964 cinerium.
474 3913 545 3965 Ecce
568 3912 685 3974 altitudo
708 3912 782 3965 iridis
804 3929 864 3965 cum
885 3911 1071 3965 semicirculus
1092 3919 1151 3974 est,
1178 3910 1307 3981 numquid
1329 3926 1442 3980 semper
1462 3916 1504 3963 est

77 4041 89 4059 .
139 3988 248 4041 circiter
269 3984 340 4053 45⁰,
363 3990 409 4060 qui
431 3992 566 4062 angulum
586 3992 759 4045 semireotum
781 3992 902 4046 metitur.
944 3990 998 4045 Sed
1019 3992 1075 4044 sint
1096 3991 1149 4043 hae
1171 3991 1351 4060 suspiciones.
1395 3989 1506 4045 Pariter

140 4074 171 4121 et
199 4069 232 4120 de
262 4069 407 4139 saporibus
434 4071 467 4122 de
494 4071 675 4141 odoribusque
695 4072 843 4126 dicendum
870 4071 932 4124 erit.
975 4072 1017 4123 De
1044 4070 1161 4139 objectis
1188 4079 1280 4125 tactus
1307 4087 1361 4123 uon
1386 4070 1502 4131 videtur.

139 4154 206 4201 suut
225 4149 297 4202 enirn
317 4149 476 4203 materiales
499 4149 668 4220 qualitates,
700 4158 729 4205 et
756 4152 832 4204 calor
859 4168 932 4205 mere
961 4150 1054 4204 activa
1081 4150 1221 4220 qualitas,
1252 4149 1311 4203 siue
1339 4149 1504 4212 discrimine.

141 4227 223 4297 quale
246 4226 271 4280 in
293 4228 392 4282 ceteris
414 4229 487 4283 inest
507 4230 664 4283 sensilibus.
707 4230 750 4283 De
771 4230 957 4284 communibus
983 4229 1129 4283 sensilibus
1158 4230 1220 4300 quid
1248 4246 1318 4299 opus
1339 4238 1385 4283 est
1406 4228 1505 4289 dicere.

140 4324 202 4361 cum
217 4305 278 4375 jam
298 4308 464 4361 dixerimus?
498 4309 587 4362 Sonus
608 4310 679 4363 eninr
700 4318 854 4363 estractus
875 4309 948 4364 atris
975 4316 1004 4362 et
1029 4317 1143 4378 propter
1163 4318 1267 4365 motum
1286 4309 1389 4378 recipit
1410 4313 1505 4380 loyes,

140 4387 207 4440 lides
228 4387 300 4441 enim
325 4388 408 4455 duplo
437 4388 546 4459 longior
573 4389 657 4457 duplo
685 4396 811 4443 movetur
831 4390 945 4443 tardius.
989 4390 1073 4443 Porro
1095 4391 1228 4459 quomodo
1250 4390 1277 4444 in
1299 4387 1408 4443 musica
1428 4395 1459 4442 et
1477 4387 1504 4442 iu

141 4467 336 4522 saltationibus
358 4474 447 4520 motus
469 4475 499 4521 et
519 4475 610 4521 status
632 4469 883 4539 proportionentur,
907 4470 1068 4523 audivimus.
1109 4468 1180 4532 Quid
1200 4471 1234 4523 de
1256 4467 1381 4529 numeris
1408 4468 1504 4533 dicam,

141 4546 187 4616 qui
207 4553 359 4617 sequuntur
380 4547 573 4616 quantitates?
603 4548 723 4601 Videant
738 4549 893 4610 anatomici,
916 4565 952 4602 an
975 4549 1002 4602 hi
1024 4555 1108 4621 loyes
1126 4549 1182 4603 siut
1202 4550 1275 4604 inter
1296 4549 1423 4604 membre
1442 4563 1505 4619 per-

142 4626 207 4679 tecti
227 4625 340 4680 humani
360 4628 490 4695 corporis.
526 4628 668 4680 Vitruvius
691 4629 819 4697 praeivit.
855 4631 898 4681 De
919 4629 1015 4698 figuris
1031 4647 1096 4683 vero
1112 4630 1249 4698 praecipit
1263 4628 1418 4691 Vitruvius,
1439 4644 1504 4698 quo·

140 4708 219 4759 modo
240 4705 278 4759 sit
297 4704 467 4760 instituenda
487 4706 683 4762 architectura.
725 4708 843 4777 Figurae
865 4717 930 4761 sunt
951 4725 1052 4762 causae
1074 4714 1176 4778 λογων.
1213 4710 1338 4776 Corpora
1357 4706 1504 4778 regularia

142 4786 234 4843 omnia
253 4793 369 4842 utuntur
396 4785 438 4839 his
467 4790 571 4860 λεγοις.
614 4787 751 4859 Compara
772 4788 878 4851 latera,
909 4789 1012 4859 plana,
1045 4789 1172 4862 angulos.
1214 4789 1353 4861 Compara
1372 4802 1506 4847 tumme!
