3278 5542
659 278 748 328 ΝΜ
764 272 862 329 dnum
1374 279 1441 349 26¹-

108 440 200 492 ιιιιι
221 429 394 493 nullatenus
416 432 597 510 admovisse,
623 435 707 498 solas
729 454 801 498 vero
817 435 1046 502 observationes
1061 438 1219 520 reliquisse
1238 441 1437 523 conscriptas.

108 514 178 580 inus
200 517 294 600 igitur
314 521 449 584 ιιιιιιιι
470 522 706 603 Hipparchus
698 545 728 587 ιι
759 527 945 590 astronomia
972 528 1255 609 augustioribusqua
1278 532 1439 610 pomoeriis

108 605 278 687 Μοιιι
298 618 330 671 ιι
352 628 442 673 cursa
464 631 536 674 suas
560 613 696 688 inclusit,
721 632 810 695 quam
833 617 883 679 ιιι
906 618 1050 680 Eudoxus
1072 618 1121 679 vel
1146 616 1303 698 Oalippus.
1351 618 1439 692 Quae

108 702 223 776 tergo
244 696 298 761 illa
320 704 384 761 tam
407 701 563 779 splendida
586 712 748 767 asservata
771 704 938 770 immutatio
962 706 1187 803 hypothesium,
1221 726 1310 787 quam
1330 707 1438 790 Calip-

108 801 152 848 ma
173 785 368 867 Hipparchus
390 787 515 853 intulit?

166 874 314 939 Venimus
344 894 439 957 usque
466 879 505 943 ad
533 886 670 959 tempora
698 879 880 960 Hipparchi,
914 881 964 962 qui
991 881 1141 964 posterior
1168 882 1338 946 Aristotele
1369 884 1435 962 fuit,

108 980 131 1025 u
156 968 293 1044 ternpore
307 965 405 1030 Ursus
429 967 473 1033 ait
496 968 684 1031 introductas
707 970 899 1052 physicorum
922 971 1118 1053 hypotheses,
1141 972 1214 1035 ιι..ι
1239 991 1306 1035 ιιι
1321 973 1435 1052 sphae-

108 1070 176 1115 ιιιιι
197 1053 344 1129 ordinem,
367 1056 418 1138 qui
440 1056 600 1121 hodiedum
623 1058 713 1138 vulgo
736 1058 877 1122 creditur.
924 1060 960 1123 Id
982 1068 1085 1125 autem
1108 1067 1206 1123 totum
1228 1079 1343 1125 merum
1366 1082 1434 1125 esse

108 1141 221 1205 ιιιιιιι
247 1163 341 1224 supra
362 1145 502 1225 probari,
534 1166 602 1209 cum
625 1147 769 1220 dicerem,
797 1147 1029 1230 Pythagorae'
1021 1148 1079 1230 ipsi
1112 1149 1157 1211 sic
1185 1169 1255 1211 esse
1274 1150 1373 1214 visum
1395 1153 1434 1213 de

108 1228 271 1295 Ιιιιιιιιιιι
290 1233 473 1308 ordinanti
495 1243 604 1316 postea
625 1236 813 1299 Ptolemaeo.

160 1319 207 1383 Et
232 1321 303 1402 quid
330 1323 457 1387 multis?
488 1322 760 1405 Quomodocunque
789 1326 925 1388 iocentur
946 1325 1022 1389 haec
1046 1323 1065 1389 3
1089 1304 1216 1429 corpora
1234 1325 1332 1401 Solis,
1366 1327 1435 1390 Ve-

108 1407 153 1474 ris
177 1418 211 1472 et
227 1411 370 1475 Mercurii
394 1413 473 1476 inter
490 1414 621 1476 Martem
645 1421 677 1477 et
695 1414 821 1485 Lunam,
846 1433 966 1494 semper
983 1415 1029 1488 (in
1051 1414 1173 1478 usitatis
1197 1415 1315 1496 quidem
1336 1416 1434 1498 hypo-

108 1498 227 1574 ssrbua)
256 1519 307 1563 res
336 1501 440 1564 eodem
469 1503 586 1566 redit
579 1523 608 1565 un
628 1508 826 1568 astronomia.
872 1503 953 1567 Nam
981 1504 1038 1566 hac
1060 1505 1112 1566 via
1135 1503 1285 1585 quidem
1277 1522 1432 1584 ingressos

108 1589 303 1652 sacrationes
316 1590 495 1654 destituunt.
543 1592 635 1655 Solae
653 1593 846 1675 physicarum
860 1592 1010 1656 rationum
1031 1592 1307 1656 verisimilitudines
1323 1601 1432 1656 ancto-

108 1696 130 1754 ι,
156 1685 192 1740 ιι
215 1678 340 1759 quisque
363 1680 441 1743 hanc
464 1682 513 1743 vel
530 1682 614 1744 illam
637 1681 828 1762 potissimum
852 1681 995 1762 seqnitur,
1020 1681 1050 1743 in
1073 1681 1226 1744 contraria
1248 1681 1380 1760 rapiunt,
1402 1682 1433 1743 in

108 1766 184 1831 tusis
207 1768 443 1832 consentientes.
490 1768 682 1850 (ruoperto,
706 1771 771 1833 sive
794 1778 865 1833 ante
894 1770 960 1833 sive
983 1779 1054 1851 post
1067 1771 1226 1833 Eudoxum
1246 1771 1433 1850 disputatum

108 1878 112 1917 ι
139 1857 179 1919 de
206 1857 350 1920 moderno
380 1859 575 1939 sphaerarum
604 1859 708 1922 ordine
730 1860 862 1942 vulgari,
894 1877 952 1921 non
981 1861 1150 1921 censendae
1173 1868 1244 1921 sunt
1272 1859 1378 1921 horum
1402 1867 1434 1922 et

108 1945 192 2009 eduxi
224 1946 362 2008 diversae
389 1947 572 2031 hypotheses
600 1949 832 2012 astronomicae.
885 1945 960 2011 Cum
993 1949 1071 2010 euim
1108 1949 1177 2011 inde
1210 1968 1229 2008 a
1257 1948 1434 2029 Pythagora

108 2052 223 2116 unaque
241 2035 350 2116 vulgus
364 2044 603 2100 astronomorum
618 2038 648 2100 in
663 2039 763 2118 cupite
786 2037 1002 2113 consenseriut,
1028 2037 1176 2100 dubitatio
1200 2036 1275 2098 haec
1291 2037 1328 2097 de
1343 2037 1433 2098 trium

108 2140 176 2187 ιιιιι
208 2141 367 2205 corporum
394 2125 498 2189 ordim
527 2145 647 2208 semper
674 2129 800 2204 mansit,
834 2126 983 2189 necdum
1016 2146 1034 2187 a
1060 2126 1194 2209 physicis
1224 2132 1273 2188 est
1300 2125 1431 2187 sublata.

108 2213 291 2278 eraclitus
307 2211 411 2278 Solem
435 2215 509 2279 fecit
530 2215 735 2296 penintimum,
761 2217 865 2280 eodem
879 2230 956 2278 'cum
970 2214 1138 2278 Aristotele
1153 2234 1225 2277 usus
1244 2221 1431 2294 argumento,

108 2301 151 2365 od
179 2309 285 2365 cetera
316 2309 403 2366 astra
429 2304 535 2368 miuus'
556 2305 748 2369 calefaciant.
790 2306 879 2369 Plato
903 2304 1151 2387 Pythagoricum,
1180 2302 1370 2367 Socraticam
1401 2310 1433 2364 et

108 2391 287 2455 encliticam
310 2392 533 2474 philosophiam
556 2394 700 2470 miscens,
732 2396 881 2458 referente
905 2393 936 2455 id
959 2393 1100 2469 Laertio,
1128 2393 1328 2474 locupletavit
1354 2392 1431 2453 hanc

108 2479 241 2544 mimam
262 2481 366 2560 uptica
389 2483 582 2564 conjectura:
606 2484 634 2546 si
659 2484 700 2559 Ω,
725 2486 747 2562 l}
768 2485 848 2547 infra
870 2483 972 2545 Solem
995 2483 1067 2553 sint,
1092 2482 1238 2545 diminuta
1262 2481 1331 2542 olim
1354 2479 1431 2542 facie

123 2569 245 2633 Ianam
268 2571 366 2634 visum
389 2571 435 2635 iri.
477 2572 672 2637 Ptolemaeus
704 2574 791 2637 addit
813 2593 852 2635 ex
873 2572 991 2635 illorum
1013 2572 1166 2634 sententia
1198 2580 1231 2634 et
1257 2571 1314 2633 hoc
1338 2588 1430 2650 argu-

108 2665 219 2732 amn,
252 2660 331 2740 quod
363 2680 513 2742 nunquam
540 2660 643 2725 Solem
675 2662 884 2726 obtenebrant
931 2659 1018 2731 Quae
1042 2668 1220 2741 argumenta
1244 2658 1431 2723 declinantes

108 2748 206 2811 rderni
228 2749 379 2828 pellucida
400 2749 455 2812 illa
476 2767 605 2830 corpora
627 2750 752 2828 faciunt,
776 2757 883 2814 contra
906 2752 1035 2830 quam)
1058 2750 1106 2811 vel
1130 2748 1195 2812 Soli
1218 2747 1431 2829 propinquanti

108 2854 149 2901 ιιι
172 2838 295 2908 cedere,
328 2847 362 2901 ut
384 2839 578 2903 Ptolemaeus
603 2841 682 2914 vult,
717 2842 767 2904 ιιι
790 2839 882 2903 etiam
905 2840 1140 2911 subtercurrens,
1172 2847 1208 2900 ut
1234 2836 1369 2900 moderni
1393 2855 1431 2898 ex

108 2926 179 2990 uelo
206 2934 240 2989 et
260 2927 419 2991 Avsrrhoe
447 2930 594 3010 exemplis
622 2928 719 2992 dubiis
746 2930 938 2991 contendunt.
984 2928 1031 2991 At
1058 2933 1164 2989 contra
1191 2925 1430 3007 penetrationem

108 3015 186 3080 bium
205 3013 304 3092 Solis,
332 3017 477 3093 Veneris,
507 3018 649 3082 Mercurii
672 3026 704 3080 ιι
727 3020 831 3083 Lunae
854 3018 984 3080 nondum
1008 3015 1124 3079 amoliti
1146 3025 1231 3092 sunt,
1265 3022 1300 3076 ut
1321 3011 1430 3075 melius

108 3111 133 3168 rt
159 3105 374 3186 Alpetragius,
407 3106 456 3187 qui
485 3126 576 3170 unum
604 3115 722 3170 tantum
753 3107 818 3172 Soli
851 3114 883 3170 et
905 3106 1010 3168 Lunae
1037 3104 1210 3185 interponit.
1258 3103 1301 3165 ιιι
1327 3110 1429 3163 tamen

108 3193 253 3275 ejecturis
275 3194 410 3277 physicis
432 3198 617 3259 contendunt
630 3197 811 3265 Mercurium
832 3196 913 3259 iufra
927 3195 1087 3269 Venerem,
1112 3194 1183 3274 quia
1204 3193 1335 3256 motibus
1358 3190 1428 3272 plu-

108 3303 151 3349 ιιι
173 3292 332 3346 moveatur
353 3292 544 3366 motuumque
567 3286 763 3349 similitudine
787 3288 825 3349 ad
839 3286 956 3348 Lunam
968 3284 1103 3365 proxime
1118 3283 1255 3346 accedat.
1301 3282 1428 3345 Utrum-

108 3392 125 3437 ι
154 3390 229 3434 vero
257 3373 313 3435 sub
336 3372 425 3449 Sole,
457 3382 491 3437 ut
518 3375 546 3438 is
577 3377 678 3455 possit
704 3395 772 3439 esse
805 3375 922 3439 medius
951 3383 983 3436 et
1010 3372 1141 3453 spatium
1170 3373 1248 3435 inter
1271 3369 1374 3433 Solem
1397 3377 1430 3432 et

108 3480 188 3525 mam
209 3461 380 3542 impleatur.
427 3466 476 3526 lta
499 3463 667 3544 disputatio
684 3465 758 3527 haec
774 3464 971 3548 physicaest,
996 3482 1054 3526 non
1070 3461 1282 3524 astronomica.
1298 3495 1342 3506 -
1365 3457 1427 3521 Sed

129 3551 244 3616 Ursum
265 3551 366 3613 redeo.

154 3639 200 3702 Et
221 3640 354 3721 loquitur
375 3639 495 3722 quidem
518 3639 616 3704 Ursus
638 3640 746 3722 ubique
770 3642 829 3719 ita,
863 3659 899 3702 ac
922 3639 949 3701 si
972 3637 1156 3719 temporibus
1180 3636 1241 3698 illis
1268 3643 1302 3696 ut
1323 3634 1424 3714 philo-

108 3728 228 3811 plricae,
259 3728 303 3792 sic
327 3728 548 3801 astronomicae
572 3748 687 3810 quoque
712 3731 833 3793 scholae
858 3729 1000 3802 fuissent,
1035 3726 1239 3805 artificumque
1269 3731 1302 3785 ut
1324 3723 1426 3803 philo·
1501 3757 1503 3760 -

108 3818 231 3899 phorum
262 3818 405 3881 continua
436 3818 602 3892 successio,
637 3820 812 3898 dogmatum
844 3817 1110 3880 astronomicorum
1140 3814 1190 3876 rel
1213 3811 1349 3875 defensio
1377 3812 1426 3873 vel

108 3907 190 3971 blica
222 3915 253 3968 et
275 3907 408 3971 solennis
438 3907 622 3970 immutatio:
656 3909 735 3989 quod
762 3909 850 3988 longe
874 3906 963 3968 aliter
990 3904 1149 3967 sehabet.
1196 3900 1325 3981 Semper
1348 3900 1427 3963 euim

108 4015 143 4059 ec
166 3997 287 4059 fortuna
310 3995 367 4060 fuit
389 3997 601 4072 astronomiae,
625 4005 659 4059 nt
680 3997 769 4076 pauci
792 4004 906 4071 esseut,
930 3994 979 4075 qni
1004 4013 1075 4057 suas
1098 3993 1127 4054 iu
1148 4011 1215 4053 eam
1239 4008 1327 4053 curus
1351 4009 1427 4053 con-

108 4093 193 4149 ιιιι
237 4085 286 4148 Αι
318 4085 376 4148 etsi
408 4105 482 4149 sane
515 4104 573 4148 non
602 4086 713 4149 desunt
740 4086 892 4165 exempla,
925 4082 975 4146 ubi
998 4103 1073 4145 uuus
1097 4082 1224 4144 alterum
1257 4079 1374 4142 audivit
1397 4078 1426 4139 iu

108 4174 292 4250 bohemicis,
325 4175 423 4255 magis
451 4184 553 4238 ιιιιιιι
583 4181 647 4238 tum
670 4175 814 4255 temporis
842 4173 991 4255 agebatur
1013 4171 1166 4252 negotium
1193 4169 1426 4234 astronomicum

108 4263 306 4346 captivatos
328 4264 473 4343 parietes,
496 4283 552 4327 uec
574 4265 638 4328 ulla
655 4264 783 4327 celebris
798 4272 830 4326 et
845 4263 986 4343 frequens
1000 4259 1187 4323 auditoribus
1202 4259 1307 4320 schola
1322 4265 1425 4320 astro·

108 4353 187 4419 ntea
212 4373 252 4416 ex
282 4353 419 4417 historiis
447 4362 521 4417 nota
535 4356 602 4416 ιιι.
648 4353 795 4458 Adeoque
827 4372 887 4415 non
916 4370 1020 4413 omnes
1052 4349 1179 4412 invicem
1203 4345 1370 4410 astronomi
1393 4365 1426 4408 se

108 4443 332 4517 amoscebant,
366 4443 502 4524 quamvis
533 4442 690 4506 coaetanei
715 4450 833 4517 essent,
867 4448 921 4503 aut
951 4439 1044 4501 libros
1068 4438 1198 4516 scriptos
1223 4435 1426 4515 reliquissent,

108 4531 288 4635 pugraphise
310 4540 385 4612 puto
408 4531 538 4596 defectu.
584 4532 740 4595 Philolaus
755 4531 834 4594 enim
857 4529 928 4610 qnid
943 4527 1073 4592 senserit
1087 4546 1179 4606 supra
1193 4525 1256 4587 dict
1243 4532 1316 4598 tum,
1341 4522 1427 4602 cujus

108 4620 272 4685 tronomica
302 4621 446 4701 dogmata
478 4622 504 4684 ei
536 4620 664 4685 fuissent
695 4620 822 4684 Eudoxo
855 4637 942 4701 quem
974 4616 1102 4680 vivendo
1134 4614 1289 4679 Philolaus
1322 4611 1427 4692 attigit

108 4709 201 4793 quita,
223 4710 294 4792 quid
318 4729 393 4790 opus
418 4710 541 4784 fuisset,
568 4717 603 4773 ut
624 4710 747 4791 propria
769 4729 840 4772 cura
863 4707 960 4771 minus
983 4707 1150 4789 perfectam
1174 4709 1426 4766 commentaretur

108 4798 308 4867 hodomiam?
352 4798 473 4864 Etenim
497 4819 534 4861 ex
557 4798 740 4864 Archimede
763 4806 898 4874 constat,
933 4796 1074 4860 definisse
1096 4793 1254 4856 Eudoxum
1279 4791 1419 4853 diametri
