<?xml version="1.0" encoding="UTF-8"?>
<!DOCTYPE html PUBLIC "-//W3C//DTD XHTML 1.0 Transitional//EN"
    "http://www.w3.org/TR/xhtml1/DTD/xhtml1-transitional.dtd">
<html xmlns="http://www.w3.org/1999/xhtml" xml:lang="en" lang="en">
 <head>
  <title>
</title>
<meta http-equiv="Content-Type" content="text/html;charset=utf-8" />
  <meta name='ocr-system' content='tesseract 3.04.00' />
  <meta name='ocr-capabilities' content='ocr_page ocr_carea ocr_par ocr_line ocrx_word'/>
</head>
<body>
  <div class='ocr_page' id='page_1' title='image "./joanniskepleria17frisgoog_0281.png"; bbox 0 0 3278 5542; ppageno 0'>
   <div class='ocr_carea' id='block_1_1' title="bbox 145 345 955 416">
    <p class='ocr_par' dir='ltr' id='par_1_1' title="bbox 145 345 955 416">
     <span class='ocr_line' id='line_1_1' title="bbox 145 345 955 416; baseline -0.006 -1"><span class='ocrx_word' id='word_1_1' title='bbox 145 345 210 416; x_wconf 78' lang='lat' dir='ltr'>aea</span> <span class='ocrx_word' id='word_1_2' title='bbox 693 346 955 412; x_wconf 70' lang='grc' dir='ltr'>Διοιοιιτιοιουι</span> 
     </span>
    </p>
   </div>
   <div class='ocr_carea' id='block_1_2' title="bbox 86 503 1527 4948">
    <p class='ocr_par' dir='ltr' id='par_1_2' title="bbox 86 503 1527 4948">
     <span class='ocr_line' id='line_1_2' title="bbox 146 503 1487 588; baseline -0.006 -16"><span class='ocrx_word' id='word_1_3' title='bbox 146 519 180 572; x_wconf 86' lang='lat' dir='ltr'>et</span> <span class='ocrx_word' id='word_1_4' title='bbox 198 510 324 571; x_wconf 80' lang='lat' dir='ltr'>Lunae:</span> <span class='ocrx_word' id='word_1_5' title='bbox 349 508 433 588; x_wconf 90' lang='lat' dir='ltr'>quasi</span> <span class='ocrx_word' id='word_1_6' title='bbox 458 525 515 567; x_wconf 92' lang='lat' dir='ltr'>non</span> <span class='ocrx_word' id='word_1_7' title='bbox 541 525 634 586; x_wconf 90' lang='lat' dir='ltr'>aeque</span> <span class='ocrx_word' id='word_1_8' title='bbox 660 506 696 569; x_wconf 91' lang='lat' dir='ltr'>de</span> <span class='ocrx_word' id='word_1_9' title='bbox 720 514 759 579; x_wconf 74' lang='lat'>6,</span> <span class='ocrx_word' id='word_1_10' title='bbox 791 505 831 579; x_wconf 75' lang='lat' dir='ltr'>Q,</span> <span class='ocrx_word' id='word_1_11' title='bbox 864 509 944 583; x_wconf 64' lang='lat' dir='ltr'>§ac</span> <span class='ocrx_word' id='word_1_12' title='bbox 969 505 1005 566; x_wconf 92' lang='lat' dir='ltr'>de</span> <span class='ocrx_word' id='word_1_13' title='bbox 1030 503 1070 581; x_wconf 80' lang='grc' dir='ltr'>Θ</span> <span class='ocrx_word' id='word_1_14' title='bbox 1095 511 1127 565; x_wconf 90' lang='lat' dir='ltr'>et</span> <span class='ocrx_word' id='word_1_15' title='bbox 1149 506 1176 576; x_wconf 60' lang='grc' dir='ltr'>ι</span> <span class='ocrx_word' id='word_1_16' title='bbox 1202 504 1251 565; x_wconf 86' lang='lat' dir='ltr'>vel</span> <span class='ocrx_word' id='word_1_17' title='bbox 1276 503 1404 565; x_wconf 77' lang='lat' dir='ltr'>Eudoxo</span> <span class='ocrx_word' id='word_1_18' title='bbox 1424 503 1487 581; x_wconf 86' lang='lat' dir='ltr'>prius</span> 
     </span>
     <span class='ocr_line' id='line_1_3' title="bbox 146 592 1486 674; baseline -0.006 -14"><span class='ocrx_word' id='word_1_19' title='bbox 146 597 338 660; x_wconf 79' lang='lat' dir='ltr'><strong>constitisset</strong></span> <span class='ocrx_word' id='word_1_20' title='bbox 361 597 398 658; x_wconf 88' lang='lat' dir='ltr'>de</span> <span class='ocrx_word' id='word_1_21' title='bbox 421 595 608 674; x_wconf 79' lang='lat' dir='ltr'>digressione</span> <span class='ocrx_word' id='word_1_22' title='bbox 643 596 747 656; x_wconf 90' lang='lat' dir='ltr'>horum</span> <span class='ocrx_word' id='word_1_23' title='bbox 771 594 998 656; x_wconf 86' lang='lat' dir='ltr'>evidentissima</span> <span class='ocrx_word' id='word_1_24' title='bbox 1021 594 1059 655; x_wconf 95' lang='lat' dir='ltr'>ab</span> <span class='ocrx_word' id='word_1_25' title='bbox 1075 601 1256 674; x_wconf 86' lang='lat' dir='ltr'>aequatore:</span> <span class='ocrx_word' id='word_1_26' title='bbox 1286 600 1322 653; x_wconf 87' lang='lat' dir='ltr'>ot</span> <span class='ocrx_word' id='word_1_27' title='bbox 1338 592 1423 671; x_wconf 88' lang='lat' dir='ltr'>quasi</span> <span class='ocrx_word' id='word_1_28' title='bbox 1445 611 1486 653; x_wconf 87' lang='lat' dir='ltr'>uon</span> 
     </span>
     <span class='ocr_line' id='line_1_4' title="bbox 144 681 1486 764; baseline -0.006 -15"><span class='ocrx_word' id='word_1_29' title='bbox 144 686 267 749; x_wconf 87' lang='lat' dir='ltr'>zodiaco</span> <span class='ocrx_word' id='word_1_30' title='bbox 290 686 401 746; x_wconf 87' lang='lat' dir='ltr'>circulo</span> <span class='ocrx_word' id='word_1_31' title='bbox 425 685 560 763; x_wconf 82' lang='lat' dir='ltr'>singulos</span> <span class='ocrx_word' id='word_1_32' title='bbox 584 702 637 764; x_wconf 90' lang='lat' dir='ltr'>pro</span> <span class='ocrx_word' id='word_1_33' title='bbox 662 683 788 762; x_wconf 85' lang='lat' dir='ltr'>singulis</span> <span class='ocrx_word' id='word_1_34' title='bbox 811 684 951 762; x_wconf 82' lang='lat' dir='ltr'>planetis.</span> <span class='ocrx_word' id='word_1_35' title='bbox 961 682 1107 744; x_wconf 83' lang='lat' dir='ltr'>Eudoxus</span> <span class='ocrx_word' id='word_1_36' title='bbox 1129 681 1351 755; x_wconf 75' lang='lat' dir='ltr'>subordinarit,</span> <span class='ocrx_word' id='word_1_37' title='bbox 1376 681 1425 761; x_wconf 92' lang='lat' dir='ltr'>qui</span> <span class='ocrx_word' id='word_1_38' title='bbox 1447 681 1486 741; x_wconf 86' lang='lat' dir='ltr'>de·</span> 
     </span>
     <span class='ocr_line' id='line_1_5' title="bbox 144 768 1486 852; baseline -0.005 -16"><span class='ocrx_word' id='word_1_39' title='bbox 144 774 314 839; x_wconf 87' lang='lat' dir='ltr'>clinationis</span> <span class='ocrx_word' id='word_1_40' title='bbox 338 774 419 835; x_wconf 87' lang='lat' dir='ltr'>illius</span> <span class='ocrx_word' id='word_1_41' title='bbox 444 774 623 834; x_wconf 77' lang='lat' dir='ltr'>varietatem</span> <span class='ocrx_word' id='word_1_42' title='bbox 648 773 815 845; x_wconf 82' lang='lat' dir='ltr'>efficerent3</span> <span class='ocrx_word' id='word_1_43' title='bbox 841 770 1001 851; x_wconf 83' lang='lat' dir='ltr'>autquasi</span> <span class='ocrx_word' id='word_1_44' title='bbox 1028 790 1124 852; x_wconf 88' lang='lat' dir='ltr'>neque</span> <span class='ocrx_word' id='word_1_45' title='bbox 1139 768 1289 850; x_wconf 82' lang='lat' dir='ltr'>Calippns</span> <span class='ocrx_word' id='word_1_46' title='bbox 1314 769 1486 831; x_wconf 84' lang='lat' dir='ltr'>animaduer-</span> 
     </span>
     <span class='ocr_line' id='line_1_6' title="bbox 144 858 1487 942; baseline -0.007 -15"><span class='ocrx_word' id='word_1_47' title='bbox 144 865 229 938; x_wconf 87' lang='lat' dir='ltr'>terit,</span> <span class='ocrx_word' id='word_1_48' title='bbox 263 859 284 940; x_wconf 70' lang='lat' dir='ltr'>b</span> <span class='ocrx_word' id='word_1_49' title='bbox 314 871 345 924; x_wconf 92' lang='lat' dir='ltr'>et</span> <span class='ocrx_word' id='word_1_50' title='bbox 371 862 402 936; x_wconf 84' lang='grc' dir='ltr'>ιι</span> <span class='ocrx_word' id='word_1_51' title='bbox 426 864 520 942; x_wconf 83' lang='lat' dir='ltr'>aeque</span> <span class='ocrx_word' id='word_1_52' title='bbox 551 871 641 942; x_wconf 89' lang='lat' dir='ltr'>atque</span> <span class='ocrx_word' id='word_1_53' title='bbox 671 871 788 923; x_wconf 89' lang='lat' dir='ltr'>ceteros</span> <span class='ocrx_word' id='word_1_54' title='bbox 818 860 838 924; x_wconf 85' lang='lat'><strong>5</strong></span> <span class='ocrx_word' id='word_1_55' title='bbox 863 861 992 922; x_wconf 85' lang='lat' dir='ltr'>diversis</span> <span class='ocrx_word' id='word_1_56' title='bbox 1023 860 1208 940; x_wconf 72' lang='lat' dir='ltr'>temporibus</span> <span class='ocrx_word' id='word_1_57' title='bbox 1237 858 1487 939; x_wconf 82' lang='lat' dir='ltr'>inaequalitersb</span> 
     </span>
     <span class='ocr_line' id='line_1_7' title="bbox 144 948 1487 1033; baseline -0.005 -18"><span class='ocrx_word' id='word_1_58' title='bbox 144 962 306 1033; x_wconf 90' lang='lat' dir='ltr'>aequatore</span> <span class='ocrx_word' id='word_1_59' title='bbox 335 952 459 1013; x_wconf 89' lang='lat' dir='ltr'>distare.</span> <span class='ocrx_word' id='word_1_60' title='bbox 508 953 613 1032; x_wconf 88' lang='lat' dir='ltr'>ltaque</span> <span class='ocrx_word' id='word_1_61' title='bbox 643 969 708 1012; x_wconf 89' lang='lat' dir='ltr'>oum</span> <span class='ocrx_word' id='word_1_62' title='bbox 741 950 816 1012; x_wconf 93' lang='lat' dir='ltr'>nihil</span> <span class='ocrx_word' id='word_1_63' title='bbox 838 969 893 1029; x_wconf 91' lang='lat' dir='ltr'>pro</span> <span class='ocrx_word' id='word_1_64' title='bbox 916 968 950 1010; x_wconf 89' lang='lat' dir='ltr'>se</span> <span class='ocrx_word' id='word_1_65' title='bbox 973 951 1191 1011; x_wconf 88' lang='lat' dir='ltr'>Fracastoreus</span> <span class='ocrx_word' id='word_1_66' title='bbox 1220 948 1351 1023; x_wconf 81' lang='lat' dir='ltr'>habeat,</span> <span class='ocrx_word' id='word_1_67' title='bbox 1385 954 1487 1027; x_wconf 84' lang='lat' dir='ltr'>praeter</span> 
     </span>
     <span class='ocr_line' id='line_1_8' title="bbox 143 1035 1486 1120; baseline -0.004 -16"><span class='ocrx_word' id='word_1_68' title='bbox 143 1060 282 1104; x_wconf 88' lang='lat' dir='ltr'>numeros</span> <span class='ocrx_word' id='word_1_69' title='bbox 311 1049 466 1102; x_wconf 90' lang='lat' dir='ltr'>secuturos</span> <span class='ocrx_word' id='word_1_70' title='bbox 502 1059 611 1120; x_wconf 89' lang='lat' dir='ltr'>eosque</span> <span class='ocrx_word' id='word_1_71' title='bbox 639 1040 723 1100; x_wconf 89' lang='lat' dir='ltr'>varie</span> <span class='ocrx_word' id='word_1_72' title='bbox 747 1039 776 1100; x_wconf 94' lang='lat' dir='ltr'>in</span> <span class='ocrx_word' id='word_1_73' title='bbox 796 1038 1018 1118; x_wconf 79' lang='lat' dir='ltr'>exemplaribus</span> <span class='ocrx_word' id='word_1_74' title='bbox 1041 1039 1239 1118; x_wconf 83' lang='lat' dir='ltr'>depravatos,</span> <span class='ocrx_word' id='word_1_75' title='bbox 1273 1037 1332 1099; x_wconf 86' lang='lat' dir='ltr'>hoe</span> <span class='ocrx_word' id='word_1_76' title='bbox 1361 1035 1392 1098; x_wconf 90' lang='grc' dir='ltr'>ιιι</span> <span class='ocrx_word' id='word_1_77' title='bbox 1414 1054 1486 1099; x_wconf 78' lang='lat' dir='ltr'>cansa</span> 
     </span>
     <span class='ocr_line' id='line_1_9' title="bbox 143 1125 1484 1207; baseline -0.004 -14"><span class='ocrx_word' id='word_1_78' title='bbox 143 1149 263 1194; x_wconf 90' lang='lat' dir='ltr'>manere</span> <span class='ocrx_word' id='word_1_79' title='bbox 286 1129 436 1201; x_wconf 86' lang='lat' dir='ltr'>existimo,</span> <span class='ocrx_word' id='word_1_80' title='bbox 462 1129 536 1190; x_wconf 91' lang='lat' dir='ltr'>duos</span> <span class='ocrx_word' id='word_1_81' title='bbox 559 1129 767 1190; x_wconf 87' lang='lat' dir='ltr'>tantummodo</span> <span class='ocrx_word' id='word_1_82' title='bbox 783 1127 848 1190; x_wconf 89' lang='lat' dir='ltr'>Soli</span> <span class='ocrx_word' id='word_1_83' title='bbox 871 1138 903 1189; x_wconf 93' lang='lat' dir='ltr'>et</span> <span class='ocrx_word' id='word_1_84' title='bbox 917 1128 1021 1188; x_wconf 89' lang='lat' dir='ltr'>Lunae</span> <span class='ocrx_word' id='word_1_85' title='bbox 1046 1128 1134 1189; x_wconf 90' lang='lat' dir='ltr'>orbes</span> <span class='ocrx_word' id='word_1_86' title='bbox 1158 1147 1178 1188; x_wconf 91' lang='lat' dir='ltr'>a</span> <span class='ocrx_word' id='word_1_87' title='bbox 1200 1125 1333 1207; x_wconf 86' lang='lat' dir='ltr'>Calippo</span> <span class='ocrx_word' id='word_1_88' title='bbox 1357 1125 1484 1205; x_wconf 83' lang='lat' dir='ltr'>adjectos,</span> 
     </span>
     <span class='ocr_line' id='line_1_10' title="bbox 143 1215 1485 1299; baseline -0.005 -18"><span class='ocrx_word' id='word_1_89' title='bbox 143 1237 200 1281; x_wconf 89' lang='lat' dir='ltr'>nou</span> <span class='ocrx_word' id='word_1_90' title='bbox 234 1227 374 1299; x_wconf 89' lang='lat' dir='ltr'>quatuor,</span> <span class='ocrx_word' id='word_1_91' title='bbox 409 1218 438 1279; x_wconf 93' lang='lat' dir='ltr'>h.</span> <span class='ocrx_word' id='word_1_92' title='bbox 464 1237 492 1278; x_wconf 91' lang='lat' dir='ltr'>e.</span> <span class='ocrx_word' id='word_1_93' title='bbox 523 1219 627 1298; x_wconf 85' lang='lat' dir='ltr'>cuique</span> <span class='ocrx_word' id='word_1_94' title='bbox 659 1237 762 1292; x_wconf 90' lang='lat' dir='ltr'>unnm;</span> <span class='ocrx_word' id='word_1_95' title='bbox 797 1217 931 1279; x_wconf 89' lang='lat' dir='ltr'>additum</span> <span class='ocrx_word' id='word_1_96' title='bbox 956 1236 1026 1278; x_wconf 80' lang='lat' dir='ltr'>vero</span> <span class='ocrx_word' id='word_1_97' title='bbox 1059 1216 1185 1294; x_wconf 83' lang='lat' dir='ltr'>singulis</span> <span class='ocrx_word' id='word_1_98' title='bbox 1214 1234 1253 1277; x_wconf 86' lang='lat' dir='ltr'>ex</span> <span class='ocrx_word' id='word_1_99' title='bbox 1282 1215 1413 1296; x_wconf 91' lang='lat' dir='ltr'>quinque</span> <span class='ocrx_word' id='word_1_100' title='bbox 1443 1231 1485 1275; x_wconf 88' lang='lat' dir='ltr'>nou</span> 
     </span>
     <span class='ocr_line' id='line_1_11' title="bbox 143 1303 1485 1381; baseline -0.004 -12"><span class='ocrx_word' id='word_1_101' title='bbox 143 1307 352 1369; x_wconf 79' lang='lat' dir='ltr'>declinationis</span> <span class='ocrx_word' id='word_1_102' title='bbox 382 1316 435 1369; x_wconf 90' lang='lat' dir='ltr'>aut</span> <span class='ocrx_word' id='word_1_103' title='bbox 457 1306 641 1381; x_wconf 88' lang='lat' dir='ltr'>latitudinis,</span> <span class='ocrx_word' id='word_1_104' title='bbox 671 1308 725 1368; x_wconf 90' lang='lat' dir='ltr'>sed</span> <span class='ocrx_word' id='word_1_105' title='bbox 754 1305 989 1368; x_wconf 88' lang='lat' dir='ltr'>eccentricitatis</span> <span class='ocrx_word' id='word_1_106' title='bbox 1017 1305 1191 1366; x_wconf 84' lang='lat' dir='ltr'>efficiendae</span> <span class='ocrx_word' id='word_1_107' title='bbox 1215 1324 1321 1367; x_wconf 73' lang='lat' dir='ltr'>causa</span> <span class='ocrx_word' id='word_1_108' title='bbox 1372 1303 1485 1366; x_wconf 84' lang='lat' dir='ltr'>Videant</span> 
     </span>
     <span class='ocr_line' id='line_1_12' title="bbox 144 1391 1485 1474; baseline -0.003 -16"><span class='ocrx_word' id='word_1_109' title='bbox 144 1397 210 1472; x_wconf 84' lang='lat' dir='ltr'>alii,</span> <span class='ocrx_word' id='word_1_110' title='bbox 243 1416 282 1457; x_wconf 89' lang='lat' dir='ltr'>an</span> <span class='ocrx_word' id='word_1_111' title='bbox 306 1396 374 1457; x_wconf 91' lang='lat' dir='ltr'>sola</span> <span class='ocrx_word' id='word_1_112' title='bbox 396 1415 584 1456; x_wconf 88' lang='lat' dir='ltr'>numerorum</span> <span class='ocrx_word' id='word_1_113' title='bbox 603 1396 764 1457; x_wconf 90' lang='lat' dir='ltr'>concordia</span> <span class='ocrx_word' id='word_1_114' title='bbox 787 1395 931 1468; x_wconf 83' lang='lat' dir='ltr'>sufficiat,</span> <span class='ocrx_word' id='word_1_115' title='bbox 963 1402 997 1455; x_wconf 94' lang='lat' dir='ltr'>ut</span> <span class='ocrx_word' id='word_1_116' title='bbox 1014 1394 1201 1468; x_wconf 86' lang='lat' dir='ltr'>statuamus,</span> <span class='ocrx_word' id='word_1_117' title='bbox 1231 1392 1389 1474; x_wconf 80' lang='lat' dir='ltr'>cognitam</span> <span class='ocrx_word' id='word_1_118' title='bbox 1412 1391 1485 1455; x_wconf 83' lang='lat' dir='ltr'>luisse</span> 
     </span>
     <span class='ocr_line' id='line_1_13' title="bbox 143 1481 1483 1564; baseline -0.005 -15"><span class='ocrx_word' id='word_1_119' title='bbox 143 1484 271 1564; x_wconf 82' lang='lat' dir='ltr'>Calippo</span> <span class='ocrx_word' id='word_1_120' title='bbox 301 1484 450 1564; x_wconf 82' lang='lat' dir='ltr'>geminam</span> <span class='ocrx_word' id='word_1_121' title='bbox 474 1485 503 1545; x_wconf 92' lang='lat' dir='ltr'>in</span> <span class='ocrx_word' id='word_1_122' title='bbox 528 1486 614 1546; x_wconf 88' lang='lat' dir='ltr'>Luna</span> <span class='ocrx_word' id='word_1_123' title='bbox 649 1484 909 1564; x_wconf 77' lang='lat' dir='ltr'>inaequalitatem,</span> <span class='ocrx_word' id='word_1_124' title='bbox 943 1484 983 1544; x_wconf 93' lang='lat' dir='ltr'>ad</span> <span class='ocrx_word' id='word_1_125' title='bbox 1007 1483 1091 1562; x_wconf 84' lang='lat' dir='ltr'>cujus</span> <span class='ocrx_word' id='word_1_126' title='bbox 1115 1491 1248 1545; x_wconf 92' lang='lat' dir='ltr'>motuum</span> <span class='ocrx_word' id='word_1_127' title='bbox 1276 1481 1483 1545; x_wconf 82' lang='lat' dir='ltr'>similitudinem</span> 
     </span>
     <span class='ocr_line' id='line_1_14' title="bbox 143 1571 1484 1654; baseline -0.004 -18"><span class='ocrx_word' id='word_1_128' title='bbox 143 1574 235 1636; x_wconf 91' lang='lat' dir='ltr'>etiam</span> <span class='ocrx_word' id='word_1_129' title='bbox 266 1573 348 1636; x_wconf 87' lang='lat' dir='ltr'>Solis</span> <span class='ocrx_word' id='word_1_130' title='bbox 384 1574 630 1654; x_wconf 81' lang='lat' dir='ltr'>inaequalitatem</span> <span class='ocrx_word' id='word_1_131' title='bbox 663 1574 812 1653; x_wconf 87' lang='lat' dir='ltr'>geminam</span> <span class='ocrx_word' id='word_1_132' title='bbox 847 1572 963 1634; x_wconf 86' lang='lat' dir='ltr'>tecerit.</span> <span class='ocrx_word' id='word_1_133' title='bbox 1015 1574 1140 1634; x_wconf 88' lang='lat' dir='ltr'>Manent</span> <span class='ocrx_word' id='word_1_134' title='bbox 1172 1571 1263 1651; x_wconf 84' lang='lat' dir='ltr'>igitur</span> <span class='ocrx_word' id='word_1_135' title='bbox 1296 1572 1356 1634; x_wconf 90' lang='lat' dir='ltr'>hac</span> <span class='ocrx_word' id='word_1_136' title='bbox 1387 1572 1484 1633; x_wconf 76' lang='grc' dir='ltr'>ιιιιιιι</span> 
     </span>
     <span class='ocr_line' id='line_1_15' title="bbox 139 1658 1485 1743; baseline -0.002 -19"><span class='ocrx_word' id='word_1_137' title='bbox 139 1660 159 1741; x_wconf 70' lang='lat'><strong>5</strong></span> <span class='ocrx_word' id='word_1_138' title='bbox 184 1671 215 1724; x_wconf 91' lang='lat' dir='ltr'>et</span> <span class='ocrx_word' id='word_1_139' title='bbox 236 1662 267 1736; x_wconf 85' lang='grc' dir='ltr'>ιι</span> <span class='ocrx_word' id='word_1_140' title='bbox 290 1663 378 1723; x_wconf 91' lang='lat' dir='ltr'>orbes</span> <span class='ocrx_word' id='word_1_141' title='bbox 402 1662 556 1743; x_wconf 85' lang='lat' dir='ltr'>quaterni,</span> <span class='ocrx_word' id='word_1_142' title='bbox 591 1671 629 1736; x_wconf 70' lang='grc' dir='ltr'>ό,</span> <span class='ocrx_word' id='word_1_143' title='bbox 654 1666 689 1740; x_wconf 71' lang='grc' dir='ltr'>ιι,</span> <span class='ocrx_word' id='word_1_144' title='bbox 720 1662 745 1735; x_wconf 76' lang='grc' dir='ltr'><strong>Ω</strong></span> <span class='ocrx_word' id='word_1_145' title='bbox 770 1663 892 1724; x_wconf 90' lang='lat' dir='ltr'>veniunt</span> <span class='ocrx_word' id='word_1_146' title='bbox 914 1662 1003 1723; x_wconf 88' lang='lat' dir='ltr'>urbes</span> <span class='ocrx_word' id='word_1_147' title='bbox 1028 1661 1121 1741; x_wconf 89' lang='lat' dir='ltr'>quini,</span> <span class='ocrx_word' id='word_1_148' title='bbox 1151 1658 1191 1737; x_wconf 80' lang='grc' dir='ltr'>Θ</span> <span class='ocrx_word' id='word_1_149' title='bbox 1212 1670 1245 1722; x_wconf 91' lang='lat' dir='ltr'>et</span> <span class='ocrx_word' id='word_1_150' title='bbox 1267 1662 1295 1733; x_wconf 69' lang='lat' dir='ltr'>J)</span> <span class='ocrx_word' id='word_1_151' title='bbox 1325 1660 1433 1722; x_wconf 85' lang='lat' dir='ltr'>intimis</span> <span class='ocrx_word' id='word_1_152' title='bbox 1450 1658 1485 1734; x_wconf 85' lang='lat' dir='ltr'>(iu</span> 
     </span>
     <span class='ocr_line' id='line_1_16' title="bbox 142 1749 1485 1831; baseline -0.001 -18"><span class='ocrx_word' id='word_1_153' title='bbox 142 1751 340 1814; x_wconf 79' lang='lat' dir='ltr'>Aristotelico</span> <span class='ocrx_word' id='word_1_154' title='bbox 365 1752 559 1831; x_wconf 88' lang='lat' dir='ltr'>sphaerarum</span> <span class='ocrx_word' id='word_1_155' title='bbox 578 1752 697 1824; x_wconf 86' lang='lat' dir='ltr'>ordine)</span> <span class='ocrx_word' id='word_1_156' title='bbox 727 1750 833 1812; x_wconf 88' lang='lat' dir='ltr'>itidem</span> <span class='ocrx_word' id='word_1_157' title='bbox 852 1749 999 1830; x_wconf 89' lang='lat' dir='ltr'>quatemi.</span> <span class='ocrx_word' id='word_1_158' title='bbox 1040 1750 1119 1812; x_wconf 89' lang='lat' dir='ltr'>Hinc</span> <span class='ocrx_word' id='word_1_159' title='bbox 1148 1751 1197 1812; x_wconf 85' lang='lat' dir='ltr'>lux</span> <span class='ocrx_word' id='word_1_160' title='bbox 1221 1750 1349 1813; x_wconf 82' lang='lat' dir='ltr'>affertur</span> <span class='ocrx_word' id='word_1_161' title='bbox 1377 1749 1485 1811; x_wconf 88' lang='lat' dir='ltr'>obscuro</span> 
     </span>
     <span class='ocr_line' id='line_1_17' title="bbox 139 1837 1484 1919; baseline -0.004 -16"><span class='ocrx_word' id='word_1_162' title='bbox 139 1840 316 1903; x_wconf 88' lang='lat' dir='ltr'>Aristotelis</span> <span class='ocrx_word' id='word_1_163' title='bbox 340 1841 405 1901; x_wconf 90' lang='lat' dir='ltr'>loco</span> <span class='ocrx_word' id='word_1_164' title='bbox 435 1840 486 1901; x_wconf 92' lang='lat' dir='ltr'>lib.</span> <span class='ocrx_word' id='word_1_165' title='bbox 512 1842 552 1902; x_wconf 89' lang='lat'>11.</span> <span class='ocrx_word' id='word_1_166' title='bbox 582 1841 619 1901; x_wconf 88' lang='lat' dir='ltr'>de</span> <span class='ocrx_word' id='word_1_167' title='bbox 648 1841 731 1901; x_wconf 90' lang='lat' dir='ltr'>coelo</span> <span class='ocrx_word' id='word_1_168' title='bbox 760 1859 827 1919; x_wconf 85' lang='lat' dir='ltr'>cap.</span> <span class='ocrx_word' id='word_1_169' title='bbox 856 1837 905 1902; x_wconf 81' lang='lat'>12.</span> <span class='ocrx_word' id='word_1_170' title='bbox 953 1839 1009 1901; x_wconf 92' lang='lat' dir='ltr'>Ait</span> <span class='ocrx_word' id='word_1_171' title='bbox 1031 1840 1071 1901; x_wconf 93' lang='lat' dir='ltr'>ibi</span> <span class='ocrx_word' id='word_1_172' title='bbox 1096 1839 1297 1901; x_wconf 88' lang='lat' dir='ltr'>Aristoteles:</span> <span class='ocrx_word' id='word_1_173' title='bbox 1330 1839 1407 1919; x_wconf 80' lang='lat' dir='ltr'>„qui</span> <span class='ocrx_word' id='word_1_174' title='bbox 1429 1838 1484 1918; x_wconf 87' lang='lat' dir='ltr'>pls-</span> 
     </span>
     <span class='ocr_line' id='line_1_18' title="bbox 86 1925 1484 2008; baseline -0.001 -18"><span class='ocrx_word' id='word_1_175' title='bbox 86 1976 89 1990; x_wconf 93' lang='grc'>,</span> <span class='ocrx_word' id='word_1_176' title='bbox 141 1937 230 1992; x_wconf 85' lang='lat' dir='ltr'>netas</span> <span class='ocrx_word' id='word_1_177' title='bbox 254 1929 382 1991; x_wconf 87' lang='lat' dir='ltr'>medium</span> <span class='ocrx_word' id='word_1_178' title='bbox 408 1938 544 1997; x_wconf 88' lang='lat' dir='ltr'>teneant,</span> <span class='ocrx_word' id='word_1_179' title='bbox 579 1950 631 1991; x_wconf 91' lang='lat' dir='ltr'>eos</span> <span class='ocrx_word' id='word_1_180' title='bbox 653 1929 788 2007; x_wconf 92' lang='lat' dir='ltr'>pluribus</span> <span class='ocrx_word' id='word_1_181' title='bbox 817 1929 948 1991; x_wconf 89' lang='lat' dir='ltr'>motibus</span> <span class='ocrx_word' id='word_1_182' title='bbox 972 1929 1077 1990; x_wconf 85' lang='lat' dir='ltr'>cieri.“</span> <span class='ocrx_word' id='word_1_183' title='bbox 1122 1930 1239 2008; x_wconf 87' lang='lat' dir='ltr'>Nempe</span> <span class='ocrx_word' id='word_1_184' title='bbox 1263 1928 1313 1990; x_wconf 89' lang='lat' dir='ltr'>hic</span> <span class='ocrx_word' id='word_1_185' title='bbox 1336 1935 1378 2002; x_wconf 76' lang='grc' dir='ltr'>(ι,</span> <span class='ocrx_word' id='word_1_186' title='bbox 1402 1930 1436 2006; x_wconf 77' lang='grc' dir='ltr'>ιι,</span> <span class='ocrx_word' id='word_1_187' title='bbox 1456 1925 1484 2001; x_wconf 79' lang='grc' dir='ltr'>Ω,</span> 
     </span>
     <span class='ocr_line' id='line_1_19' title="bbox 140 2013 1484 2097; baseline -0.004 -17"><span class='ocrx_word' id='word_1_188' title='bbox 140 2019 230 2081; x_wconf 90' lang='lat' dir='ltr'>medii</span> <span class='ocrx_word' id='word_1_189' title='bbox 254 2020 415 2081; x_wconf 90' lang='lat' dir='ltr'>secundum</span> <span class='ocrx_word' id='word_1_190' title='bbox 439 2019 654 2093; x_wconf 86' lang='lat' dir='ltr'>Aristotelem,</span> <span class='ocrx_word' id='word_1_191' title='bbox 679 2018 777 2097; x_wconf 90' lang='lat' dir='ltr'>quinis</span> <span class='ocrx_word' id='word_1_192' title='bbox 801 2018 931 2079; x_wconf 89' lang='lat' dir='ltr'>motibus</span> <span class='ocrx_word' id='word_1_193' title='bbox 956 2016 1082 2092; x_wconf 86' lang='lat' dir='ltr'>cientur,</span> <span class='ocrx_word' id='word_1_194' title='bbox 1106 2013 1126 2091; x_wconf 79' lang='grc' dir='ltr'>ιι</span> <span class='ocrx_word' id='word_1_195' title='bbox 1149 2026 1183 2079; x_wconf 92' lang='lat' dir='ltr'>et</span> <span class='ocrx_word' id='word_1_196' title='bbox 1203 2016 1234 2092; x_wconf 87' lang='grc' dir='ltr'>ιι</span> <span class='ocrx_word' id='word_1_197' title='bbox 1256 2016 1382 2091; x_wconf 91' lang='lat' dir='ltr'>summi,</span> <span class='ocrx_word' id='word_1_198' title='bbox 1407 2013 1484 2093; x_wconf 79' lang='grc' dir='ltr'>Θιι</span> 
     </span>
     <span class='ocr_line' id='line_1_20' title="bbox 139 2104 1485 2188; baseline -0.002 -20"><span class='ocrx_word' id='word_1_199' title='bbox 139 2109 166 2180; x_wconf 67' lang='grc' dir='ltr'>ι</span> <span class='ocrx_word' id='word_1_200' title='bbox 197 2107 261 2182; x_wconf 92' lang='lat' dir='ltr'>imi,</span> <span class='ocrx_word' id='word_1_201' title='bbox 292 2109 446 2188; x_wconf 81' lang='lat' dir='ltr'>quaternis</span> <span class='ocrx_word' id='word_1_202' title='bbox 476 2116 604 2169; x_wconf 88' lang='lat' dir='ltr'>tantum.</span> <span class='ocrx_word' id='word_1_203' title='bbox 624 2106 627 2111; x_wconf 82' lang='lat'>&#39;</span> <span class='ocrx_word' id='word_1_204' title='bbox 651 2104 719 2177; x_wconf 82' lang='lat' dir='ltr'>Quo</span> <span class='ocrx_word' id='word_1_205' title='bbox 748 2110 795 2167; x_wconf 88' lang='lat' dir='ltr'>vel</span> <span class='ocrx_word' id='word_1_206' title='bbox 824 2109 889 2168; x_wconf 88' lang='lat' dir='ltr'>solo</span> <span class='ocrx_word' id='word_1_207' title='bbox 920 2107 984 2167; x_wconf 88' lang='lat' dir='ltr'>loco</span> <span class='ocrx_word' id='word_1_208' title='bbox 1015 2116 1121 2167; x_wconf 90' lang='lat' dir='ltr'>nostra</span> <span class='ocrx_word' id='word_1_209' title='bbox 1148 2104 1363 2185; x_wconf 87' lang='lat' dir='ltr'>interpretatio</span> <span class='ocrx_word' id='word_1_210' title='bbox 1396 2113 1485 2168; x_wconf 79' lang='lat' dir='ltr'>conus</span> 
     </span>
     <span class='ocr_line' id='line_1_21' title="bbox 138 2194 1485 2275; baseline -0.003 -17"><span class='ocrx_word' id='word_1_211' title='bbox 138 2199 370 2259; x_wconf 85' lang='lat' dir='ltr'>Fraoastoreum</span> <span class='ocrx_word' id='word_1_212' title='bbox 394 2197 532 2259; x_wconf 91' lang='lat' dir='ltr'>munitur.</span> <span class='ocrx_word' id='word_1_213' title='bbox 579 2197 734 2258; x_wconf 84' lang='lat' dir='ltr'>Hactenus</span> <span class='ocrx_word' id='word_1_214' title='bbox 758 2214 830 2275; x_wconf 85' lang='lat' dir='ltr'>ergo</span> <span class='ocrx_word' id='word_1_215' title='bbox 854 2215 942 2257; x_wconf 90' lang='lat' dir='ltr'>unam</span> <span class='ocrx_word' id='word_1_216' title='bbox 966 2203 1084 2273; x_wconf 90' lang='lat' dir='ltr'>partem</span> <span class='ocrx_word' id='word_1_217' title='bbox 1108 2196 1254 2275; x_wconf 86' lang='lat' dir='ltr'>propositi</span> <span class='ocrx_word' id='word_1_218' title='bbox 1274 2196 1321 2257; x_wconf 89' lang='lat' dir='ltr'>sui</span> <span class='ocrx_word' id='word_1_219' title='bbox 1347 2194 1485 2275; x_wconf 80' lang='lat' dir='ltr'>expedivit</span> 
     </span>
     <span class='ocr_line' id='line_1_22' title="bbox 139 2283 1484 2365; baseline -0.003 -18"><span class='ocrx_word' id='word_1_220' title='bbox 139 2284 338 2358; x_wconf 84' lang='lat' dir='ltr'>Aristoteles,</span> <span class='ocrx_word' id='word_1_221' title='bbox 369 2286 439 2346; x_wconf 93' lang='lat' dir='ltr'>dum</span> <span class='ocrx_word' id='word_1_222' title='bbox 462 2305 554 2364; x_wconf 88' lang='lat' dir='ltr'>supra</span> <span class='ocrx_word' id='word_1_223' title='bbox 577 2286 635 2346; x_wconf 89' lang='lat' dir='ltr'>sibi</span> <span class='ocrx_word' id='word_1_224' title='bbox 659 2284 815 2364; x_wconf 91' lang='lat' dir='ltr'>proposuit</span> <span class='ocrx_word' id='word_1_225' title='bbox 842 2284 1107 2363; x_wconf 63' lang='lat' dir='ltr'>„interrogandos</span> <span class='ocrx_word' id='word_1_226' title='bbox 1138 2284 1186 2365; x_wconf 92' lang='lat' dir='ltr'>qui</span> <span class='ocrx_word' id='word_1_227' title='bbox 1215 2284 1291 2346; x_wconf 86' lang='lat' dir='ltr'>haec</span> <span class='ocrx_word' id='word_1_228' title='bbox 1314 2283 1484 2364; x_wconf 85' lang='lat' dir='ltr'>inquirunt“</span> 
     </span>
     <span class='ocr_line' id='line_1_23' title="bbox 139 2370 1484 2454; baseline -0.001 -18"><span class='ocrx_word' id='word_1_229' title='bbox 139 2374 211 2436; x_wconf 85' lang='lat' dir='ltr'>Jam</span> <span class='ocrx_word' id='word_1_230' title='bbox 234 2373 368 2454; x_wconf 88' lang='lat' dir='ltr'>sequitur</span> <span class='ocrx_word' id='word_1_231' title='bbox 391 2374 491 2435; x_wconf 88' lang='lat' dir='ltr'>altera</span> <span class='ocrx_word' id='word_1_232' title='bbox 513 2393 603 2454; x_wconf 90' lang='lat' dir='ltr'>pars;</span> <span class='ocrx_word' id='word_1_233' title='bbox 635 2373 757 2434; x_wconf 86' lang='lat' dir='ltr'>dicebat</span> <span class='ocrx_word' id='word_1_234' title='bbox 779 2393 906 2454; x_wconf 91' lang='lat' dir='ltr'>namque</span> <span class='ocrx_word' id='word_1_235' title='bbox 930 2373 1061 2452; x_wconf 90' lang='lat' dir='ltr'>„partim</span> <span class='ocrx_word' id='word_1_236' title='bbox 1090 2373 1148 2436; x_wconf 87' lang='lat' dir='ltr'>sibi</span> <span class='ocrx_word' id='word_1_237' title='bbox 1171 2373 1377 2453; x_wconf 87' lang='lat' dir='ltr'>quaerendum</span> <span class='ocrx_word' id='word_1_238' title='bbox 1400 2370 1484 2434; x_wconf 83' lang='lat' dir='ltr'>csse.“</span> 
     </span>
     <span class='ocr_line' id='line_1_24' title="bbox 139 2458 1484 2543; baseline -0.004 -18"><span class='ocrx_word' id='word_1_239' title='bbox 139 2464 244 2542; x_wconf 91' lang='lat' dir='ltr'>ltaque</span> <span class='ocrx_word' id='word_1_240' title='bbox 269 2462 355 2524; x_wconf 88' lang='lat' dir='ltr'>addit</span> <span class='ocrx_word' id='word_1_241' title='bbox 378 2463 422 2533; x_wconf 93' lang='lat' dir='ltr'>(in</span> <span class='ocrx_word' id='word_1_242' title='bbox 447 2464 581 2543; x_wconf 88' lang='lat' dir='ltr'>Metaph.</span> <span class='ocrx_word' id='word_1_243' title='bbox 607 2463 664 2524; x_wconf 91' lang='lat' dir='ltr'>loc.</span> <span class='ocrx_word' id='word_1_244' title='bbox 689 2461 772 2536; x_wconf 91' lang='lat' dir='ltr'>cit.):</span> <span class='ocrx_word' id='word_1_245' title='bbox 804 2464 851 2536; x_wconf 87' lang='lat' dir='ltr'>„si</span> <span class='ocrx_word' id='word_1_246' title='bbox 877 2474 977 2524; x_wconf 91' lang='lat' dir='ltr'>autem</span> <span class='ocrx_word' id='word_1_247' title='bbox 1001 2458 1104 2523; x_wconf 76' lang='lat' dir='ltr'>omnes</span> <span class='ocrx_word' id='word_1_248' title='bbox 1128 2463 1214 2524; x_wconf 88' lang='lat' dir='ltr'>simul</span> <span class='ocrx_word' id='word_1_249' title='bbox 1242 2461 1365 2542; x_wconf 77' lang='lat' dir='ltr'>positae</span> <span class='ocrx_word' id='word_1_250' title='bbox 1389 2461 1484 2523; x_wconf 85' lang='lat' dir='ltr'>debent</span> 
     </span>
     <span class='ocr_line' id='line_1_25' title="bbox 141 2551 1484 2635; baseline -0.003 -23"><span class='ocrx_word' id='word_1_251' title='bbox 141 2551 359 2631; x_wconf 85' lang='lat' dir='ltr'>apparentibus</span> <span class='ocrx_word' id='word_1_252' title='bbox 383 2553 571 2635; x_wconf 79' lang='lat' dir='ltr'>satisfacere,</span> <span class='ocrx_word' id='word_1_253' title='bbox 598 2571 721 2613; x_wconf 88' lang='lat' dir='ltr'>necesse</span> <span class='ocrx_word' id='word_1_254' title='bbox 744 2559 793 2613; x_wconf 88' lang='lat' dir='ltr'>est</span> <span class='ocrx_word' id='word_1_255' title='bbox 817 2552 979 2613; x_wconf 85' lang='lat' dir='ltr'>secundum</span> <span class='ocrx_word' id='word_1_256' title='bbox 1003 2570 1240 2632; x_wconf 88' lang='lat' dir='ltr'>unumquemque</span> <span class='ocrx_word' id='word_1_257' title='bbox 1259 2552 1417 2631; x_wconf 78' lang='lat' dir='ltr'>planetam</span> <span class='ocrx_word' id='word_1_258' title='bbox 1430 2567 1484 2610; x_wconf 86' lang='lat' dir='ltr'>esse</span> 
     </span>
     <span class='ocr_line' id='line_1_26' title="bbox 141 2640 1484 2721; baseline -0.001 -19"><span class='ocrx_word' id='word_1_259' title='bbox 141 2641 218 2702; x_wconf 84' lang='lat' dir='ltr'>alias</span> <span class='ocrx_word' id='word_1_260' title='bbox 243 2641 389 2719; x_wconf 88' lang='lat' dir='ltr'>sphaeras</span> <span class='ocrx_word' id='word_1_261' title='bbox 414 2640 474 2702; x_wconf 83' lang='lat' dir='ltr'>unai</span> <span class='ocrx_word' id='word_1_262' title='bbox 491 2641 663 2721; x_wconf 87' lang='lat' dir='ltr'>pauciores,</span> <span class='ocrx_word' id='word_1_263' title='bbox 689 2659 765 2720; x_wconf 89' lang='lat' dir='ltr'>quae</span> <span class='ocrx_word' id='word_1_264' title='bbox 790 2642 950 2702; x_wconf 88' lang='lat' dir='ltr'>revolvant</span> <span class='ocrx_word' id='word_1_265' title='bbox 973 2640 1066 2700; x_wconf 88' lang='lat' dir='ltr'>etad</span> <span class='ocrx_word' id='word_1_266' title='bbox 1090 2640 1170 2702; x_wconf 91' lang='lat' dir='ltr'>idem</span> <span class='ocrx_word' id='word_1_267' title='bbox 1194 2642 1361 2703; x_wconf 85' lang='lat' dir='ltr'>restituant</span> <span class='ocrx_word' id='word_1_268' title='bbox 1384 2656 1484 2719; x_wconf 73' lang='lat' dir='ltr'>semper</span> 
     </span>
     <span class='ocr_line' id='line_1_27' title="bbox 141 2728 1483 2810; baseline 0.001 -20"><span class='ocrx_word' id='word_1_269' title='bbox 141 2729 268 2810; x_wconf 88' lang='lat' dir='ltr'>primam</span> <span class='ocrx_word' id='word_1_270' title='bbox 292 2730 452 2808; x_wconf 87' lang='lat' dir='ltr'>sphaeram</span> <span class='ocrx_word' id='word_1_271' title='bbox 475 2732 585 2792; x_wconf 83' lang='lat' dir='ltr'>stellae</span> <span class='ocrx_word' id='word_1_272' title='bbox 609 2730 687 2791; x_wconf 81' lang='lat' dir='ltr'>intra</span> <span class='ocrx_word' id='word_1_273' title='bbox 711 2730 884 2791; x_wconf 79' lang='lat' dir='ltr'>ordinatae:</span> <span class='ocrx_word' id='word_1_274' title='bbox 914 2730 970 2790; x_wconf 90' lang='lat' dir='ltr'>hoc</span> <span class='ocrx_word' id='word_1_275' title='bbox 994 2729 1072 2791; x_wconf 90' lang='lat' dir='ltr'>enim</span> <span class='ocrx_word' id='word_1_276' title='bbox 1094 2737 1186 2809; x_wconf 91' lang='lat' dir='ltr'>pacto</span> <span class='ocrx_word' id='word_1_277' title='bbox 1211 2730 1309 2791; x_wconf 92' lang='lat' dir='ltr'>solum</span> <span class='ocrx_word' id='word_1_278' title='bbox 1334 2728 1483 2808; x_wconf 69' lang='lat' dir='ltr'>confinget</span> 
     </span>
     <span class='ocr_line' id='line_1_28' title="bbox 139 2816 1483 2899; baseline -0.001 -20"><span class='ocrx_word' id='word_1_279' title='bbox 139 2819 330 2899; x_wconf 87' lang='lat' dir='ltr'>planetarum</span> <span class='ocrx_word' id='word_1_280' title='bbox 354 2829 453 2880; x_wconf 88' lang='lat' dir='ltr'>motus</span> <span class='ocrx_word' id='word_1_281' title='bbox 477 2829 635 2899; x_wconf 89' lang='lat' dir='ltr'>praestare</span> <span class='ocrx_word' id='word_1_282' title='bbox 659 2819 773 2893; x_wconf 87' lang='lat' dir='ltr'>omnia,</span> <span class='ocrx_word' id='word_1_283' title='bbox 804 2837 880 2898; x_wconf 88' lang='lat' dir='ltr'>quae</span> <span class='ocrx_word' id='word_1_284' title='bbox 904 2819 1086 2897; x_wconf 88' lang='lat' dir='ltr'>apparent.“</span> <span class='ocrx_word' id='word_1_285' title='bbox 1130 2818 1189 2880; x_wconf 87' lang='lat' dir='ltr'>Hic</span> <span class='ocrx_word' id='word_1_286' title='bbox 1212 2838 1260 2880; x_wconf 89' lang='lat' dir='ltr'>me</span> <span class='ocrx_word' id='word_1_287' title='bbox 1283 2816 1427 2881; x_wconf 85' lang='lat' dir='ltr'>aliorsum</span> <span class='ocrx_word' id='word_1_288' title='bbox 1446 2817 1483 2877; x_wconf 90' lang='lat' dir='ltr'>iu·</span> 
     </span>
     <span class='ocr_line' id='line_1_29' title="bbox 139 2906 1483 2987; baseline 0 -18"><span class='ocrx_word' id='word_1_289' title='bbox 139 2908 302 2970; x_wconf 90' lang='lat' dir='ltr'>clinantem</span> <span class='ocrx_word' id='word_1_290' title='bbox 332 2908 551 2969; x_wconf 71' lang='lat' dir='ltr'>lhacastoreus</span> <span class='ocrx_word' id='word_1_291' title='bbox 584 2908 613 2969; x_wconf 92' lang='lat' dir='ltr'>in</span> <span class='ocrx_word' id='word_1_292' title='bbox 642 2909 722 2968; x_wconf 87' lang='lat' dir='ltr'>viam</span> <span class='ocrx_word' id='word_1_293' title='bbox 755 2907 889 2968; x_wconf 81' lang='lat' dir='ltr'>redusit:</span> <span class='ocrx_word' id='word_1_294' title='bbox 921 2907 1057 2987; x_wconf 88' lang='lat' dir='ltr'>quamvis</span> <span class='ocrx_word' id='word_1_295' title='bbox 1090 2907 1119 2969; x_wconf 93' lang='lat' dir='ltr'>in</span> <span class='ocrx_word' id='word_1_296' title='bbox 1150 2907 1330 2986; x_wconf 88' lang='lat' dir='ltr'>quibusdam</span> <span class='ocrx_word' id='word_1_297' title='bbox 1364 2907 1402 2969; x_wconf 90' lang='lat' dir='ltr'>ah</span> <span class='ocrx_word' id='word_1_298' title='bbox 1430 2906 1483 2985; x_wconf 73' lang='lat' dir='ltr'>&#39;pitu</span> 
     </span>
     <span class='ocr_line' id='line_1_30' title="bbox 139 2992 1527 3097; baseline -0.001 -39"><span class='ocrx_word' id='word_1_299' title='bbox 139 2997 301 3059; x_wconf 89' lang='lat' dir='ltr'>etiamnum</span> <span class='ocrx_word' id='word_1_300' title='bbox 325 2996 513 3070; x_wconf 90' lang='lat' dir='ltr'>dissentiam,</span> <span class='ocrx_word' id='word_1_301' title='bbox 540 3015 664 3077; x_wconf 90' lang='lat' dir='ltr'>quorum</span> <span class='ocrx_word' id='word_1_302' title='bbox 687 2997 743 3058; x_wconf 90' lang='lat' dir='ltr'>hoc</span> <span class='ocrx_word' id='word_1_303' title='bbox 767 2997 894 3097; x_wconf 88' lang='lat' dir='ltr'>primum</span> <span class='ocrx_word' id='word_1_304' title='bbox 917 3005 975 3068; x_wconf 84' lang='lat' dir='ltr'>est,</span> <span class='ocrx_word' id='word_1_305' title='bbox 1000 2996 1078 3076; x_wconf 92' lang='lat' dir='ltr'>quod</span> <span class='ocrx_word' id='word_1_306' title='bbox 1102 3015 1178 3076; x_wconf 89' lang='lat' dir='ltr'>quae</span> <span class='ocrx_word' id='word_1_307' title='bbox 1202 2996 1251 3058; x_wconf 89' lang='lat' dir='ltr'>hic</span> <span class='ocrx_word' id='word_1_308' title='bbox 1275 2997 1316 3058; x_wconf 90' lang='lat' dir='ltr'>ab</span> <span class='ocrx_word' id='word_1_309' title='bbox 1330 2992 1482 3059; x_wconf 74' lang='lat' dir='ltr'>Aristotele</span> <span class='ocrx_word' id='word_1_310' title='bbox 1525 3000 1527 3005; x_wconf 87' lang='lat'>&#39;</span> 
     </span>
     <span class='ocr_line' id='line_1_31' title="bbox 139 3083 1482 3165; baseline 0.001 -19"><span class='ocrx_word' id='word_1_311' title='bbox 139 3086 205 3165; x_wconf 90' lang='lat' dir='ltr'>ipso</span> <span class='ocrx_word' id='word_1_312' title='bbox 230 3086 446 3147; x_wconf 89' lang='lat' dir='ltr'>subnectuntur</span> <span class='ocrx_word' id='word_1_313' title='bbox 474 3086 682 3164; x_wconf 90' lang='lat' dir='ltr'>philosophica</span> <span class='ocrx_word' id='word_1_314' title='bbox 705 3086 812 3164; x_wconf 84' lang='lat' dir='ltr'>magis,</span> <span class='ocrx_word' id='word_1_315' title='bbox 838 3105 925 3165; x_wconf 90' lang='lat' dir='ltr'>quam</span> <span class='ocrx_word' id='word_1_316' title='bbox 940 3084 1153 3159; x_wconf 84' lang='lat' dir='ltr'>astronomica,</span> <span class='ocrx_word' id='word_1_317' title='bbox 1178 3085 1242 3165; x_wconf 90' lang='lat' dir='ltr'>ipse</span> <span class='ocrx_word' id='word_1_318' title='bbox 1262 3085 1358 3148; x_wconf 88' lang='lat' dir='ltr'>etiarn</span> <span class='ocrx_word' id='word_1_319' title='bbox 1372 3083 1482 3164; x_wconf 71' lang='lat' dir='ltr'>calippo</span> 
     </span>
     <span class='ocr_line' id='line_1_32' title="bbox 139 3172 1527 3255; baseline 0 -20"><span class='ocrx_word' id='word_1_320' title='bbox 139 3173 258 3248; x_wconf 89' lang='lat' dir='ltr'>tribuit,</span> <span class='ocrx_word' id='word_1_321' title='bbox 294 3174 373 3253; x_wconf 93' lang='lat' dir='ltr'>quod</span> <span class='ocrx_word' id='word_1_322' title='bbox 405 3173 628 3235; x_wconf 88' lang='lat' dir='ltr'>inconsiderate</span> <span class='ocrx_word' id='word_1_323' title='bbox 657 3175 780 3237; x_wconf 84' lang='lat' dir='ltr'>factum.</span> <span class='ocrx_word' id='word_1_324' title='bbox 827 3176 933 3254; x_wconf 88' lang='lat' dir='ltr'>ltaque</span> <span class='ocrx_word' id='word_1_325' title='bbox 961 3174 1106 3236; x_wconf 83' lang='lat' dir='ltr'>Eudoxus</span> <span class='ocrx_word' id='word_1_326' title='bbox 1137 3182 1169 3236; x_wconf 90' lang='lat' dir='ltr'>et</span> <span class='ocrx_word' id='word_1_327' title='bbox 1192 3173 1344 3255; x_wconf 85' lang='lat' dir='ltr'>Calippus</span> <span class='ocrx_word' id='word_1_328' title='bbox 1372 3172 1481 3236; x_wconf 83' lang='lat' dir='ltr'>totidem</span> <span class='ocrx_word' id='word_1_329' title='bbox 1525 3230 1527 3235; x_wconf 90' lang='lat'><em>.</em></span> 
     </span>
     <span class='ocr_line' id='line_1_33' title="bbox 140 3263 1527 3343; baseline 0.002 -20"><span class='ocrx_word' id='word_1_330' title='bbox 140 3263 334 3342; x_wconf 92' lang='lat' dir='ltr'>ponebant&#39;</span> <span class='ocrx_word' id='word_1_331' title='bbox 326 3282 355 3322; x_wconf 93' lang='lat' dir='ltr'>m</span> <span class='ocrx_word' id='word_1_332' title='bbox 385 3263 510 3341; x_wconf 83' lang='lat' dir='ltr'>singulis</span> <span class='ocrx_word' id='word_1_333' title='bbox 541 3264 733 3341; x_wconf 90' lang='lat' dir='ltr'>planetarum</span> <span class='ocrx_word' id='word_1_334' title='bbox 760 3264 898 3343; x_wconf 85' lang='lat' dir='ltr'>sphaeris</span> <span class='ocrx_word' id='word_1_335' title='bbox 926 3265 1029 3338; x_wconf 88' lang='lat' dir='ltr'>orbes,</span> <span class='ocrx_word' id='word_1_336' title='bbox 1063 3271 1136 3343; x_wconf 90' lang='lat' dir='ltr'>quot</span> <span class='ocrx_word' id='word_1_337' title='bbox 1163 3272 1297 3325; x_wconf 87' lang='lat' dir='ltr'>motuum</span> <span class='ocrx_word' id='word_1_338' title='bbox 1328 3264 1527 3327; x_wconf 67' lang='lat' dir='ltr'>varietates</span> 
     </span>
     <span class='ocr_line' id='line_1_34' title="bbox 141 3310 1527 3455; baseline 0.001 -43"><span class='ocrx_word' id='word_1_339' title='bbox 141 3350 472 3430; x_wconf 88' lang='lat' dir='ltr'>deprehendebantur</span> <span class='ocrx_word' id='word_1_340' title='bbox 464 3371 493 3412; x_wconf 90' lang='grc' dir='ltr'>ιιι</span> <span class='ocrx_word' id='word_1_341' title='bbox 518 3353 618 3414; x_wconf 85' lang='lat' dir='ltr'>st.ella</span> <span class='ocrx_word' id='word_1_342' title='bbox 664 3353 851 3415; x_wconf 82' lang='lat' dir='ltr'>Aristoteles</span> <span class='ocrx_word' id='word_1_343' title='bbox 880 3310 1076 3455; x_wconf 75' lang='lat' dir='ltr'>philosophus</span> <span class='ocrx_word' id='word_1_344' title='bbox 1104 3352 1199 3414; x_wconf 92' lang='lat' dir='ltr'>utitur</span> <span class='ocrx_word' id='word_1_345' title='bbox 1222 3353 1377 3415; x_wconf 81' lang='lat' dir='ltr'>axiomata</span> <span class='ocrx_word' id='word_1_346' title='bbox 1397 3350 1527 3433; x_wconf 84' lang='lat' dir='ltr'>phib-</span> 
     </span>
     <span class='ocr_line' id='line_1_35' title="bbox 140 3408 1527 3520; baseline 0.001 -20"><span class='ocrx_word' id='word_1_347' title='bbox 140 3440 279 3520; x_wconf 88' lang='lat' dir='ltr'>sophico,</span> <span class='ocrx_word' id='word_1_348' title='bbox 312 3440 473 3519; x_wconf 90' lang='lat' dir='ltr'>superioris</span> <span class='ocrx_word' id='word_1_349' title='bbox 504 3451 618 3502; x_wconf 91' lang='lat' dir='ltr'>motum</span> <span class='ocrx_word' id='word_1_350' title='bbox 649 3442 797 3520; x_wconf 90' lang='lat' dir='ltr'>sphaerae</span> <span class='ocrx_word' id='word_1_351' title='bbox 827 3441 1039 3503; x_wconf 86' lang='lat' dir='ltr'>communicari</span> <span class='ocrx_word' id='word_1_352' title='bbox 1069 3459 1136 3502; x_wconf 90' lang='lat' dir='ltr'>oum</span> <span class='ocrx_word' id='word_1_353' title='bbox 1165 3440 1377 3518; x_wconf 79' lang='lat' dir='ltr'>interioribus,</span> <span class='ocrx_word' id='word_1_354' title='bbox 1407 3440 1479 3519; x_wconf 79' lang='lat' dir='ltr'>inqu</span> <span class='ocrx_word' id='word_1_355' title='bbox 1524 3408 1527 3509; x_wconf 71' lang='grc' dir='ltr'>ι</span> 
     </span>
     <span class='ocr_line' id='line_1_36' title="bbox 140 3490 1527 3612; baseline -0.002 -22"><span class='ocrx_word' id='word_1_356' title='bbox 140 3537 229 3609; x_wconf 91' lang='lat' dir='ltr'>raptu</span> <span class='ocrx_word' id='word_1_357' title='bbox 253 3530 394 3612; x_wconf 89' lang='lat' dir='ltr'>quodam,</span> <span class='ocrx_word' id='word_1_358' title='bbox 425 3537 458 3591; x_wconf 92' lang='lat' dir='ltr'>ut</span> <span class='ocrx_word' id='word_1_359' title='bbox 480 3539 668 3610; x_wconf 89' lang='lat' dir='ltr'>quotcunque</span> <span class='ocrx_word' id='word_1_360' title='bbox 692 3530 822 3592; x_wconf 90' lang='lat' dir='ltr'>motibus</span> <span class='ocrx_word' id='word_1_361' title='bbox 852 3531 982 3591; x_wconf 90' lang='lat' dir='ltr'>cieretur</span> <span class='ocrx_word' id='word_1_362' title='bbox 1004 3530 1107 3609; x_wconf 90' lang='lat' dir='ltr'>aliqua</span> <span class='ocrx_word' id='word_1_363' title='bbox 1129 3530 1282 3610; x_wconf 89' lang='lat' dir='ltr'>superior,</span> <span class='ocrx_word' id='word_1_364' title='bbox 1315 3490 1527 3594; x_wconf 80' lang='lat' dir='ltr'>totidemet&#39;</span> 
     </span>
     <span class='ocr_line' id='line_1_37' title="bbox 139 3556 1527 3700; baseline 0.001 -21"><span class='ocrx_word' id='word_1_365' title='bbox 139 3637 243 3679; x_wconf 90' lang='lat' dir='ltr'>omnes</span> <span class='ocrx_word' id='word_1_366' title='bbox 267 3618 353 3692; x_wconf 90' lang='lat' dir='ltr'>illas,</span> <span class='ocrx_word' id='word_1_367' title='bbox 383 3637 459 3699; x_wconf 89' lang='lat' dir='ltr'>quae</span> <span class='ocrx_word' id='word_1_368' title='bbox 482 3617 563 3680; x_wconf 84' lang='lat' dir='ltr'>infra</span> <span class='ocrx_word' id='word_1_369' title='bbox 585 3619 663 3681; x_wconf 89' lang='lat' dir='ltr'>hanc</span> <span class='ocrx_word' id='word_1_370' title='bbox 687 3619 762 3691; x_wconf 92' lang='lat' dir='ltr'>sint,</span> <span class='ocrx_word' id='word_1_371' title='bbox 793 3619 884 3694; x_wconf 87' lang='lat' dir='ltr'>cieri,</span> <span class='ocrx_word' id='word_1_372' title='bbox 914 3618 972 3680; x_wconf 88' lang='lat' dir='ltr'>nisi</span> <span class='ocrx_word' id='word_1_373' title='bbox 994 3618 1164 3680; x_wconf 85' lang='lat' dir='ltr'>renitantur</span> <span class='ocrx_word' id='word_1_374' title='bbox 1191 3619 1314 3700; x_wconf 89' lang='lat' dir='ltr'>proprio</span> <span class='ocrx_word' id='word_1_375' title='bbox 1346 3629 1381 3683; x_wconf 83' lang='lat' dir='ltr'>et</span> <span class='ocrx_word' id='word_1_376' title='bbox 1404 3616 1478 3681; x_wconf 68' lang='lat' dir='ltr'>insito</span> <span class='ocrx_word' id='word_1_377' title='bbox 1522 3556 1527 3685; x_wconf 74' lang='grc' dir='ltr'>ι</span> 
     </span>
     <span class='ocr_line' id='line_1_38' title="bbox 139 3698 1527 3809; baseline -0.001 -41"><span class='ocrx_word' id='word_1_378' title='bbox 139 3708 269 3809; x_wconf 85' lang='lat' dir='ltr'>quodam</span> <span class='ocrx_word' id='word_1_379' title='bbox 292 3716 391 3769; x_wconf 91' lang='lat' dir='ltr'>motus</span> <span class='ocrx_word' id='word_1_380' title='bbox 415 3707 570 3788; x_wconf 92' lang='lat' dir='ltr'>principio.</span> <span class='ocrx_word' id='word_1_381' title='bbox 618 3709 724 3788; x_wconf 89' lang='lat' dir='ltr'>ltaque</span> <span class='ocrx_word' id='word_1_382' title='bbox 749 3708 818 3788; x_wconf 89' lang='lat' dir='ltr'>quia</span> <span class='ocrx_word' id='word_1_383' title='bbox 841 3708 970 3809; x_wconf 78' lang='lat' dir='ltr'>exempli</span> <span class='ocrx_word' id='word_1_384' title='bbox 994 3708 1097 3787; x_wconf 80' lang='lat' dir='ltr'>gratia</span> <span class='ocrx_word' id='word_1_385' title='bbox 1119 3704 1330 3785; x_wconf 72' lang='lat' dir='ltr'>imusborhis</span> <span class='ocrx_word' id='word_1_386' title='bbox 1353 3698 1478 3772; x_wconf 65' lang='lat' dir='ltr'>masat</span> <span class='ocrx_word' id='word_1_387' title='bbox 1523 3700 1527 3785; x_wconf 85' lang='grc' dir='ltr'>ι</span> 
     </span>
     <span class='ocr_line' id='line_1_39' title="bbox 139 3796 1477 3879; baseline -0.001 -22"><span class='ocrx_word' id='word_1_388' title='bbox 139 3796 283 3869; x_wconf 88' lang='lat' dir='ltr'>circumit,</span> <span class='ocrx_word' id='word_1_389' title='bbox 308 3807 449 3876; x_wconf 89' lang='lat' dir='ltr'>rapturus</span> <span class='ocrx_word' id='word_1_390' title='bbox 473 3809 521 3858; x_wconf 88' lang='lat' dir='ltr'>est</span> <span class='ocrx_word' id='word_1_391' title='bbox 544 3798 672 3875; x_wconf 87' lang='lat' dir='ltr'>primurn</span> <span class='ocrx_word' id='word_1_392' title='bbox 694 3796 790 3872; x_wconf 86' lang='lat' dir='ltr'>Jovis,</span> <span class='ocrx_word' id='word_1_393' title='bbox 816 3808 848 3858; x_wconf 92' lang='lat' dir='ltr'>ut</span> <span class='ocrx_word' id='word_1_394' title='bbox 868 3798 893 3858; x_wconf 89' lang='lat' dir='ltr'>is</span> <span class='ocrx_word' id='word_1_395' title='bbox 908 3798 1032 3858; x_wconf 89' lang='lat' dir='ltr'>lixarum</span> <span class='ocrx_word' id='word_1_396' title='bbox 1051 3806 1163 3863; x_wconf 89' lang='lat' dir='ltr'>motum</span> <span class='ocrx_word' id='word_1_397' title='bbox 1178 3798 1477 3879; x_wconf 73' lang='lat' dir='ltr'>nequeatohsemre</span> 
     </span>
     <span class='ocr_line' id='line_1_40' title="bbox 140 3876 1477 3985; baseline 0 -41"><span class='ocrx_word' id='word_1_398' title='bbox 140 3883 333 3985; x_wconf 84' lang='lat' dir='ltr'>Quapropter</span> <span class='ocrx_word' id='word_1_399' title='bbox 364 3905 435 3964; x_wconf 90' lang='lat' dir='ltr'>opor</span> <span class='ocrx_word' id='word_1_400' title='bbox 439 3894 483 3947; x_wconf 88' lang='lat' dir='ltr'>tet</span> <span class='ocrx_word' id='word_1_401' title='bbox 511 3886 612 3946; x_wconf 90' lang='lat' dir='ltr'>orbem</span> <span class='ocrx_word' id='word_1_402' title='bbox 641 3886 766 3965; x_wconf 88' lang='lat' dir='ltr'>primum</span> <span class='ocrx_word' id='word_1_403' title='bbox 789 3886 855 3960; x_wconf 96' lang='grc' dir='ltr'>ιι·</span> <span class='ocrx_word' id='word_1_404' title='bbox 847 3907 875 3947; x_wconf 91' lang='grc' dir='ltr'>ιιι</span> <span class='ocrx_word' id='word_1_405' title='bbox 901 3887 1082 3947; x_wconf 89' lang='lat' dir='ltr'>contrarium</span> <span class='ocrx_word' id='word_1_406' title='bbox 1105 3887 1244 3961; x_wconf 86' lang='lat' dir='ltr'>tendere,</span> <span class='ocrx_word' id='word_1_407' title='bbox 1276 3895 1312 3948; x_wconf 92' lang='lat' dir='ltr'>ut</span> <span class='ocrx_word' id='word_1_408' title='bbox 1341 3887 1424 3950; x_wconf 87' lang='lat' dir='ltr'>annis</span> <span class='ocrx_word' id='word_1_409' title='bbox 1444 3876 1477 3944; x_wconf 75' lang='grc' dir='ltr'>ιι</span> 
     </span>
     <span class='ocr_line' id='line_1_41' title="bbox 138 3972 1477 4054; baseline 0.006 -22"><span class='ocrx_word' id='word_1_410' title='bbox 138 3972 262 4032; x_wconf 88' lang='lat' dir='ltr'>semel</span> <span class='ocrx_word' id='word_1_411' title='bbox 254 3992 343 4033; x_wconf 89' lang='lat' dir='ltr'>rmum</span> <span class='ocrx_word' id='word_1_412' title='bbox 364 3974 518 4035; x_wconf 84' lang='lat' dir='ltr'>Saturni</span> <span class='ocrx_word' id='word_1_413' title='bbox 510 3994 539 4035; x_wconf 91' lang='grc' dir='ltr'>ιιι</span> <span class='ocrx_word' id='word_1_414' title='bbox 564 3974 734 4054; x_wconf 86' lang='lat' dir='ltr'>oppositum</span> <span class='ocrx_word' id='word_1_415' title='bbox 758 3985 915 4054; x_wconf 89' lang='lat' dir='ltr'>percurrat</span> <span class='ocrx_word' id='word_1_416' title='bbox 938 3985 970 4037; x_wconf 92' lang='lat' dir='ltr'>et</span> <span class='ocrx_word' id='word_1_417' title='bbox 992 3975 1037 4036; x_wconf 86' lang='lat' dir='ltr'>sic</span> <span class='ocrx_word' id='word_1_418' title='bbox 1060 3975 1166 4036; x_wconf 85' lang='lat' dir='ltr'>eodem</span> <span class='ocrx_word' id='word_1_419' title='bbox 1189 3977 1255 4037; x_wconf 85' lang='lat' dir='ltr'>loco</span> <span class='ocrx_word' id='word_1_420' title='bbox 1274 3984 1408 4039; x_wconf 73' lang='lat' dir='ltr'>masat</span> <span class='ocrx_word' id='word_1_421' title='bbox 1442 3972 1477 4032; x_wconf 69' lang='lat' dir='ltr'>Al</span> 
     </span>
     <span class='ocr_line' id='line_1_42' title="bbox 140 4061 1523 4146; baseline 0.007 -26"><span class='ocrx_word' id='word_1_422' title='bbox 140 4062 195 4121; x_wconf 86' lang='lat' dir='ltr'>hoc</span> <span class='ocrx_word' id='word_1_423' title='bbox 219 4061 330 4140; x_wconf 92' lang='lat' dir='ltr'>primus</span> <span class='ocrx_word' id='word_1_424' title='bbox 353 4062 383 4135; x_wconf 85' lang='grc' dir='ltr'>ιι</span> <span class='ocrx_word' id='word_1_425' title='bbox 406 4070 563 4140; x_wconf 88' lang='lat' dir='ltr'>praestare</span> <span class='ocrx_word' id='word_1_426' title='bbox 587 4064 698 4143; x_wconf 86' lang='lat' dir='ltr'>nequit,</span> <span class='ocrx_word' id='word_1_427' title='bbox 725 4064 818 4125; x_wconf 88' lang='lat' dir='ltr'>habet</span> <span class='ocrx_word' id='word_1_428' title='bbox 841 4064 918 4124; x_wconf 89' lang='lat' dir='ltr'>enirn</span> <span class='ocrx_word' id='word_1_429' title='bbox 938 4064 1019 4125; x_wconf 90' lang='lat' dir='ltr'>aliud</span> <span class='ocrx_word' id='word_1_430' title='bbox 1035 4064 1174 4136; x_wconf 85' lang='lat' dir='ltr'>officium,</span> <span class='ocrx_word' id='word_1_431' title='bbox 1197 4073 1232 4126; x_wconf 91' lang='grc' dir='ltr'>ιιι</span> <span class='ocrx_word' id='word_1_432' title='bbox 1249 4063 1476 4146; x_wconf 74' lang='lat' dir='ltr'>sequaturtns</span> <span class='ocrx_word' id='word_1_433' title='bbox 1520 4100 1523 4105; x_wconf 94' lang='lat'>·</span> 
     </span>
     <span class='ocr_line' id='line_1_43' title="bbox 141 4149 1476 4234; baseline 0.002 -25"><span class='ocrx_word' id='word_1_434' title='bbox 141 4157 172 4209; x_wconf 90' lang='lat' dir='ltr'>et</span> <span class='ocrx_word' id='word_1_435' title='bbox 196 4150 320 4210; x_wconf 88' lang='lat' dir='ltr'>Terram</span> <span class='ocrx_word' id='word_1_436' title='bbox 350 4150 513 4211; x_wconf 89' lang='lat' dir='ltr'>circumeat</span> <span class='ocrx_word' id='word_1_437' title='bbox 541 4151 622 4212; x_wconf 89' lang='lat' dir='ltr'>horis</span> <span class='ocrx_word' id='word_1_438' title='bbox 646 4149 698 4214; x_wconf 77' lang='lat'>24.</span> <span class='ocrx_word' id='word_1_439' title='bbox 747 4154 852 4232; x_wconf 90' lang='lat' dir='ltr'>ltaque</span> <span class='ocrx_word' id='word_1_440' title='bbox 880 4155 1116 4214; x_wconf 88' lang='lat' dir='ltr'>restituente</span> <span class='ocrx_word' id='word_1_441' title='bbox 1144 4153 1192 4214; x_wconf 91' lang='lat' dir='ltr'>hic</span> <span class='ocrx_word' id='word_1_442' title='bbox 1221 4173 1298 4234; x_wconf 88' lang='lat' dir='ltr'>opus</span> <span class='ocrx_word' id='word_1_443' title='bbox 1322 4161 1386 4229; x_wconf 81' lang='lat' dir='ltr'>est,</span> <span class='ocrx_word' id='word_1_444' title='bbox 1416 4165 1476 4233; x_wconf 76' lang='lat' dir='ltr'>quse</span> 
     </span>
     <span class='ocr_line' id='line_1_44' title="bbox 139 4238 1478 4319; baseline 0.004 -21"><span class='ocrx_word' id='word_1_445' title='bbox 139 4238 203 4299; x_wconf 89' lang='lat' dir='ltr'>loco</span> <span class='ocrx_word' id='word_1_446' title='bbox 223 4239 337 4317; x_wconf 90' lang='lat' dir='ltr'>primae</span> <span class='ocrx_word' id='word_1_447' title='bbox 351 4238 471 4311; x_wconf 85' lang='lat' dir='ltr'>Joviae,</span> <span class='ocrx_word' id='word_1_448' title='bbox 495 4239 523 4300; x_wconf 94' lang='lat' dir='ltr'>id</span> <span class='ocrx_word' id='word_1_449' title='bbox 548 4240 626 4319; x_wconf 92' lang='lat' dir='ltr'>quod</span> <span class='ocrx_word' id='word_1_450' title='bbox 651 4242 854 4303; x_wconf 86' lang='lat' dir='ltr'>necessarium</span> <span class='ocrx_word' id='word_1_451' title='bbox 871 4262 937 4303; x_wconf 86' lang='lat' dir='ltr'>esse</span> <span class='ocrx_word' id='word_1_452' title='bbox 952 4241 1091 4316; x_wconf 84' lang='lat' dir='ltr'>diximus,</span> <span class='ocrx_word' id='word_1_453' title='bbox 1116 4241 1238 4303; x_wconf 83' lang='lat' dir='ltr'>efficiat</span> <span class='ocrx_word' id='word_1_454' title='bbox 1285 4243 1478 4307; x_wconf 77' lang='lat' dir='ltr'>Porrosutetl</span> 
     </span>
     <span class='ocr_line' id='line_1_45' title="bbox 139 4327 1527 4405; baseline 0.004 -18"><span class='ocrx_word' id='word_1_455' title='bbox 139 4327 195 4388; x_wconf 89' lang='lat' dir='ltr'>hac</span> <span class='ocrx_word' id='word_1_456' title='bbox 222 4327 402 4388; x_wconf 89' lang='lat' dir='ltr'>restituente</span> <span class='ocrx_word' id='word_1_457' title='bbox 431 4331 469 4390; x_wconf 89' lang='lat' dir='ltr'>ab</span> <span class='ocrx_word' id='word_1_458' title='bbox 494 4329 579 4389; x_wconf 92' lang='lat' dir='ltr'>unico</span> <span class='ocrx_word' id='word_1_459' title='bbox 604 4340 684 4391; x_wconf 91' lang='lat' dir='ltr'>motu</span> <span class='ocrx_word' id='word_1_460' title='bbox 714 4330 790 4391; x_wconf 85' lang='lat' dir='ltr'>imae</span> <span class='ocrx_word' id='word_1_461' title='bbox 815 4329 977 4392; x_wconf 88' lang='lat' dir='ltr'>Saturniae</span> <span class='ocrx_word' id='word_1_462' title='bbox 1006 4330 1164 4405; x_wconf 88' lang='lat' dir='ltr'>liberatur,</span> <span class='ocrx_word' id='word_1_463' title='bbox 1199 4331 1311 4393; x_wconf 84' lang='lat' dir='ltr'>ceteris</span> <span class='ocrx_word' id='word_1_464' title='bbox 1335 4327 1478 4396; x_wconf 64' lang='lat' dir='ltr'>&amp;unae</span> <span class='ocrx_word' id='word_1_465' title='bbox 1522 4328 1527 4405; x_wconf 88' lang='grc' dir='ltr'>ι</span> 
     </span>
     <span class='ocr_line' id='line_1_46' title="bbox 138 4408 1527 4559; baseline 0.001 -82"><span class='ocrx_word' id='word_1_466' title='bbox 138 4417 287 4496; x_wconf 88' lang='lat' dir='ltr'>sphaerae</span> <span class='ocrx_word' id='word_1_467' title='bbox 316 4417 477 4480; x_wconf 89' lang='lat' dir='ltr'>etiamnum</span> <span class='ocrx_word' id='word_1_468' title='bbox 506 4418 645 4480; x_wconf 81' lang='lat' dir='ltr'>obnoxia</span> <span class='ocrx_word' id='word_1_469' title='bbox 693 4417 885 4499; x_wconf 82' lang='lat' dir='ltr'>Quapropter</span> <span class='ocrx_word' id='word_1_470' title='bbox 918 4420 1045 4481; x_wconf 84' lang='lat' dir='ltr'>totidem</span> <span class='ocrx_word' id='word_1_471' title='bbox 1076 4420 1310 4483; x_wconf 89' lang='lat' dir='ltr'>restituentibus</span> <span class='ocrx_word' id='word_1_472' title='bbox 1341 4440 1414 4503; x_wconf 85' lang='lat' dir='ltr'>opus</span> <span class='ocrx_word' id='word_1_473' title='bbox 1433 4408 1527 4479; x_wconf 69' lang='grc' dir='ltr'>σι’</span> <span class='ocrx_word' id='word_1_474' title='bbox 1522 4448 1527 4559; x_wconf 93' lang='grc'>1</span> 
     </span>
     <span class='ocr_line' id='line_1_47' title="bbox 136 4505 1527 4613; baseline 0.007 -46"><span class='ocrx_word' id='word_1_475' title='bbox 136 4507 272 4584; x_wconf 86' lang='lat' dir='ltr'>proxime</span> <span class='ocrx_word' id='word_1_476' title='bbox 295 4505 374 4566; x_wconf 82' lang='lat' dir='ltr'>inira</span> <span class='ocrx_word' id='word_1_477' title='bbox 397 4506 535 4613; x_wconf 81' lang='lat' dir='ltr'>seqqenti</span> <span class='ocrx_word' id='word_1_478' title='bbox 559 4508 629 4568; x_wconf 81' lang='lat' dir='ltr'>lovi</span> <span class='ocrx_word' id='word_1_479' title='bbox 653 4508 775 4587; x_wconf 89' lang='lat' dir='ltr'>ejusque</span> <span class='ocrx_word' id='word_1_480' title='bbox 799 4509 894 4587; x_wconf 90' lang='lat' dir='ltr'>primo</span> <span class='ocrx_word' id='word_1_481' title='bbox 914 4509 991 4583; x_wconf 91' lang='lat' dir='ltr'>orbi,</span> <span class='ocrx_word' id='word_1_482' title='bbox 1017 4519 1091 4588; x_wconf 93' lang='lat' dir='ltr'>quot</span> <span class='ocrx_word' id='word_1_483' title='bbox 1113 4509 1232 4570; x_wconf 89' lang='lat' dir='ltr'>omnino</span> <span class='ocrx_word' id='word_1_484' title='bbox 1257 4510 1383 4575; x_wconf 87' lang='lat' dir='ltr'>orbibus</span> <span class='ocrx_word' id='word_1_485' title='bbox 1402 4524 1527 4599; x_wconf 71' lang='lat' dir='ltr'>supt-</span> 
     </span>
     <span class='ocr_line' id='line_1_48' title="bbox 138 4591 1482 4678; baseline 0.007 -23"><span class='ocrx_word' id='word_1_486' title='bbox 138 4593 199 4655; x_wconf 90' lang='lat' dir='ltr'>rior</span> <span class='ocrx_word' id='word_1_487' title='bbox 220 4591 240 4671; x_wconf 78' lang='grc' dir='ltr'>ιι</span> <span class='ocrx_word' id='word_1_488' title='bbox 265 4595 375 4656; x_wconf 88' lang='lat' dir='ltr'>fertur:</span> <span class='ocrx_word' id='word_1_489' title='bbox 407 4595 467 4657; x_wconf 85' lang='grc' dir='ltr'>ιιιιιι</span> <span class='ocrx_word' id='word_1_490' title='bbox 489 4596 597 4658; x_wconf 90' lang='lat' dir='ltr'>minus.</span> <span class='ocrx_word' id='word_1_491' title='bbox 644 4598 723 4658; x_wconf 80' lang='lat' dir='ltr'>n&#39;an</span> <span class='ocrx_word' id='word_1_492' title='bbox 748 4598 797 4659; x_wconf 93' lang='lat' dir='ltr'>uhi</span> <span class='ocrx_word' id='word_1_493' title='bbox 825 4599 923 4677; x_wconf 91' lang='lat' dir='ltr'>prima</span> <span class='ocrx_word' id='word_1_494' title='bbox 945 4599 1032 4660; x_wconf 88' lang='lat' dir='ltr'>Jovis</span> <span class='ocrx_word' id='word_1_495' title='bbox 1063 4616 1117 4678; x_wconf 91' lang='lat' dir='ltr'>per</span> <span class='ocrx_word' id='word_1_496' title='bbox 1140 4599 1340 4663; x_wconf 87' lang='lat' dir='ltr'>restituentes</span> <span class='ocrx_word' id='word_1_497' title='bbox 1368 4599 1482 4663; x_wconf 61' lang='lat' dir='ltr'>libasti</span> 
     </span>
     <span class='ocr_line' id='line_1_49' title="bbox 138 4682 1483 4769; baseline 0.008 -26"><span class='ocrx_word' id='word_1_498' title='bbox 138 4683 229 4744; x_wconf 82' lang='lat' dir='ltr'>fuerit</span> <span class='ocrx_word' id='word_1_499' title='bbox 258 4684 296 4745; x_wconf 86' lang='lat' dir='ltr'>ab</span> <span class='ocrx_word' id='word_1_500' title='bbox 321 4682 389 4746; x_wconf 89' lang='lat' dir='ltr'>aliis</span> <span class='ocrx_word' id='word_1_501' title='bbox 413 4684 537 4747; x_wconf 89' lang='lat' dir='ltr'>Saturni</span> <span class='ocrx_word' id='word_1_502' title='bbox 561 4685 705 4759; x_wconf 89' lang='lat' dir='ltr'>motibus,</span> <span class='ocrx_word' id='word_1_503' title='bbox 732 4686 865 4748; x_wconf 81' lang='lat' dir='ltr'>obnoxia</span> <span class='ocrx_word' id='word_1_504' title='bbox 892 4696 993 4750; x_wconf 83' lang='lat' dir='ltr'>tamen</span> <span class='ocrx_word' id='word_1_505' title='bbox 1023 4688 1119 4748; x_wconf 89' lang='lat' dir='ltr'>adhuc</span> <span class='ocrx_word' id='word_1_506' title='bbox 1142 4684 1317 4769; x_wconf 64' lang='lat' dir='ltr'>primaeb,</span> <span class='ocrx_word' id='word_1_507' title='bbox 1341 4708 1400 4753; x_wconf 87' lang='lat' dir='ltr'>nou</span> <span class='ocrx_word' id='word_1_508' title='bbox 1420 4700 1483 4769; x_wconf 78' lang='grc' dir='ltr'>οιιιιι</span> 
     </span>
     <span class='ocr_line' id='line_1_50' title="bbox 137 4773 1485 4857; baseline 0.002 -25"><span class='ocrx_word' id='word_1_509' title='bbox 137 4783 187 4833; x_wconf 90' lang='lat' dir='ltr'>est</span> <span class='ocrx_word' id='word_1_510' title='bbox 209 4773 293 4834; x_wconf 91' lang='lat' dir='ltr'>illam</span> <span class='ocrx_word' id='word_1_511' title='bbox 316 4774 407 4835; x_wconf 88' lang='lat' dir='ltr'>etiam</span> <span class='ocrx_word' id='word_1_512' title='bbox 436 4775 474 4836; x_wconf 89' lang='lat' dir='ltr'>ab</span> <span class='ocrx_word' id='word_1_513' title='bbox 499 4773 587 4852; x_wconf 91' lang='lat' dir='ltr'>hujus</span> <span class='ocrx_word' id='word_1_514' title='bbox 610 4786 692 4836; x_wconf 90' lang='lat' dir='ltr'>motu</span> <span class='ocrx_word' id='word_1_515' title='bbox 722 4775 857 4838; x_wconf 83' lang='lat' dir='ltr'>liberari:</span> <span class='ocrx_word' id='word_1_516' title='bbox 888 4796 954 4838; x_wconf 85' lang='lat' dir='ltr'>aum</span> <span class='ocrx_word' id='word_1_517' title='bbox 977 4776 1131 4857; x_wconf 88' lang='lat' dir='ltr'>utriusque</span> <span class='ocrx_word' id='word_1_518' title='bbox 1160 4776 1240 4839; x_wconf 89' lang='lat' dir='ltr'>idem</span> <span class='ocrx_word' id='word_1_519' title='bbox 1270 4786 1374 4843; x_wconf 87' lang='lat' dir='ltr'>motus</span> <span class='ocrx_word' id='word_1_520' title='bbox 1399 4778 1485 4841; x_wconf 76' lang='lat' dir='ltr'>uitet</span> 
     </span>
     <span class='ocr_line' id='line_1_51' title="bbox 137 4861 1488 4948; baseline 0.007 -24"><span class='ocrx_word' id='word_1_521' title='bbox 137 4861 304 4925; x_wconf 83' lang='lat' dir='ltr'>communis</span> <span class='ocrx_word' id='word_1_522' title='bbox 327 4863 476 4943; x_wconf 87' lang='lat' dir='ltr'>sphaerae</span> <span class='ocrx_word' id='word_1_523' title='bbox 498 4865 634 4927; x_wconf 84' lang='lat' dir='ltr'>lixarum.</span> <span class='ocrx_word' id='word_1_524' title='bbox 680 4863 942 4937; x_wconf 80' lang='lat' dir='ltr'>Quemadmodum</span> <span class='ocrx_word' id='word_1_525' title='bbox 967 4866 1060 4946; x_wconf 75' lang='lat' dir='ltr'>igitur</span> <span class='ocrx_word' id='word_1_526' title='bbox 1081 4864 1179 4948; x_wconf 79' lang='lat' dir='ltr'>prium</span> <span class='ocrx_word' id='word_1_527' title='bbox 1201 4861 1223 4948; x_wconf 68' lang='lat' dir='ltr'>b</span> <span class='ocrx_word' id='word_1_528' title='bbox 1245 4866 1488 4943; x_wconf 69' lang='lat' dir='ltr'>munnulus</span> 
     </span>
    </p>
   </div>
   <div class='ocr_carea' id='block_1_3' title="bbox 0 0 1644 5542">
    <p class='ocr_par' dir='ltr' id='par_1_3' title="bbox 0 0 1644 5542">
     <span class='ocr_line' id='line_1_52' title="bbox 0 0 1644 5542; baseline 0 1"><span class='ocrx_word' id='word_1_529' title='bbox 0 0 1644 5542; x_wconf 95' lang='lat' dir='ltr'> </span> 
     </span>
    </p>
   </div>
  </div>
 </body>
</html>
