3278 5542
679 104 761 170 canu
777 105 857 158 xu.·
895 146 897 151 .
1367 105 1438 173 ‚14⁷

74 264 226 320 carendum
239 264 284 319 hio
298 279 318 319 a
330 263 482 318 collusione
496 262 553 319 ista
565 265 761 329 accidentaria,
784 269 854 338 quod
869 267 953 322 etiam
967 268 1076 323 sextilis
1091 268 1129 323 sit
1142 268 1268 338 praecise
1283 268 1439 325 dimidiatus

74 343 171 407 finus,
193 352 225 400 et
247 343 358 399 sextilis
381 343 483 398 tertiae
497 344 573 399 molli
596 347 773 416 respondeat.
815 347 887 403 Nam
910 349 989 403 docui
1003 364 1064 418 cap.
1080 349 1108 402 6.
1133 348 1243 402 lib.·IV.
1260 349 1438 405 Harmonico·

73 440 139 486 rum.
166 424 264 479 sextili
277 426 445 494 respondere
459 441 514 479 non
528 425 639 480 tertiam
653 426 770 491 mollem,
793 429 841 481 sed
861 427 990 497 diapente
1010 428 1245 498 epidisdiepason:
1271 429 1359 499 ipsam
1372 446 1438 485 vero

73 503 186 559 tertiam
199 505 311 560 rachena
323 520 491 558 communem
506 521 568 559 esse
581 506 706 560 sobolem
724 513 781 562 tam
801 507 1009 580 quinquanguli,
1033 525 1114 578 quarn
1128 509 1287 580 sexanguli,
1310 510 1376 580 quia
1395 509 1438 564 hls

73 584 193 639 numeris
208 585 236 651 5,
257 586 275 641 6
297 585 545 655 comprehenditur.
587 587 692 656 Estque
712 603 798 641 causa
820 588 1013 653 diversissima,
1038 604 1108 659 quae
1127 589 1226 642 trinum
1246 589 1272 641 in
1292 591 1359 643 duos
1376 607 1439 661 per·

72 664 160 719 iectos
175 665 294 720 sextiles
309 663 406 719 dividit
428 665 465 718 ah
479 664 531 719 illa
545 681 638 728 causa,
661 682 734 736 quae
749 668 879 737 diapente
903 669 931 721 in
945 671 1014 722 duas
1030 668 1136 732 tertias,
1162 668 1295 737 majorem
1310 675 1340 722 et
1353 668 1438 725 minn-

71 761 129 799 rem
145 744 254 800 dividit
294 746 325 800 Id
340 744 448 816 quidem
462 746 507 798 rel
530 763 566 799 ex
582 746 634 799 hoc
649 756 776 815 apparet,
803 749 874 818 quod
894 756 991 818 partes
1016 756 1081 802 sunt
1100 748 1157 802 illic
1172 749 1312 818 aequales,
1334 749 1379 804 hic
1397 749 1438 803 in·

72 825 215 897 aequales.
256 824 335 880 Nihil
356 824 443 897 igitur
457 826 614 880 detrahitur
632 827 770 881 nobilitati
794 828 894 882 tertiae
909 831 1002 892 durae,
1028 829 1098 884 nihil
1112 829 1218 882 accedit
1237 829 1338 883 tertiae
1352 829 1436 894 molli,

72 906 143 976 quod
157 904 270 961 sextilis
284 911 329 960 est
342 904 479 960 dimidium
493 907 526 959 de
541 905 621 969 trino,
638 906 761 977 quintilis
775 925 830 961 non
845 908 923 970 item;
939 917 968 962 et
982 917 1078 978 posset
1091 926 1145 963 nou
1159 909 1270 963 minoris
1285 910 1338 963 hoc
1352 909 1435 964 aesti-

72 984 148 1049 mari,
173 987 246 1056 quod
269 984 392 1056 quintilis
416 985 454 1039 sit
467 986 604 1040 dimidium
627 988 660 1040 de
685 987 822 1057 biquintili
846 986 893 1043 dsc.
935 989 1069 1060 Equidem
1093 1007 1147 1044 non
1169 988 1280 1042 minima
1302 1005 1369 1059 pars
1392 997 1436 1044 est

71 1065 203 1119 solertiae
219 1066 255 1119 ah
270 1065 425 1136 hnjusmodi
440 1066 615 1120 concursibus
631 1066 822 1121 accidentariis
837 1085 944 1131 carere,
966 1069 1020 1140 qui,
1044 1076 1083 1136 ut⁴
1098 1070 1235 1139 quondam
1248 1068 1328 1123 Siren
1341 1069 1436 1127 Sicula

71 1144 240 1217 navigantes
255 1153 349 1210 cautu,
370 1146 410 1200 sic
422 1145 477 1216 ipsi
490 1146 721 1216 philosophantes
737 1148 883 1219 voluptate
905 1149 1067 1219 apparentis
1086 1148 1296 1219 pulchritudinis
1321 1150 1435 1220 aptique

70 1241 221 1295 responsus
236 1220 397 1297 (siquidem
415 1225 461 1281 hic
475 1226 679 1281 adhaerescunt
693 1227 875 1283 admiratione
890 1230 973 1299 capti,
996 1230 1043 1284 ubi
1059 1246 1146 1283 causa
1168 1227 1248 1284 nulla
1261 1237 1305 1283 est
1318 1229 1435 1284 alterius

71 1305 97 1359 iu
111 1300 219 1373 altero)
234 1305 366 1369 detinent,
381 1315 414 1360 ut
428 1308 462 1361 ad
477 1323 589 1376 scopum
603 1308 779 1376 praefinitum
794 1309 926 1363 scientiae
940 1310 1085 1379 pervenire
1100 1327 1154 1363 non
1168 1307 1284 1379 possint.

151 1387 257 1449 Quinta
270 1393 418 1441 causaest
438 1388 555 1441 effectus
570 1388 707 1441 secundae
731 1397 760 1442 et-
774 1389 866 1452 eiiicit,
891 1397 923 1443 ut
938 1389 1061 1461 quintilis
1086 1388 1271 1459 imperfectior
1295 1395 1434 1460 aspectus,

70 1468 156 1522 tertia
169 1468 240 1520 dura
260 1466 448 1537 imperfectior
462 1460 568 1538 (potius
592 1467 708 1521 ulterius
731 1464 856 1540 generis)
872 1470 1053 1524 consonantia
1076 1471 1126 1523 sit:
1149 1487 1203 1523 non
1221 1469 1313 1533 efficit,
1342 1475 1373 1523 ut
1386 1469 1435 1524 ille

70 1553 202 1619 aspectus
223 1547 308 1617 plane
331 1546 434 1601 nullius
457 1547 605 1610 efficaciae,
628 1548 699 1602 haec
714 1550 895 1604 consonantia
919 1550 1021 1604 nullius
1037 1551 1073 1604 sit
1088 1548 1245 1604 suavitatis.
1287 1549 1360 1603 Nam
1382 1550 1435 1604 hoa

66 1627 126 1696 jam
149 1628 251 1682 dudum
271 1629 306 1681 de
329 1627 454 1682 omnibus
478 1627 596 1698 quinque
620 1627 821 1695 objectionibus
845 1636 908 1684 erat
931 1631 1087 1693 dicendum
1109 1632 1181 1701 qnod
1204 1628 1227 1684 si
1246 1629 1382 1693 valerent,
1406 1630 1435 1683 in

70 1709 175 1763 musica
197 1724 288 1780 aeque
309 1707 438 1762 valerent
461 1725 495 1762 ac
518 1709 546 1762 in
568 1709 683 1780 negotio
707 1717 883 1779 aspectuum:
908 1728 958 1764 nec
981 1711 1053 1766 ratio
1077 1711 1138 1766 ulla
1156 1708 1286 1774 redditur,
1311 1725 1360 1764 cur
1378 1709 1434 1764 baa

71 1796 174 1845 ausae
192 1788 311 1843 valeant
329 1787 396 1851 illic,
418 1805 473 1842 non
493 1788 608 1843 valeant
620 1789 674 1847 hic.

147 1865 203 1942 gg)
224 1869 268 1922 De
282 1868 435 1939 octangula
458 1869 543 1923 stella
564 1886 609 1923 res
624 1875 669 1923 est
682 1869 749 1924 alia.
792 1870 846 1924 Cur
866 1870 938 1925 enim
961 1870 1012 1924 illa
1034 1887 1094 1925 cum
1113 1871 1262 1941 sesquadro
1277 1869 1435 1931 eliminetur

70 1966 117 2005 seu
131 1950 224 2023 magis
238 1956 425 2021 postponatur
438 1967 473 2002 ex
489 1949 657 2019 aspectibus,
683 1967 737 2004 non
760 1949 825 2004 item
845 1967 860 2002 e
880 1951 984 2006 musica
1000 1951 1156 2004 eliminetur
1180 1956 1264 2004 sexta
1287 1949 1374 2004 minor
1397 1967 1434 2006 ex

70 2029 222 2103 petangulo
235 2035 316 2085 nota:
340 2026 402 2099 ejus
415 2029 456 2084 rei
472 2046 571 2084 causas
585 2046 639 2100 ego
654 2031 778 2101 explicui
799 2031 849 2085 lib.
866 2031 912 2085 IV.
928 2030 1060 2085 Hermon.
1077 2048 1138 2100 cap.
1154 2032 1186 2084 6:
1224 2030 1336 2085 Scilicet
1349 2031 1434 2086 etiam

69 2111 140 2165 eirca
154 2110 229 2175 hunc
243 2109 417 2181 aequabunt
442 2108 500 2166 tam
513 2109 541 2164 in
555 2109 659 2164 musica
673 2126 755 2182 quam
778 2110 851 2164 inter
864 2117 1002 2182 aspectus,
1028 2113 1118 2182 quoad
1136 2111 1332 2181 proportiones
1357 2111 1433 2181 ipsas

69 2188 164 2247 sess
184 2191 220 2244 ad
235 2188 266 2254 8,
290 2196 356 2244 su'nt
374 2189 445 2245 enim
464 2189 592 2262 utrinque
606 2190 694 2244 viles:
719 2198 750 2244 at
769 2198 884 2263 propter
898 2208 1058 2246 concursum
1082 2192 1109 2245 in
1127 2208 1184 2246 una
1207 2191 1327 2245 sectione
1351 2191 1434 2246 trium

68 2271 277 2343 proportionum
290 2269 321 2335 3,
339 2270 356 2325 5
371 2277 402 2324 et
416 2270 447 2334 5,
463 2269 482 2326 8
496 2277 526 2325 et
540 2269 572 2334 3,
588 2269 619 2334 8,
644 2271 722 2340 cujus
737 2271 809 2326 ratio
831 2271 903 2325 inter
923 2278 1052 2342 aspectus
1072 2273 1193 2326 habetur
1206 2272 1292 2334 nulla,
1316 2271 1434 2325 nobilior
1473 2320 1476 2326 .

68 2358 112 2406 est
132 2352 205 2405 baec
226 2350 391 2423 octogonica
410 2358 489 2405 secta
508 2351 536 2405 in
561 2350 673 2405 musica.

145 2427 203 2500 hh)
223 2432 279 2486 lmo
302 2436 413 2485 verost
431 2431 477 2484 hio
500 2437 641 2502 operatur,
660 2437 739 2497 ,teste
754 2431 930 2501 experientia
952 2437 982 2486 et
1002 2432 1170 2486 contrariam
1191 2431 1368 2503 octangulari
1383 2447 1432 2486 ex·

67 2512 174 2583 peritur
188 2511 326 2568 rormnam
345 2511 373 2564 iu
392 2511 510 2574 musica;
534 2512 640 2565 nullam
653 2511 724 2565 enim
739 2511 887 2565 sectionem
906 2512 1076 2581 peculiarem
1090 2512 1246 2565 constituit:
1270 2512 1332 2564 ride
1348 2526 1433 2581 saepe

67 2593 225 2664 allegatum
239 2607 300 2662 cap.
316 2591 343 2647 6.
359 2591 407 2646 lib.
422 2593 469 2647 1v.
483 2593 615 2647 Harmon.
659 2591 741 2644 Vides
765 2591 852 2662 igitur
866 2608 978 2646 causam
1001 2592 1078 2645 illam
1103 2591 1226 2662 quintam
1251 2608 1312 2644 esse
1333 2592 1366 2643 de
1391 2590 1431 2644 ni·

66 2673 136 2736 hilo;
160 2672 241 2744 quasi
256 2671 301 2743 qui
315 2688 371 2725 non
385 2671 502 2742 implent
514 2672 667 2742 planitiem,
692 2672 779 2726 iinon
794 2671 902 2742 possint
924 2672 983 2725 lieri
1002 2679 1142 2741 aspectus.
1184 2670 1254 2725 Nam
1268 2671 1321 2724 etsi
1337 2671 1432 2741 singu·

67 2754 156 2809 larum
179 2752 331 2822 specierum
350 2769 405 2807 non
426 2752 550 2822 implent,
572 2760 602 2806 at
623 2751 739 2822 implent
756 2751 926 2820 junctarum.

145 2830 178 2898 ii)
199 2830 347 2902 Separatio
370 2832 466 2903 aliqua
484 2833 643 2887 necessaria
662 2831 723 2896 fuit,
748 2834 795 2885 sed
819 2832 870 2886 illa
884 2833 919 2886 ob
934 2847 1033 2886 causas
1058 2831 1142 2902 longe
1157 2830 1237 2894 alias,
1263 2846 1345 2901 quam
1360 2845 1431 2901 quae

66 2913 109 2968 hic
130 2914 193 2968 loco
215 2911 310 2983 quinto
331 2919 565 2967 commemoratur.

144 2987 203 3061 kk)
225 2992 347 3063 Optime:
368 2994 447 3047 valet
469 2992 540 3047 enim
559 2994 612 3046 hoc
630 2993 718 3063 ipsum
737 2993 821 3047 etiam
840 2992 867 3046 in
883 3007 950 3046 vera
963 3007 1058 3046 causa.
1089 2990 1158 3044 Vide
1172 2992 1303 3044 Hermon.
1319 2989 1366 3044 lib.
1384 2990 1428 3044 IV.

145 3072 181 3138 ll)
202 3073 262 3126 Hoc
275 3072 387 3127 nimium
400 3079 445 3127 est
458 3079 489 3126 et
502 3072 669 3127 contrarium
683 3074 843 3143 praemisso.
886 3071 914 3126 Si
937 3083 1053 3143 propter
1071 3071 1213 3141 angurium,
1236 3069 1332 3140 utique
1346 3070 1430 3125 etiam

67 3162 183 3225 propter
203 3154 337 3225 figuram
360 3169 425 3208 nam
446 3159 477 3207 et
497 3154 590 3224 ligura
612 3170 662 3223 per
686 3153 805 3225 angulos
821 3152 997 3207 constituitur
1013 3160 1043 3205 et
1057 3152 1222 3222 angulorum
1236 3150 1360 3205 delectus
1380 3167 1431 3220 per

65 3236 172 3307 dgnras
194 3235 236 3289 dt.
277 3232 331 3289 Sed
352 3234 414 3288 vide
438 3234 605 3304 scrupulumx
619 3235 653 3286 de
676 3234 768 3304 figura
782 3233 898 3287 centrali
922 3241 951 3286 et
974 3235 1007 3286 de
1022 3231 1261 3286 circumferentiali
1285 3246 1431 3285 excussum

67 3316 113 3370 lib.
135 3315 185 3371 Ν.
207 3314 302 3369 Harm.
324 3329 385 3384 cap.
407 3314 435 3368 5.

145 3391 212 3459 mm)
233 3394 286 3449 Hic
299 3394 496 3465 paragraphus
512 3392 704 3463 complectitur
718 3401 805 3448 totam
824 3394 882 3447 fere
897 3391 1103 3462 dispositionem
1117 3391 1341 3445 Harmonicorum
1356 3408 1429 3445 meo·

67 3493 135 3532 rum.
179 3475 249 3530 Nam
274 3491 414 3529 commune
440 3474 509 3528 illud
531 3474 736 3545 geometricum,
761 3483 892 3546 tanquam
924 3487 1036 3527 causam
1059 3471 1273 3541 archetypicam,
1298 3471 1427 3541 praemisi

65 3558 114 3612 hh.
130 3557 151 3611 1.
168 3562 199 3610 et
211 3555 261 3619 11..
286 3554 349 3626 quid
363 3571 429 3610 vero
453 3555 520 3608 illud
536 3561 665 3607 causetur
688 3555 715 3609 in
739 3555 852 3619 musica,
874 3552 1013 3624 explicari
1028 3552 1074 3606 lib.
1091 3551 1153 3613 lll.‚
1176 3551 1238 3619 quid
1263 3550 1290 3605 in
1308 3550 1427 3621 aspecti·

65 3638 116 3693 hus
137 3636 188 3691 lib.
210 3636 257 3691 IV.

144 3713 195 3783 nn)
216 3714 333 3770 Frustra
352 3712 405 3769 has
420 3729 519 3769 causas
534 3733 570 3769 ex
584 3713 739 3769 Ptolemaei
753 3713 861 3768 musicis
885 3717 1050 3783 expectatae
1072 3726 1089 3763 a
1103 3728 1145 3764 me
1160 3729 1229 3775 esse,
1259 3713 1346 3765 lector
1369 3709 1428 3780 ipse

63 3799 145 3862 dicet,
171 3796 324 3867 siquando
345 3801 474 3850 auctores
497 3795 526 3849 hi
550 3813 609 3849 cum
625 3794 692 3849 meis
708 3793 779 3848 notis
794 3794 920 3856 edantur,
945 3793 1005 3846 Deo
1019 3791 1105 3845 vitam
1120 3800 1300 3864 prorogante.
1330 3794 1428 3861 (Comp.

63 3892 151 3936 annot.
172 3879 228 3945 ³8.)
269 3876 377 3931 Haeret
402 3875 473 3929 enim
493 3876 671 3930 Ptolemaeus
698 3875 724 3928 in
753 3873 888 3935 numeris,
917 3879 950 3926 ut
970 3887 1068 3934 causa,
1090 3871 1149 3924 sine
1174 3879 1305 3943 respectu
1324 3870 1427 3940 figura·

63 3976 139 4023 rum,
171 3963 204 4012 ut
232 3955 337 4012 numeri
363 3956 516 4018 numerati;
548 3957 642 4027 itaque
669 3962 699 4009 et
723 3953 881 4009 harmonias
908 3953 1054 4007 nonnullas
1082 3969 1143 4006 cum
1162 3953 1304 4008 veteribus
1325 3949 1428 4020 injuste

62 4037 221 4111 proscribit,
242 4042 273 4092 et
292 4036 443 4091 intervalla
464 4039 598 4106 quaedam
620 4039 693 4091 inter
713 4035 846 4090 concinna
866 4033 966 4103 recipit
986 4033 1063 4087 nullo
1085 4032 1194 4087 illorum
1215 4034 1321 4087 meritc.
1359 4032 1428 4086 Vide

62 4121 161 4174 Harm.
182 4134 262 4174 meae
282 4117 331 4172 lib.
353 4116 401 4172 llI.
417 4108 454 4181 ⁰)

145 4194 195 4270 oo)
215 4198 260 4254 De
286 4198 330 4253 his
357 4202 473 4268 praeter
499 4196 703 4267 propositiones
729 4192 929 4265 aDasypodio
949 4192 1106 4262 exscriptas
1135 4191 1203 4246 nihil
1228 4192 1291 4246 ridi.
1333 4193 1429 4262 Neque

62 4289 161 4336 tamen
181 4296 246 4351 spes
268 4285 321 4344 est,
341 4277 371 4332 in
389 4276 505 4332 Euclide
525 4282 665 4347 repertum
687 4276 729 4341 iri,
751 4292 822 4345 quae
835 4273 1021 4337 Ptolemaeus,
1044 4288 1116 4343 quae
1129 4271 1309 4344 Porphyrius,
1333 4277 1430 4326 aetate

60 4360 245 4433 posteriores,
266 4375 321 4415 nou
341 4357 457 4413 habeut.
474 4349 510 4422 ⁸⁸)

654 4518 845 4530 --——-—
