3278 5542
136 308 202 379 ιιι
340 254 352 272 ’
599 308 1031 374 supermanantem

135 473 272 522 emtionem
289 470 391 533 subjeci,
410 476 439 521 ut
456 473 493 521 ita
511 471 635 521 discentes
655 470 688 520 ad
707 468 836 534 (lopernicl
861 469 993 520 lectionem
1011 475 1037 518 et
1054 467 1190 518 feciliorem
1214 467 1406 533 intelligam
1421 478 1461 531 prr

136 558 256 608 pararem.

207 666 279 717 Hnec
303 681 316 716 e
336 664 490 715 Rothmeuni
508 666 585 715 literis
606 681 635 715 eo
654 666 769 715 libentius
788 668 965 730 excerpsimus,
993 682 1041 730 quo
1060 665 1123 715 aliis
1144 663 1177 712 de
1195 661 1243 712 hoe
1261 660 1346 711 subtili
1373 666 1401 710 et
1416 659 1461 710 tole

136 747 275 788 utronomo
293 739 412 801 pauciore
429 739 597 787 innotuerunt.
636 737 778 799 Tychonem
798 741 899 802 eiusque
920 737 1061 800 „Epistolas
1080 732 1275 785 astrorremicesu
1296 731 1329 781 de
1341 731 1461 781 Rotbmen

137 813 188 859 iere
204 812 304 859 unicum
323 816 413 857 testem
434 807 562 857 hebemus.
601 806 686 857 Libros
704 824 765 872 qnos
784 824 801 859 a
819 824 846 858 se
865 798 1017 872 conscriptos
1030 808 1140 870 Tychoui
1158 806 1248 860 reiert,
1267 819 1319 853 non
1332 803 1424 866 publici
1438 804 1461 864 lc

137 882 210 937 lecit,
238 881 408 943 manuscripta
425 893 482 928 vero
502 878 653 928 Rothmanni
673 878 790 929 Caesellis
812 880 885 929 hodie
911 886 1074 929 reservantur.
1111 877 1206 927 Natum
1229 873 1421 924 Remmium
1444 888 1460 936 p

136 952 221 1001 hibent
239 951 377 1014 Bemburgi
396 965 419 1001 ι,
437 950 547 999 medium
568 949 664 1013 (Tycho
686 950 794 1014 loquitur
812 965 878 1001 auno
899 948 968 998 iseo
993 952 1024 1001 de
1042 948 1195 999 Rothmauni
1215 945 1335 1008 ,iuvenili
1353 944 1454 994 aetate*

137 1025 190 1086 ipse
203 1022 377 1072 Rothmannus
396 1036 423 1070 se
442 1021 529 1070 eodem
548 1036 613 1070 auno
633 1022 693 1071 dicit
713 1024 753 1077 ,in
772 1023 831 1071 flore
851 1025 958 1072 ιιιιιιι“
981 1017 1153 1080 constitutum)
1173 1033 1223 1068 sec.
1237 1016 1328 1073 xvi,
1343 1017 1461 1065 intratos

138 1090 277 1144 inii-90
306 1093 372 1156 npud
394 1092 551 1142 Guilielmnm
576 1092 684 1142 Haecine
704 1092 889 1158 Landgravinm
915 1094 1086 1142 asnonomicie
1115 1090 1264 1141 inserviebat
1289 1087 1389 1137 studiis.
1429 1090 1461 1136 tn

141 1164 207 1215 1590
226 1166 372 1214 Guilielnms
390 1164 454 1213 haec
473 1165 503 1213 de
522 1163 680 1213 Rothmenno
699 1167 802 1214 nunciet
821 1164 944 1228 Tychoni:

208 1289 275 1339 Dese
293 1289 337 1337 nir
355 1286 419 1336 euch
437 1302 469 1334 nu
487 1288 512 1334 in
532 1302 558 1334 so
578 1286 665 1350 langor
684 1286 743 1337 Zeit
760 1289 830 1339 nicht
848 1289 1016 1355 geschrieben.
1036 1290 1068 1337 ist
1086 1287 1125 1337 die
1145 1285 1256 1344 Vrsaeh,
1276 1284 1336 1335 dese
1354 1279 1461 1332 muri

138 1362 287 1410 thematicus
300 1358 473 1408 Rothmennus
492 1360 531 1406 ein
552 1358 660 1422 zeitlaug
678 1359 728 1407 lest
747 1362 885 1423 vnpusslicb
903 1376 1027 1426 genesen.
1047 1359 1135 1408 nudem
1147 1357 1212 1407 auch
1230 1355 1353 1406 uunmehr
1371 1354 1416 1401 vir
1427 1350 1461 1403 sel

138 1443 190 1481 tam
221 1431 284 1479 mole
305 1431 406 1483 aetatis,
425 1443 497 1490 quam
516 1428 627 1476 laborum
647 1436 720 1492 atque
746 1447 858 1481 curarum
878 1433 1018 1481 deuncem
1038 1429 1158 1494 gedrucht
1175 1428 1291 1482 werden,
1320 1426 1380 1475 dass
1398 1425 1461 1473 vir·

137 1505 183 1552 mit
201 1503 249 1552 den
267 1501 455 1551 oblectamentis
467 1499 653 1549 Mathematicis
673 1502 741 1550 nicht
759 1503 828 1552 mehr
845 1504 891 1553 irie
911 1504 971 1552 wohl
987 1517 1060 1551 curor
1073 1499 1220 1549 beschehcn.
1241 1497 1380 1548 oblectiren
1393 1498 1460 1545 idun

139 1574 217 1623 Nicht
236 1574 306 1622 desto
324 1573 433 1635 veniger
452 1571 511 1619 aber
529 1571 688 1620 vnderlassen
708 1575 751 1621 vir
768 1589 841 1623 vnser
858 1576 967 1623 studium
979 1573 1184 1622 llathemeticom
1203 1568 1274 1620 nicht
1293 1584 1321 1617 eo
1337 1583 1385 1632 gar
1397 1566 1461 1619 bleih

137 1645 243 1694 sondern
261 1643 368 1692 hinclsen
387 1641 449 1691 noch
468 1642 614 1699 Ιιιιιιιιιιι,
634 1644 680 1691 wie
700 1638 739 1692 ein
760 1645 796 1692 alt
815 1645 886 1695 Weib
906 1660 946 1694 am
966 1644 1083 1695 Steoken.

208 1715 268 1764 Was
294 1716 354 1764 aber
372 1728 459 1761 vnsern
478 1712 685 1779 Mathematicum
705 1715 812 1772 betriil't,
831 1718 863 1766 ist
883 1716 1019 1779 desselbige
1039 1714 1081 1763 der
1096 1711 1237 1777 ldeynung.
1258 1725 1331 1759 venn
1350 1725 1378 1758 er
1396 1724 1440 1758 nur
1456 1729 1461 1762 ι

139 1789 220 1852 menig
238 1786 322 1835 mbcht
339 1785 472 1840 wendern,
502 1785 549 1833 vnd
570 1785 609 1834 die
628 1784 697 1834 Lim
715 1787 865 1855 recendens,
891 1789 949 1837 dass
978 1802 1003 1836 es
1023 1786 1139 1835 alssdenn
1161 1785 1206 1832 mit
1224 1782 1274 1831 ihm
1301 1783 1386 1831 besses
1403 1782 1461 1832 vert

138 1859 211 1913 solte;
231 1857 320 1907 welche
340 1856 383 1904 wir
401 1855 450 1903 ihm
470 1855 602 1905 eberhart
620 1857 794 1906 widemathen.
833 1858 865 1907 So
878 1859 923 1907 het
942 1875 968 1908 er
987 1858 1045 1906 aber
1064 1855 1126 1905 doch
1145 1856 1217 1904 einen
1231 1854 1337 1918 eigenen
1351 1851 1461 1915 Kopi,dt

138 1929 218 1979 kaull‘t
243 1944 269 1977 ιι
293 1928 340 1977 alle
358 1927 403 1976 Jer
429 1929 501 1975 einen
521 1928 625 1991 eigenen
646 1928 710 1987 Hut,
740 1929 818 1978 demit
841 1935 941 1979 mdsseu
960 1930 1003 1977 wir
1020 1928 1062 1977 ihn
1087 1927 1169 1975 laeseu
1189 1939 1312 1989 gesseron.
1351 1924 1414 1972 liber
1429 1922 1461 1985 lep

139 2016 203 2050 vere
221 2015 248 2049 es
266 2014 325 2058 voe,
355 2013 427 2047 nenu
445 1998 494 2047 ibin
519 1999 614 2062 einiger
632 1997 730 2048 Schede
749 2000 910 2049 nidcrlebren
935 2001 1008 2059 snite,
1036 2000 1102 2048 deon
1122 2012 1148 2046 ιι
1167 1998 1199 2045 ist
1223 1997 1368 2060 ingeniosus
1393 1993 1461 2042 vndei

139 2074 219 2122 ieiner
236 2071 360 2135 gelehrter
378 2068 468 2118 Geeell.
507 2068 620 2134 Begeren
640 2070 775 2119 derhelben
789 2072 941 2137 gnediglicb,
961 2071 999 2119 ihr
1016 2071 1099 2119 vellet
1117 2069 1180 2118 euch
1196 2068 1240 2116 ihu
1258 2082 1306 2116 ron
1319 2075 1461 2129 rnsenrege

138 2144 220 2192 lessen
240 2141 353 2191 belohlen
372 2155 433 2202 seyu
452 2137 498 2188 ἀι.

208 2213 303 2263 Datum
322 2213 347 2260 ln
366 2226 438 2260 rnser
457 2210 531 2261 Stadt
549 2213 597 2260 rnd
617 2211 732 2277 Vestnng
751 2213 835 2263 Caesel
857 2229 897 2263 am
920 2212 958 2263 lb.
980 2211 1043 2275 Meli
1062 2226 1128 2261 anno
1148 2206 1226 2258 iseo.

213 2335 298 2398 Tycho
318 2335 392 2384 relert
410 2334 596 2384 Rothmannnm
615 2338 727 2400 Augusto
746 2352 831 2385 mense
850 2336 1032 2400 Uranibnrgum
1052 2337 1148 2384 venisse
1167 2341 1193 2384 et
1211 2349 1255 2396 per
1274 2333 1368 2396 aliquot
1384 2331 1461 2395 septimi

138 2421 184 2457 ιιι
202 2420 286 2456 ιιιιιι
306 2413 427 2455 moratum
446 2420 514 2464 esse,
542 2413 567 2455 et
585 2402 726 2470 quanqu‘am
745 2409 790 2457 eibi
808 2410 961 2471 proposuerit
979 2408 1035 2456 hinc
1056 2406 1180 2457 Caesellae
1198 2405 1294 2462 redire,
1316 2419 1364 2453 non
1382 2403 1412 2452 ad
1424 2400 1461 2464 pf!

140 2481 219 2541 cipem
237 2491 360 2526 reversum
379 2491 442 2527 esse.
478 2476 565 2526 Morbo
583 2485 686 2527 vexetm
704 2479 844 2529 vehementi
862 2481 966 2529 secessit
983 2480 1009 2528 in
1028 2479 1113 2529 urbem
1131 2479 1239 2542 patriam
1256 2469 1461 2540 ΒοιιιιιιςιιιιίῧΙ

138 2564 186 2614 que
205 2556 315 2599 mortuus
334 2554 373 2597 est
391 2561 456 2598 enno
479 2545 553 2596 1588.

211 2688 239 2750 8)
258 2706 283 2754 p.
303 2688 363 2739 245.
401 2689 505 2754 Spectet
531 2691 568 2740 his
588 2690 709 2754 Heplerus
736 2692 928 2742 admonitionem
956 2693 1004 2749 ,ed
1032 2693 1150 2742 lectorem
1174 2691 1204 2739 de
1228 2689 1401 2753 hypothesium
1422 2684 1461 2746 buli

140 2761 252 2827 operis,“
273 2762 408 2824 praefixam
427 2762 528 2811 editioni
547 2764 641 2826 primae
666 2765 748 2825 operis
768 2763 897 2825 Cepernici
916 2763 1036 2823 (Norimh.
1058 2759 1158 2821 1548).
1195 2762 1311 2811 Andreas
1330 2755 1461 2809 Osiaudei

139 2834 235 2884 celeber
248 2833 289 2882 ilie
302 2834 430 2898 theologus
438 2833 650 2898 Norimbergensie
664 2831 728 2894 (ιιι
743 2835 925 2884 Gunzcnhusne
949 2832 1030 2891 1498,
1050 2832 1066 2897 †
1080 2834 1238 2898 Regiomouti
1252 2830 1345 2891 1552).
1364 2828 1461 2878 metim

139 2909 190 2956 tica
209 2919 305 2969 quoque
324 2905 399 2953 coluit
421 2905 654 2969 imprimendnmque
673 2908 769 2954 curarit
786 2904 963 2970 liorimbergae
977 2905 1106 2970 Cepernici
1121 2920 1180 2967 opus
1193 2904 1224 2954 de
1236 2902 1326 2952 Revol.
1340 2897 1461 2950 Coeleetile

139 2977 211 3027 Heec
230 2982 288 3026 snut
307 2975 422 3025 Osiandri
440 2976 527 3025 verbe:
547 3011 553 3022 .
574 3012 580 3024 .
602 3011 608 3025 .
635 2975 721 3040 Neque
740 2978 805 3025 euim
825 2992 926 3027 necesse
945 2984 995 3036 est,
1026 2991 1069 3026 ιιι
1091 2975 1240 3038 hypotheses
1266 2989 1322 3024 esse
1341 2970 1461 3029 reram

141 3064 173 3098 ne
192 3047 336 3097 verisimiles
354 3048 466 3110 quidem,
495 3048 539 3096 sod
558 3048 663 3103 sufficit,
691 3050 709 3096 si
730 3048 852 3097 caleulum
872 3049 1082 3098 obsecrationibus
1100 3053 1277 3111 congruentem
1297 3045 1460 3095 exhibeant·-

139 3119 207 3172 Setis
225 3124 304 3180 patet,
324 3120 496 3182 apparentium
515 3119 681 3182 inaequalium
699 3126 810 3169 motuum
823 3134 913 3168 causes
933 3123 1108 3169 astronomiam
1126 3122 1224 3182 penitus
1239 3125 1265 3167 et
1277 3113 1461 3179 simpliciterign

139 3205 202 3240 rere.
240 3191 313 3240 Etsi
331 3204 392 3254 ques
410 3189 525 3253 fingendo
545 3191 686 3254 excogitet,
712 3205 869 3254 nequaquam
888 3200 972 3240 temen
997 3193 1022 3239 in
1041 3190 1088 3241 hoo
1107 3192 1246 3254 excogitet,
1274 3198 1303 3238 ut
1320 3189 1359 3238 ita
1376 3183 1461 3235 estete

139 3277 213 3327 quam
236 3261 399 3326 persuadeat,
423 3260 466 3309 sed
492 3267 588 3309 tantum
611 3268 639 3309 ut
659 3262 780 3311 calculum
804 3270 873 3311 recte
897 3264 1037 3312 instituant.
1076 3261 1191 3311 sinemus
1215 3261 1292 3325 igitur
1316 3266 1342 3309 et
1359 3258 1404 3308 has
1419 3265 1461 3304 non

139 3333 287 3397 hypotheses
305 3334 369 3382 inter
386 3339 481 3382 veteres
500 3332 575 3380 nihilo
594 3333 771 3383 verisimiliores
791 3335 953 3384 innotescere.
994 3333 1081 3397 Neque
1100 3335 1230 3397 quisquam
1247 3331 1313 3395 qnod
1334 3330 1367 3380 ad
1384 3324 1461 3392 hpptffl

139 3420 179 3455 ses
198 3408 290 3456 attinet
307 3404 440 3468 quidquam
458 3404 519 3453 certi
538 3404 570 3453 eb
588 3406 740 3455 astronomia
759 3412 893 3467 exspectet,
913 3419 970 3455 cum
990 3406 1045 3468 ipse
1064 3405 1123 3454 nihil
1141 3405 1194 3454 tale
1211 3411 1341 3466 praestare
1359 3406 1434 3467 queat

212 3545 258 3609 10)
277 3563 300 3611 p.
322 3542 381 3595 253.
413 3545 459 3594 De
481 3544 669 3608 Hieronymo
694 3547 897 3597 Fiacastorio
925 3547 987 3597 haec
1007 3547 1155 3598 Weidlernm
1181 3546 1259 3595 secuti
1286 3552 1408 3596 notumne
1436 3536 1461 3588 44

139 3620 222 3676 dicus,
248 3618 405 3683 philosophus
433 3624 459 3668 et
484 3622 557 3680 poeta
576 3617 727 3667 Veronensis
756 3616 823 3679 (net.
849 3633 872 3668 ι.
896 3616 977 3675 1483,
1006 3621 1066 3669 obiit
1084 3633 1107 3669 a
1130 3615 1219 3678 1548.)
1244 3617 1334 3666 librum
1359 3616 1403 3665 sub
1424 3607 1461 3661 id

141 3691 420 3749 ,Homocentrica“
441 3689 518 3738 edidit
537 3687 640 3748 (Venet.
665 3687 739 3738 1538.
776 3689 805 3739 ln
826 3689 978 3753 „Operibue“
1002 3705 1066 3753 quee
1086 3705 1151 3739 ιιιι
1172 3686 1237 3737 1581
1260 3689 1376 3752 Lugduni
1403 3680 1461 3749 prodi

139 3771 197 3812 runt
215 3769 298 3813 exstat
314 3762 356 3811 ille
374 3767 498 3812 tractatus
517 3768 583 3810 tomo
603 3758 657 3820 ΙΙ.)
696 3759 790 3824 Scopu's
814 3765 867 3824 ejus
886 3769 924 3811 est
949 3762 1034 3811 tollere
1053 3762 1156 3812 circulos
1174 3760 1333 3824 planetarum
1351 3754 1461 3808 eecentnti

139 3841 166 3884 et
183 3848 227 3896 per
245 3833 439 3883 homocentricns
463 3847 548 3881 omnes
567 3839 647 3880 motus
665 3833 786 3881 coelestes
805 3834 934 3895 explicere.
974 3832 1045 3892 Quod
1068 3839 1096 3882 ut
1119 3832 1214 3884 efficiet
1237 3832 1312 3897 fingit
1330 3831 1461 3887 „cucimsn

139 3904 245 3969 aliquem
268 3905 362 3954 dnobus
386 3903 492 3953 motibus
510 3904 663 3966 praeditum,
689 3919 791 3967 quorum
810 3904 873 3954 alter
897 3918 912 3952 a
932 3905 1131 3954 circumducente
1149 3903 1243 3967 pendet
1266 3918 1314 3966 quo
1333 3898 1461 3952 circenses

139 3975 242 4037 planete
264 3977 290 4024 in
313 3974 483 4027 latitudinem.
513 3975 577 4023 alter
601 3976 711 4037 proprius
736 3982 838 4038 estque
862 3977 1000 4025 successive
1028 3977 1130 4039 planete
1155 3977 1179 4023 in
1199 3976 1314 4037 opposite
1331 3976 1461 4022 movente!l

140 4046 305 4110 trepidatione
324 4046 432 4109 quadam
450 4045 557 4102 feratur,
583 4046 649 4095 unde
669 4047 773 4110 apogeei
800 4053 825 4095 et
843 4048 952 4110 perigaei
971 4048 1074 4096 variatm
1094 4048 1213 4111 originem
1234 4046 1336 4095 habent.
1372 4043 1461 4094 Polis

141 4118 205 4166 orbis
224 4118 373 4167 eontrerecti
398 4130 414 4165 a
434 4117 577 4173 „circitore“
603 4119 638 4166 sio
657 4125 798 4173 moventur,
826 4134 875 4167 non
898 4127 927 4167 ut
951 4118 1053 4168 circulos
1077 4119 1173 4167 iaciant
1194 4118 1219 4165 in
1238 4131 1264 4165 ιι
1283 4117 1421 4168 redeuntes.
1440 4120 1461 4156 Ἀ

139 4187 231 4238 helices
250 4189 330 4252 magis
350 4194 375 4236 ιι
393 4187 520 4236 umbilicos
539 4185 584 4236 ec.
622 4187 716 4236 Motum
739 4188 805 4238 hunc
825 4191 1057 4253 ,tripudiationem“
1078 4188 1271 4252 nuncupandum
1294 4194 1388 4238 censet.
1419 4180 1461 4232 liti

139 4257 286 4322 hypothesin
305 4259 408 4323 siugulis
427 4259 532 4306 motibus
551 4258 706 4322 planetarum
726 4267 751 4309 et
769 4261 872 4310 fixarum
885 4262 1058 4311 accommodat
1076 4267 1102 4310 ιι
1115 4260 1235 4325 quomodo
1249 4261 1461 4309 obsenesiouesw

140 4330 183 4381 illa
206 4331 355 4381 conveniant
379 4337 516 4378 monstrare
534 4331 629 4378 nititur.
665 4331 736 4381 Haeo
756 4338 910 4388 commenta,
937 4332 1007 4380 addit
1024 4333 1174 4388 Weidlerns,
1200 4324 1461 4393 Τ1ιιιιιιιιιιιιι11ιι

140 4403 212 4451 modo
231 4401 329 4452 fabulae
348 4403 461 4464 sapiunt,
485 4401 518 4449 ad
535 4401 636 4451 ineundi
655 4402 743 4451 calculi
760 4404 869 4452 rationes
887 4405 973 4466 inepta
991 4412 1056 4453 sunt.
1093 4403 1201 4453 Inficiari
1220 4412 1307 4454 ιιιιιι
1326 4418 1373 4450 ιιι
1389 4404 1461 4465 poton

140 4488 171 4524 tx
188 4481 241 4523 toto
260 4473 321 4523 libro
340 4472 455 4522 foecundi
473 4472 622 4522 Frneastorii
639 4475 732 4537 ingenii
750 4474 897 4524 iecultatem
916 4476 1012 4525 elucere
1031 4475 1217 4539 solertiamque,
1245 4489 1320 4538 quem
1342 4477 1366 4522 in
1384 4472 1461 4521 obsti*¹

140 4545 260 4603 tionibus,
279 4559 382 4610 querum
400 4544 551 4594 mentionem
570 4544 656 4606 injicit,
675 4546 832 4595 instituendis
850 4546 971 4603 adhibuit,
989 4561 1036 4597 sua
1053 4547 1125 4596 laude
1143 4547 1288 4611 privandam
1307 4562 1356 4596 non
1374 4557 1426 4594 esse·

213 4684 257 4746 il)
276 4702 300 4749 p.
315 4683 374 4734 254.
407 4685 592 4736 Weidlerns
603 4685 679 4748 (Hist.
695 4688 761 4737 Aetr.
774 4704 798 4752 p.
814 4685 869 4748 68.)
883 4689 968 4737 refert:
989 4689 1060 4748 Quod
1075 4690 1164 4739 Graeci
1182 4696 1276 4738 motum
1290 4688 1354 4738 Solis
1366 4658 1461 4735 eslere

140 4757 173 4807 ad
191 4771 263 4822 quem
282 4772 374 4807 anuum
394 4773 466 4808 sunm
485 4760 632 4808 conformem
652 4761 797 4822 cupiebant,
826 4760 928 4809 Homeri
947 4770 973 4809 et
990 4762 1093 4811 Hesiodi
1112 4768 1196 4810 aetate
1223 4762 1261 4811 rel
1281 4760 1349 4810 hend
1366 4760 1400 4808 ita
1413 4746 1461 4803 ³⁰¹¹

118 4834 196 4905 *pest
213 4844 264 4880 non
282 4829 361 4881 obiter
378 4831 530 4895 propositum
546 4829 691 4888 habuerint,
721 4830 943 4896 Olympiadem
968 4834 1078 4884 inventio
1097 4840 1123 4884 et
1141 4847 1200 4883 usus
1217 4833 1315 4898 probat.
1343 4828 1461 4886 Primiilu
