3278 5542
138 308 203 376 374
558 309 660 359 nram
676 306 780 372 nenas
798 302 1069 371 mammonam

140 470 268 532 necdum
292 468 393 542 finita,
423 468 510 529 simul
535 466 603 546 ipsa
627 466 755 528 musices
779 465 867 545 hujus
892 463 1028 525 suavitas
1052 463 1163 526 invitat
1183 480 1248 539 me,
1279 468 1317 523 ut
1338 461 1493 541 epistolam

139 557 277 639 sequenti
300 556 431 618 diatriba
455 556 563 617 finiam.
611 555 742 615 Veteres
767 554 795 613 in
820 571 926 614 vocum
949 552 1117 615 intervallis
1133 552 1333 634 quaesierunt
1352 551 1396 625 id,
1418 548 1493 629 quod

141 655 190 709 eet
221 645 389 719 minimum,
429 651 462 704 ut
494 664 531 705 ex
564 664 599 704 eo
632 662 686 703 ceu
728 643 876 703 elemento
917 649 1129 721 componerent
1161 641 1349 703 diastemata
1375 639 1492 700 hunro-

139 736 215 809 nica,
242 751 300 812 qua
318 753 350 794 re
365 732 521 812 plurimum
546 732 624 813 lapsi
639 739 720 803 sunt,
744 739 776 791 et
790 750 858 791 sese
883 731 1050 792 indometa
1068 728 1292 792 inextricabilia
1305 727 1492 790 induxeram

139 824 173 885 In
206 840 280 883 voce
312 841 440 900 namque
474 835 581 900 suapte
615 828 724 880 natura
755 838 814 879 non
847 820 936 881 datur
964 818 1116 880 minimum
1148 817 1395 889 intervallorum,
1428 815 1493 895 quia

139 910 330 973 intervallum
368 916 416 970 est
449 909 634 988 comparatio
668 909 791 969 duarum
833 908 1034 986 inaequalium
1072 907 1275 987 quantitatum
1314 902 1491 977 sonantium,

139 1005 299 1080 potestque
328 998 469 1059 influitiee
492 998 603 1058 variari
633 1016 668 1056 ex
693 1007 801 1057 natura
825 997 1036 1076 quantitatum.
1084 995 1180 1074 Igitur
1203 992 1360 1056 contraria
1383 991 1491 1054 ratiom

139 1087 225 1149 nobie
254 1087 411 1165 agendum.
460 1085 658 1156 Quaerendae
692 1104 802 1146 causae
826 1085 1039 1146 diastematum
1075 1084 1330 1157 harmonicorum,
1364 1090 1400 1145 ut
1421 1080 1488 1142 hac·

139 1185 227 1238 tenus
253 1194 308 1254 ego
333 1175 405 1235 ieci:
440 1175 522 1247 inde,
556 1174 779 1252 comparatione
805 1174 1126 1238 iactardiastematum
1150 1173 1269 1246 homm,
1307 1169 1491 1233 resultabunt

139 1265 218 1325 ultro
243 1264 427 1324 diastemata
446 1271 549 1323 cetera
572 1283 629 1323 nou
654 1261 835 1336 harmonica,
862 1262 976 1323 usitata
1000 1269 1100 1323 tamen
1133 1269 1166 1324 et
1188 1279 1242 1340 per
1257 1279 1337 1341 quae
1359 1258 1488 1321 canendo

140 1352 314 1429 itur'atque
338 1350 459 1425 reditur,
486 1350 717 1431 apparebitque,
742 1351 795 1412 illa
818 1368 876 1410 non
900 1352 1002 1411 valere
1026 1351 1091 1410 solo
1114 1370 1183 1424 usu,
1209 1349 1265 1410 sed
1289 1358 1403 1409 natura
1424 1345 1488 1418 uiti;

140 1458 236 1519 neque
261 1439 339 1500 inter
363 1458 430 1500 sese
455 1440 671 1501 communicare
696 1437 794 1517 aliquo
818 1439 947 1512 minimo,
974 1439 1052 1518 quod
1076 1440 1118 1501 sit
1140 1437 1226 1500 unius
1251 1437 1344 1499 modi.
1392 1435 1488 1516 Igitur,

141 1527 166 1589 si
190 1527 347 1588 hannonia
370 1528 565 1609 aequalitatis
589 1527 725 1588 solvatur
748 1527 776 1587 in
802 1528 859 1588 duo
884 1527 1037 1606 aequalia,
1067 1528 1143 1589 duae
1166 1534 1272 1606 partes
1296 1533 1388 1588 erunt
1409 1524 1488 1586 cher·

146 1616 212 1689 dae,
238 1634 360 1696 quarum
385 1616 537 1695 quaelibet
560 1635 627 1676 cum
651 1624 718 1676 tota
741 1625 831 1676 sonat
854 1623 1016 1678 tanceas.
1064 1614 1097 1677 Si
1129 1615 1167 1676 ad
1191 1622 1288 1676 totam
1319 1613 1350 1675 in
1375 1609 1396 1676 3
1420 1611 1488 1674 diri·

146 1722 210 1765 eam
230 1723 391 1784 ¹compares
415 1724 518 1766 sonum
542 1704 673 1783 partium
697 1702 734 1775 2,
759 1704 862 1765 existit
885 1711 1032 1778 decuma,
1061 1714 1093 1765 et
1117 1724 1154 1764 ex
1177 1704 1242 1784 ejus
1264 1702 1438 1764 differentia
1458 1700 1489 1762 ad

145 1799 298 1854 ὅιαιιασωι
330 1793 436 1855 existit
463 1800 675 1872 teareooapar.
723 1793 802 1856 Nam
830 1794 860 1855 in
891 1794 987 1854 tribus
1017 1793 1153 1866 vocibus,
1189 1810 1314 1872 quarum
1344 1800 1488 1853 extremae

144 1887 298 1942 dranceos
321 1882 452 1951 distant,
477 1881 576 1942 media
600 1901 666 1942 cum
690 1881 749 1941 ima
773 1888 905 1943 deunana
929 1882 1057 1956 faciens,
1087 1882 1160 1943 iacit
1183 1899 1250 1942 cum
1274 1898 1420 1959 suprema
1440 1886 1488 1941 aa·

142 1992 314 2047 τισσαρωι.
347 1978 399 2031 aut
423 1982 538 2031 contra.
585 1968 654 2030 Jam
683 1970 789 2049 igitur,
824 1971 849 2031 si
874 1988 1029 2050 compares
1061 1978 1093 2033 et
1123 1976 1239 2051 partem
1263 1986 1342 2048 quae
1368 1974 1489 2031 sanam

143 2065 174 2119 et
198 2077 273 2137 quae
297 2064 502 2137 drareooapar
526 2058 600 2119 facit
627 2077 692 2119 cum
724 2060 828 2119 eadem
853 2066 936 2133 tota,
969 2067 1002 2119 ut
1025 2060 1051 2120 si
1074 2058 1187 2120 chorda
1215 2057 1242 2118 in
1273 2055 1312 2118 12
1335 2058 1488 2128 dividatur,

142 2156 213 2223 tuuc
238 2166 327 2208 sonus
351 2148 480 2226 partium
506 2146 527 2209 8
551 2147 673 2208 sonabit
697 2147 847 2226 diapente,
872 2148 1001 2226 partium
1025 2146 1045 2211 9
1070 2146 1269 2218 diatessaron,
1296 2155 1370 2207 tunc
1386 2165 1425 2207 ex
1443 2146 1489 2207 heo

142 2234 365 2314 comparatione
389 2236 483 2298 oritur
504 2246 594 2296 tonus
618 2235 713 2315 major
736 2236 814 2297 inter
838 2236 979 2297 chordam
1004 2234 1069 2299 inii
1093 2235 1222 2297 divisam
1245 2242 1278 2296 et
1303 2253 1488 2315 sonumpar-

141 2323 215 2384 tium
238 2321 278 2397 83
311 2324 418 2385 dicitur
441 2322 600 2402 ιἰιογδοος,
634 2343 671 2384 ex
695 2325 779 2403 cujus
804 2324 1041 2386 accumulatione
1071 2334 1205 2396 veteres,
1239 2341 1298 2384 uno
1322 2324 1489 2385 Ptolemaeo

141 2419 278 2491 excepto,
304 2412 367 2485 sed,
393 2413 471 2490 quod
496 2412 621 2485 mireris,
647 2411 808 2473 etiamnum
833 2413 994 2488 Boethius,
1027 2413 1128 2475 eonati
1152 2419 1222 2472 sunt
1245 2430 1427 2492 componere
1448 2412 1489 2473 in·

140 2500 270 2560 tervalla
294 2500 477 2561 harmonica.
524 2501 645 2579 ltaque,
676 2500 700 2561 si
726 2510 901 2580 quaeratur,
932 2520 1024 2580 quare
1053 2520 1155 2562 omnes
1180 2501 1255 2562 adeo
1280 2500 1419 2563 homines
1440 2520 1486 2562 ca-

138 2588 235 2648 nendo
259 2607 313 2666 per
336 2590 391 2649 hoo
415 2589 605 2651 intervallum
629 2598 700 2651 eant
723 2592 772 2660 (ut
795 2590 823 2651 in
850 2590 1022 2663 „Victimae
1045 2590 1187 2651 Paschali
1212 2589 1319 2651 laudes
1343 2590 1489 2653 immolent

139 2673 336 2751 Christiaui“‚
362 2685 449 2739 tonus
474 2678 570 2756 major
593 2685 642 2738 est
665 2679 743 2739 inter
766 2697 856 2739 voces
883 2679 943 2752 „im
967 2681 1070 2754 mo“),
1095 2677 1303 2756 respondetur,
1330 2678 1402 2758 quia
1424 2679 1488 2740 baec

137 2763 180 2824 sit
211 2764 380 2826 differentia
414 2765 536 2826 duarum
569 2765 728 2845 primarum
760 2767 997 2838 harmoniarum,
1033 2786 1108 2847 quae
1142 2766 1170 2827 in
1196 2772 1353 2828 transcen
1385 2767 1486 2829 insunt.

140 2852 289 2932 Amplius,
307 2854 333 2915 si
349 2854 500 2915 dividatur
516 2855 660 2933 diapason
677 2855 705 2916 iu
722 2852 752 2927 3,
769 2854 798 2927 5,
824 2852 853 2928 6,
880 2864 912 2916 ut
927 2875 1017 2916 sonus
1032 2855 1162 2935 partium
1182 2853 1201 2917 5
1217 2873 1284 2916 cum
1301 2874 1378 2916 sono
1395 2857 1486 2928 totius,

140 2960 193 3002 seu
207 2943 336 3019 partium
352 2938 381 3017 6,
399 2942 492 3004 iaciat
507 2944 634 3004 diatrion
646 2944 750 3004 molle:
768 2944 859 3005 saciet
874 2945 953 3006 idem
963 2963 1054 3005 sonus
1064 2940 1225 3022 partium5
1238 2963 1305 3004 cum
1321 2964 1397 3006 souo
1408 2942 1487 3005 dimi-

141 3029 208 3089 diae
224 3030 353 3091 chordae
378 3050 429 3091 seu
455 3028 629 3109 partium3,
655 3051 730 3109 quae
755 3052 813 3092 vex
837 3043 886 3094 est
904 3032 1049 3112 superior,
1074 3033 1260 3094 harmoniam
1284 3031 1317 3093 δι’
1333 3029 1368 3105 ἐξ
1382 3033 1487 3094 duram.

141 3116 341 3197 comparetur
365 3137 436 3197 ergo
467 3113 500 3199 5,Ι
530 3120 570 3179 ad
602 3120 732 3198 priorem
771 3117 802 3200 ’,Ι
837 3141 888 3183 seu
923 3130 1075 3200 quartam,
1107 3120 1164 3183 sibi
1195 3120 1381 3200 propiorem,
1415 3121 1442 3183 b.
1464 3141 1486 3180 e.

147 3198 212 3285 5Ἰ,,
243 3207 282 3267 ad
311 3201 382 3287 Ἰ,,,
416 3207 530 3268 existet
562 3215 631 3268 tuuc
656 3216 744 3270 tonus
778 3210 874 3271 minor
902 3204 975 3289 Ἰ,,,
1010 3218 1044 3272 ut
1076 3209 1155 3271 inter
1178 3228 1268 3271 voces
1304 3209 1485 3289 „paschaliu

142 3295 174 3354 ln
195 3295 281 3356 scala
304 3294 396 3372 igitur
418 3295 555 3357 cantoria
574 3296 718 3358 habemus
742 3300 910 3359 naturalem
935 3298 1081 3377 originem
1104 3297 1125 3360 5
1149 3316 1270 3372 vocum,
1295 3318 1345 3372 re,
1372 3298 1417 3370 fa,
1438 3296 1487 3371 sol,

142 3382 184 3454 la,
211 3382 270 3454 sol,
295 3386 343 3455 fa,
372 3385 421 3444 vel
444 3384 473 3445 in
497 3385 622 3465 hymno:
663 3385 823 3459 ,victimae
847 3387 984 3465 paschali
1011 3387 1115 3448 laudes
1139 3386 1295 3448 immolent
1318 3385 1486 3457 Christiani,

139 3488 235 3549 agnus
249 3472 319 3532 rede
336 3474 377 3544 (-
393 3472 448 3533 mit
463 3474 582 3543 oves).“
623 3474 770 3553 Amplius,
797 3475 822 3535 si
839 3476 989 3537 dividatur
1004 3476 1149 3554 diapason
1168 3476 1199 3537 in
1214 3471 1245 3550 4,
1261 3473 1292 3549 5,
1309 3472 1340 3550 8,
1357 3484 1394 3538 ut
1406 3494 1488 3537 sonus

138 3559 267 3638 partium
283 3558 379 3624 5cum
394 3580 468 3622 sono
485 3562 587 3635 totius,
613 3581 666 3623 seu
680 3561 855 3641 partium8
882 3564 973 3625 aciat
988 3559 1179 3638 tc'a‘kmolle
1204 3564 1297 3626 faciet
1311 3563 1392 3626 idem
1406 3583 1489 3626 sonus

139 3648 268 3728 partium
295 3649 315 3713 5
339 3670 406 3712 oum
431 3669 504 3712 sono
530 3650 670 3712 dimidiae
695 3652 834 3725 chordae,
860 3672 912 3713 seu
937 3649 1121 3731 partiumd,
1148 3671 1225 3732 qnae
1246 3671 1308 3713 vox
1332 3661 1383 3715 est
1405 3670 1487 3731 supe·

138 3736 208 3812 rior,
233 3739 418 3800 harmoniam
443 3745 580 3818 διατριωι
599 3741 711 3801 duram.
761 3739 960 3819 Gornparetur
993 3760 1064 3820 ergo
1095 3735 1129 3821 Ἰ
1162 3742 1200 3801 ad
1228 3740 1312 3821 prius
1343 3741 1488 3803 inventam

138 3825 195 3887 srbr
210 3844 379 3907 propiorem
400 3821 452 3910 Ἰ,,
478 3848 530 3889 seu
554 3824 621 3908 55Ι,,
649 3824 718 3888 ad¹
726 3824 795 3911 Ἰ,,,
822 3830 935 3891 existet
954 3830 1021 3891 hrnc
1036 3829 1179 3890 usitatum
1194 3829 1388 3892 mtervallum
1401 3830 1489 3892 miuus

138 3913 245 3975 minori
269 3925 350 3985 tono,
371 3918 447 3995 quod
478 3917 547 3978 ideo
572 3915 764 3978 semitonium
789 3918 944 3997 appellare
968 3919 1067 3991 soleo,
1106 3911 1191 3998 5Ι,,,
1224 3937 1266 3981 sc.
1291 3917 1372 3980 inter
1395 3919 1490 3982 claues

139 4002 172 4074 d,
197 4002 258 4077 dis,
283 4004 332 4064 vel
355 4023 446 4065 voees
470 4005 512 4076 ia,
539 4007 578 4078 ia,
604 4006 805 4069 ascendendo.
853 4007 937 4068 idem
960 4007 1044 4069 fiet
1037 4027 1065 4067 ιιι
1091 4016 1180 4069 cantu
1205 4008 1295 4083 duro,
1324 4008 1353 4070 si
1376 4006 1488 4071 divida-

139 4098 187 4149 tur
211 4091 356 4169 diapason
382 4092 469 4167 in5,
495 4091 533 4167 8,
563 4093 654 4165 10,t
642 4102 712 4157 tuuc
741 4088 792 4178 5Ι,,
822 4103 870 4156 est
893 4101 940 4158 δια
963 4117 1051 4174 apros
1074 4097 1163 4168 dura,
1201 4096 1280 4160 inter
1304 4095 1350 4173 G,
1375 4098 1410 4173 h,
1441 4095 1490 4159 sed

143 4170 178 4258 Ἰ,
207 4188 255 4240 est
286 4180 319 4242 σι
346 4176 378 4252 ἑξ
401 4140 499 4254 molle,
525 4142 662 4252 interh,
696 4202 724 4262 g
771 4184 853 4246 Tunc
881 4177 933 4263 Ἰ,,
961 4186 1009 4246 vel
1048 4179 1081 4287 Ἰ,
1116 4204 1182 4247 oum
1200 4185 1336 4264 proximo
1356 4180 1394 4290 Ἰ
1412 4204 1488 4248 conr-

138 4274 286 4345 paratum,
313 4289 355 4331 sc
388 4265 454 4352 5Ἰ,,
483 4290 549 4331 cum
581 4264 665 4351 5Ἰ,,,
690 4271 789 4351 gignit
818 4265 910 4354 5Ἰ,,,
936 4272 1079 4346 intermi,
1105 4274 1147 4345 fa,
1172 4272 1272 4347 velb,
1298 4294 1328 4349 c,
1353 4274 1386 4337 in
1410 4292 1489 4337 com·

137 4355 467 4437 pensationemh,g;
501 4357 1099 4455 etsidrvrdaurdiapasoniu5‚6,
1138 4360 1190 4432 10,
1220 4370 1293 4425 tunc
1322 4356 1376 4446 5Ι,,
1404 4368 1489 4426 sonat

138 4441 170 4504 δι’
195 4440 228 4518 ἐξ
273 4446 387 4517 durum,
411 4455 442 4506 et
470 4441 503 4527 Ι,
533 4454 580 4509 δια
603 4470 691 4526 apros
713 4449 812 4522 molle,
840 4461 870 4511 et
894 4447 1100 4552 'comparatum
1120 4445 1174 4532 Ἰ,,
1203 4450 1252 4512 vel
1277 4445 1310 4533 Ι,
1340 4470 1491 4533 cumpro·

136 4532 215 4594 xime
246 4526 299 4611 Ἰ,
324 4535 373 4595 vei
402 4530 454 4616 Ἰ,,
484 4555 549 4596 cum
580 4531 647 4614 5Ἰ,,
677 4538 775 4616 giguit
803 4533 874 4620 Ἰ,,,
900 4540 1135 4612 utint,eerd
1143 4537 1299 4614 ,ιεΙιο,
1324 4541 1377 4603 mi.
1424 4538 1489 4602 daur

137 4619 228 4699 igitur
252 4634 317 4684 tota
341 4632 451 4684 octava
475 4625 561 4686 uobis
584 4644 638 4704 per
661 4626 782 4705 gradus,
807 4645 862 4704 per
885 4646 958 4730 quos
982 4635 1091 4689 natura
1106 4628 1194 4689 docet
1217 4629 1380 4690 canendo
1371 4649 1426 4706 rre,
1447 4634 1492 4691 est

139 4708 247 4770 divisa.
293 4712 373 4774 Nam
398 4713 455 4774 etsi
479 4714 608 4775 nondum
634 4715 752 4794 quidem
776 4734 865 4775 voces
889 4716 943 4790 mi,
977 4715 1057 4778 inter
1079 4736 1127 4789 re,
1161 4717 1192 4777 fa
1216 4724 1287 4778 sunt
1317 4718 1493 4799 designatae

137 4796 167 4858 in
183 4797 324 4881 hymno
325 4801 408 4880 ,quid
432 4801 578 4863 vidisti'
570 4803 624 4863 1n“
628 4812 762 4878 ,tamen
786 4805 924 4882 exemplo
950 4825 969 4864 a
983 4804 1185 4884 superioribus
1206 4804 1381 4870 intervallis
1396 4808 1495 4881 ductes,
