3278 5542
407 1454 458 1530 IN
486 1453 790 1530 MYSTERIUM
817 1450 1297 1529 COSMOGRAPHICUM

664 1613 808 1677 aoroa
831 1611 1041 1675 enisurus

787 1804 918 1814 —n——u

246 1930 273 1994 1)
291 1948 315 1999 p.
336 1928 360 1979 ³.
396 1931 465 1982 Inter
487 1932 652 1984 Maestlini
675 1930 847 1994 manuscripts
867 1931 1025 1979 nativitatem
1050 1912 1180 1992 cujusdau'r
1204 1929 1310 1979 Josuuis
1328 1926 1425 1979 hiberii
1447 1925 1519 1990 der
1534 1922 1594 1960 Ἴ*

171 2003 316 2061 hsudimus,
343 2005 414 2066 euius
432 2004 495 2054 calci
513 2006 637 2069 inscripsit
654 2002 801 2052 hfsestiinus
823 2002 888 2051 haee
905 2001 994 2051 verba:
1021 2000 1194 2064 astrologicam
1216 2000 1352 2064 iuditium,
1377 1996 1445 2063 quod
1461 2012 1479 2049 a
1544 1991 1598 2062 θ’

172 2076 251 2139 pelis,
270 2089 316 2140 ego
335 2076 442 2125 scribere
461 2091 640 2140 neuportum,
666 2090 713 2123 nee
731 2075 790 2122 seio.
829 2073 974 2136 Astrologus
992 2088 1017 2121 n.
1037 2087 1086 2123 uon
1105 2087 1172 2130 sum,
1197 2072 1263 2136 quod
1281 2077 1308 2121 et
1324 2069 1424 2135 pathos
1442 2075 1471 2119 et
1484 2065 1600 2132 fin·

172 2147 251 2196 ratim
268 2160 343 2210 saepe
361 2152 513 2210 protestatus
531 2162 593 2196 sum.
631 2145 675 2195 leh
692 2145 741 2195 hab
759 2143 825 2193 mich
848 2144 892 2193 der
909 2143 1063 2209 Astrologie,
1089 2158 1163 2207 quam
1188 2150 1273 2193 tamen
1297 2148 1367 2193 reete
1389 2136 1603 2205 marpataw

172 2218 258 2283 magni
275 2217 353 2274 facio,
373 2217 465 2268 niemsl
482 2218 582 2269 konnen
601 2217 781 2282 anderfaugen.

244 2354 272 2418 2)
290 2373 314 2421 p.
335 2355 359 2405 d.
397 2355 423 2406 Si
447 2359 501 2422 quis
523 2359 661 2408 uberiorem
683 2359 757 2420 hujus
775 2357 809 2406 rei
830 2357 1064 2407 demonstrationem
1089 2355 1226 2413 desideret,
1251 2369 1307 2405 eum
1331 2354 1480 2420 ablegamus
1582 2332 1607 2385 *ἀ

174 2441 235 2493 opas
261 2428 291 2478 G.
312 2427 337 2478 S.
360 2428 517 2493 Kliigclii,
542 2431 702 2493 inscriptum:
739 2427 859 2478 Mathem.
879 2428 1056 2485 Wbrterbueh,
1082 2442 1130 2478 nec
1153 2442 1203 2476 non
1226 2427 1259 2477 ad
1278 2425 1441 2477 Deiambri
1459 2413 1606 2475 his=2²ii

172 2500 236 2550 riam
255 2500 420 2550 nhcnomiae
439 2501 582 2550 recentioris
602 2500 657 2550 Vol.
677 2500 697 2549 1.
717 2516 741 2564 p.
762 2496 813 2547 att
832 2515 867 2564 sq.

245 2638 273 2702 3)
291 2657 316 2705 p.
338 2638 377 2689 10.
416 2640 534 2700 Cometa,
561 2657 634 2707 quem
652 2643 747 2692 indicat
765 2641 904 2705 Kepierus,
924 2649 1071 2705 conspectus
1091 2647 1129 2690 est
1148 2654 1213 2690 auno
1234 2635 1319 2695 1577,
1343 2637 1411 2688 idem
1429 2636 1487 2694 lile,
1583 2617 1606 2667 ἀ·

173 2727 221 2779 quo
239 2711 342 2776 Tycho
361 2712 462 2763 Brahe
481 2713 568 2762 librum
586 2714 654 2763 iilum
673 2728 744 2763 suum
763 2713 886 2762 celebrem
906 2715 1063 2777 conseripsit:
1084 2712 1123 2761 De
1135 2712 1221 2760 mundi
1235 2709 1345 2760 aetherei
1357 2703 1605 2759 mentioriffl

173 2782 351 2848 phoenomenis
369 2784 431 2835 liber
449 2784 581 2834 secundus.
618 2785 687 2835 Inter
705 2800 798 2841 omnes,
817 2798 878 2849 quos
897 2784 981 2846 Tycho
999 2786 1025 2834 in
1043 2784 1091 2833 hoe
1110 2796 1183 2846 opere
1200 2786 1328 2838 recenset,
1347 2775 1604 2830 Messall-:¹⁰

173 2855 307 2905 maximam
320 2855 406 2905 tribuit
423 2846 530 2913 laude'm,
551 2870 606 2905 eum
620 2856 650 2904 ob
664 2856 795 2920 diligentes
809 2855 1000 2911 observationes,
1020 2863 1073 2904 tum
1087 2854 1117 2904 ob
1136 2854 1298 2904 eruditionem
1317 2858 1343 2902 et
1361 2847 1602 2914 hypothesi&

172 2926 379 2984 coadunitatem
400 2927 549 2985 „nemiuem
568 2928 613 2984 ait,
628 2928 694 2977 inter
708 2941 801 2982 omues,
821 2941 922 2991 quorum
935 2928 1028 2990 scripta
1040 2927 1181 2989 inspexerit,
1201 2924 1320 2974 eruditius
1332 2930 1360 2973 et
1374 2918 1599 2987 ingenim

172 2997 297 3048 nemimm
315 2998 391 3046 etiam
409 2998 595 3048 convenientius
614 3005 640 3047 et
657 2998 807 3062 probabilius
833 2997 863 3046 de
886 2997 934 3046 hoe
958 3004 1057 3047 cometa
1079 2997 1229 3047 sententiam
1246 2993 1403 3059 protulisse¹⁴
1445 2991 1594 3044 ΟΜ·

172 3068 284 3119 ratioues
303 3081 361 3116 suas
379 3068 527 3118 Maestlinus
545 3070 571 3117 iu
590 3070 678 3132 oppido
696 3068 837 3132 Backuang
860 3069 886 3116 in
910 3068 1003 3118 ducatu
1021 3065 1249 3132 wirtembergensi
1273 3066 1397 3122 instituit,
1424 3064 1470 3116 uhi
1486 3064 1594 3112 sai*n

172 3140 289 3203 temporis
307 3138 408 3201 parochi
425 3154 526 3189 munere
545 3139 695 3204 fungebatur
713 3136 791 3200 (auno
808 3136 875 3187 1580
888 3139 914 3188 io
927 3139 1083 3189 academiam
1095 3138 1331 3203 Heidelbergensem
1344 3142 1372 3187 et
1383 3150 1454 3187 anuo
1469 3133 1481 3183 1

173 3207 313 3276 'subiugum
326 3216 428 3259 recatus
443 3216 489 3266 est,
508 3210 550 3259 ubi
563 3210 757 3260 mathematicae
771 3217 797 3259 et
809 3211 974 3260 astronomiae
994 3210 1121 3261 docendae
1139 3210 1236 3259 muneri
1253 3207 1362 3272 praefuit
1380 3206 1415 3258 ad
1433 3206 1588 3257 momfl

172 3293 265 3345 aquas
284 3286 358 3329 uuus
377 3287 416 3330 est
433 3282 458 3329 iu
477 3281 564 3344 oppido
583 3282 730 3347 Gceppinga
749 3295 814 3331 auno
836 3278 912 3338 1550.
931 3288 1041 3332 ωοηιιω
1060 3282 1084 3331 d
1107 3278 1146 3328 id.
1167 3278 1224 3330 Oet.
1245 3275 1323 3334 1⁸³¹,
1342 3291 1441 3329 moun
1460 3277 1586 3344 ⁸39¹²¹

173 3346 279 3412 dlumjr
299 3351 481 3401 ohservationes
499 3352 555 3401 iilas
572 3352 663 3415 publici
679 3354 740 3414 juris
759 3353 819 3402 fecit
837 3354 983 3415 inscriptas:
1015 3350 1161 3402 observatio
1181 3357 1207 3401 et
1224 3349 1403 3400 demonstratio
1423 3347 1585 3418 οοιιιοὲνὲ,ο

174 3421 299 3478 utherei,
326 3423 367 3486 qui
394 3423 466 3472 annis
486 3419 519 3470 77
539 3428 565 3472 et
583 3420 617 3471 78
636 3425 784 3473 constitutus
810 3424 835 3472 in
859 3424 966 3487 sphaera
985 3422 1121 3480 ,Veneris“
1149 3423 1279 3486 apparuit,
1303 3435 1361 3471 cum
1384 3407 1584 3471 sdmtrmdss

174 3495 227 3557 sins
245 3493 409 3557 passionibus,
429 3495 549 3543 varietate
567 3508 602 3543 sc.
622 3502 711 3551 motas,
731 3495 785 3544 ioco
804 3493 850 3545 tc.
879 3494 941 3544 Tub.
963 3492 1040 3543 1578.
1077 3495 1115 3544 Ex
1131 3492 1181 3543 hac
1199 3491 1358 3556 inscriptione
1378 3490 1473 3551 elucet,
1491 3488 1590 3557 1¹²⁸

173 3579 200 3616 re
217 3571 298 3614 motus
317 3563 440 3628 Keplerus
461 3565 507 3624 ,de
527 3564 631 3616 Cometa
650 3572 706 3615 tuo
725 3564 855 3615 Venereo“
876 3567 1007 3628 scripserit

243 3703 272 3769 1)
290 3722 314 3770 p.
337 3704 377 3755 14.
414 3706 645 3758 Hohenfelderi
663 3707 757 3756 nobiles
776 3707 901 3756 Austtiaei
920 3702 976 3766 (filii
995 3706 1078 3756 Aestii
1096 3704 1273 3757 Hoheufelderi
1289 3706 1316 3755 iu
1328 3703 1497 3755 hittenheim
1558 3691 1603 3738 θ*

173 3775 292 3842 Almegk)
311 3784 363 3827 turn
381 3780 497 3842 temporis
516 3775 531 3826 3
549 3779 646 3835 habes,
665 3777 836 3842 wolfgangus,
856 3777 1003 3843 Ludorieus,
1024 3782 1049 3827 et
1061 3776 1171 3832 Mutus,
1191 3776 1321 3842 Tubingae
1337 3775 1419 3826 literis
1438 3768 1609 3839 operta

173 3847 282 3908 dabant,
302 3850 501 3912 praeceptoribus
513 3856 613 3900 utentes
625 3848 701 3898 hiiah.
717 3848 812 3912 Ziegi
822 3863 892 3906 ero,
914 3847 1027 3911 physices
1044 3848 1189 3911 professore,
1212 3853 1238 3897 et
1248 3846 1305 3896 Vito
1318 3844 1467 3904 hidilero,
1485 3843 1613 3911 91⁰⁶

173 3917 265 3968 fessore
283 3918 382 3983 linguae
400 3919 494 3969 latinae
513 3928 539 3970 et
557 3934 673 3985 graecae.
703 3920 843 3969 Ludorieus
858 3921 883 3969 io
896 3918 1023 3969 Hansehio
1041 3920 1141 3982 saepius
1159 3918 1273 3972 occurrit
1291 3918 1358 3967 iuter
1375 3915 1478 3983 legatos
1495 3911 1616 3966 βο·

173 3989 283 4038 minam
293 4003 421 4051 procerum
434 3991 564 4047 Austriaer
584 3990 747 4055 wolfgangus
762 3998 788 4041 et
800 3990 939 4040 Ludorieus
952 4004 1018 4039 anuo
1033 3986 1101 4038 lose
1114 3989 1228 4054 praeside
1246 3986 1422 4039 Massiliae
1441 3980 1547 4054 paui
1559 3973 1620 4018 ⁶⁴

173 4059 685 4192 remaledicebat
935 4043 1624 4194 tererestereres&

173 4199 252 4265 proi-t
271 4206 298 4250 et
315 4201 376 4264 disp.
396 4200 517 4267 logicam:
536 4204 567 4252 de
586 4202 803 4260 demonstratione,
822 4149 954 4266 praespd.
968 4149 1132 4259 Planerd,
1150 4202 1216 4253 med.
1238 4207 1264 4251 et
1281 4200 1370 4265 philos.
1389 4200 1519 4266 professo
1530 4186 1624 4238 μ’

173 4269 274 4322 Marem
292 4274 418 4336 proposuit
435 4287 459 4323 a
481 4271 549 4323 15911
572 4273 685 4338 praeside
704 4272 890 4324 Maestliuo
913 4276 974 4337 disp.
1001 4274 1031 4324 de
1051 4273 1200 4338 Eelipsibus,
1225 4279 1251 4322 et
1273 4285 1355 4336 prses.
1375 4271 1508 4339 Zisgie
1548 4253 1627 4305 5⁰

175 4341 237 4408 disp.
255 4343 385 4409 physicam
403 4344 435 4394 de
453 4344 525 4395 Visu.

245 4480 274 4545 t)
292 4498 316 4547 p.
338 4481 380 4532 11.
416 4484 657 4550 christophorus
675 4484 842 4543 Beseldus,
869 4485 970 4549 Kepien'
994 4485 1075 4535 affinis
1101 4483 1168 4546 (ride
1186 4484 1271 4535 literas
1289 4483 1393 4535 Besoidi
1410 4484 1440 4535 in
1457 4479 1594 4550 μιν*

174 4551 316 4618 adopt),
338 4555 459 4619 professor
485 4556 527 4606 ille
548 4556 713 4621 'l'ubiugensis
741 4554 810 4617 (inde
833 4557 865 4607 ah
887 4570 952 4606 auno
975 4552 1074 4616 1810),
1102 4557 1143 4620 qui
1168 4561 1267 4606 mutata
1291 4555 1341 4606 dds
1370 4568 1439 4605 suno
1472 4548 1535 4605 15
1547 4519 1624 4585 3⁰

174 4624 249 4683 olam
267 4638 333 4674 auno
354 4622 421 4674 iddd
439 4627 525 4691 palam
542 4627 672 4677 formulam
685 4626 840 4678 catholicam
855 4628 981 4691 ampiexus
997 4635 1043 4676 est
1072 4627 1224 4690 Disputatio,
1243 4641 1319 4691 quam
1331 4625 1392 4676 dicit
1403 4610 1619 4692 aspreta*

174 4709 224 4747 otu
241 4697 307 4760 typis
325 4697 444 4761 impressa
462 4712 516 4748 esse
535 4698 646 4755 ridetur3
665 4699 730 4748 redit
748 4699 780 4749 ad
799 4713 856 4748 eam
868 4697 992 4762 Kepierus
1010 4700 1035 4748 in
1055 4699 1238 4748 Dissertatione
1257 4713 1313 4748 oum
1330 4699 1424 4749 nmeio
1443 4697 1501 4749 side

66 4792 73 4807 .
175 4772 202 4816 ss
218 4767 246 4817 a
261 4768 361 4817 acuon
374 4768 476 4830 amas,
495 4769 601 4834 uacus
619 4775 699 4833 potet,
718 4769 854 4835 Koplsmm
871 4770 897 4818 a
915 4770 967 4826 ura.
987 4768 1155 4835 rugeam
1174 4775 1200 4819 o
1212 4767 1372 4820 rismum
1391 4766 1439 4832 (a.
1451 4749 1613 4819 uua*

175 4834 253 4901 faeie)
270 4844 395 4898 secutum
416 4839 447 4889 de
465 4840 555 4892 Lunae
573 4854 688 4906 corpore,
707 4842 826 4898 mteria,
844 4840 932 4891 incolis
950 4841 1044 4891 lusiue.
