3278 5542
366 1104 370 1112 ·
442 1054 517 1185 ⁴nr
555 1109 737 1185 11111
777 1111 1175 1191 assuesceres

628 1306 772 1370 NOTAE
795 1306 1006 1372 EDITORIS.

230 1636 257 1699 1)
275 1652 298 1701 p.
319 1633 379 1685 310.
417 1635 1132 1701 31111111111111111111111111111111111111
1154 1637 1267 1700 imperito
1297 1635 1427 1700 decempes
1445 1636 1499 1685 sdes

138 1711 233 1762 lacunis
253 1718 279 1759 et
296 1708 392 1758 mendis
411 1707 550 1757 deformata
568 1713 621 1764 est.
646 1714 674 1757 ut
692 1722 768 1773 aegre
788 1723 818 1758 ex
835 1710 1004 1774 manuscripto
1021 1709 1094 1765 haec,
1119 1722 1185 1773 qnae
1202 1707 1303 1774 paginis
1323 1703 1377 1754 3116
1396 1721 1431 1755 ss.
1450 1722 1496 1770 prc-

138 1783 272 1846 posuimus,
291 1779 510 1830 enueleaverimus.
547 1778 586 1828 Ne
606 1793 663 1845 erge
683 1793 775 1846 aequus
794 1780 873 1830 lector
891 1795 936 1840 ea.
963 1795 1027 1846 quae
1045 1781 1126 1831 minus
1144 1786 1203 1829 sunt
1221 1778 1357 1843 perspicua
1376 1777 1415 1829 rel
1434 1777 1498 1842 plsns

137 1855 250 1908 obseura,
270 1851 338 1900 uobis
357 1853 462 1915 imputet
481 1851 595 1914 petimus.

227 1920 255 1983 2)
275 1939 298 1985 p.
320 1919 379 1970 331.
417 1921 570 1971 Joannes
589 1921 783 1972 Feruelius
809 1919 872 1983 (nat
893 1924 1020 1973 Arvernae
1038 1922 1197 1973 Picardornm
1216 1918 1351 1978 115061
1383 1920 1498 1984 protessus

137 1996 244 2046 Lutetiis
262 1994 412 2043 Parisiorum
432 1999 510 2041 artem
528 1992 664 2049 medicam,
685 1993 802 2043 archiatri
819 2009 920 2044 munere
939 1994 1039 2045 iunctus
1057 1993 1173 2059 Reginae
1186 1992 1343 2044 catharinae
1357 1991 1498 2048 Hediceses

138 2075 208 2116 mort.
230 2062 311 2126 1556)
330 2065 428 2127 saepius
448 2077 464 2112 a
481 2063 589 2127 Keplero
608 2071 757 2114 memoratur
775 2080 832 2115 cum
849 2066 875 2114 in
894 2066 965 2115 rebus
983 2065 1180 2120 mathematicis.
1200 2071 1253 2113 tuns
1272 2064 1374 2128 opticis.
1407 2063 1497 2121 ,lucs-

138 2140 187 2189 ruit
204 2153 289 2201 opere.
316 2136 379 2201 quod
398 2135 537 2184 inscribitur
555 2133 792 2185 Cosmotheeria
810 2133 878 2195 (Par.
901 2133 997 2199 1528),
1024 2138 1049 2186 in
1068 2151 1117 2201 qua
1136 2135 1281 2185 coelestium
1301 2149 1434 2198 corporum
1452 2150 1496 2184 ne

139 2219 208 2265 tum,
229 2210 314 2265 situm,
334 2206 530 2271 magnitudinem
550 2211 576 2255 et
593 2204 729 2256 1111111111
749 2207 887 2271 explicarit.
924 2206 999 2257 Porro
1019 2215 1122 2257 conatus
1141 2212 1180 2257 est
1197 2205 1320 2270 indagare
1340 2219 1429 2255 reram
1445 2220 1497 2272 grs-

138 2280 213 2331 duum
231 2278 361 2329 meridiani
374 2277 505 2326 Terrestris
524 2278 691 2341 quantitatem
709 2284 735 2326 et
752 2279 827 2342 ipsius
840 2277 932 2328 'l'errse
950 2278 1121 2342 peripheriam,
1141 2292 1188 2342 quo
1206 2277 1293 2327 labore
1312 2275 1450 2327 defunctus
1465 2285 1499 2327 est

139 2366 204 2402 auno
226 2348 321 2398 1550!
349 2346 413 2410 (W.)
438 2348 509 2397 llaec
527 2349 580 2410 ipse
598 2348 725 2398 llernelius
743 2350 817 2401 reisrt
836 2349 932 2400 dehoc
951 2357 1057 2400 conatu:
1075 2348 1220 2399 Latitndlns
1238 2347 1383 2399 Pariaiensi
1402 2354 1499 2412 1111111

138 2418 245 2474 18131
264 2420 386 2484 proiectus
403 2435 456 2468 sum
474 2420 499 2468 iu
517 2418 598 2468 lecum
614 2416 641 2466 l⁰
658 2421 755 2483 propius
772 2435 855 2471 versus
868 2422 967 2471 boream
985 2421 1068 2479 situm,
1087 2420 1129 2485 qul
1147 2419 1213 2484 vulgi
1231 2419 1380 2468 testimonio
1399 2418 1500 2470 distabat

141 2509 158 2545 a
175 2494 275 2544 Parisiis
295 2491 328 2540 25
347 2492 431 2541 leucis.
446 2526 452 2538 .
468 2526 473 2538 .
490 2525 495 2538 .
510 2489 665 2552 Vehiculum,
684 2491 748 2554 quod
766 2492 873 2542 Parisios
892 2499 963 2542 recta
980 2493 1021 2542 ria
1037 2492 1147 2557 petebat,
1167 2489 1303 2540 consuendi
1322 2490 1351 2539 iu
1372 2503 1449 2554 eoque
1465 2505 1498 2540 se

141 2566 202 2616 deus
221 2571 275 2614 tota
294 2565 334 2612 ria
354 2558 441 2610 17021
467 2568 537 2610 rotae
565 2562 793 2613 circumvolutiones
819 2563 920 2628 collegi,
946 2562 1048 2613 vallibus
1071 2569 1098 2613 et
1120 2559 1242 2610 montibus
1272 2560 1306 2610 ad
1327 2560 1500 2625 aequalitatem

140 2643 258 2702 quantum
278 2633 384 2684 incultas
404 2640 489 2682 nostra
507 2632 603 2685 ferebat
620 2633 735 2682 redactis.
773 2634 835 2683 Erat
859 2640 942 2684 autem
960 2641 1030 2684 rotae
1048 2633 1113 2682 illics
1132 2633 1254 2682 diameter
1272 2627 1299 2678 θ’
1318 2645 1416 2696 sexque
1433 2632 1499 2696 paulo

139 2709 219 2772 ansgis
238 2707 369 2772 digitorum
388 2704 605 2769 geometricorum:
630 2695 660 2753 ob
678 2705 750 2769 idque
770 2707 822 2767 elus
841 2706 947 2755 ambitus
966 2712 1022 2756 erat
1040 2702 1082 2753 ²0¹
1101 2718 1146 2754 seu
1164 2715 1283 2767 passuum
1301 2698 1328 2751 l.
1379 2702 1427 2753 ffis
1449 2717 1500 2767 ergo

140 2778 329 2829 revolutionibus
348 2791 392 2840 per
410 2773 425 2822 l
446 2775 534 2831 ductis,
554 2776 632 2839 reperi
650 2790 738 2838 passus
758 2772 855 2834 68096,
875 2791 939 2841 quae
956 2784 1014 2826 suut
1030 2775 1145 2824 milliaria
1156 2772 1248 2824 Italica
1262 2770 1297 2822 68
1315 2786 1377 2824 eum
1395 2773 1500 2838 passibus

143 2847 205 2898 116..
221 2883 247 2897 ..
267 2848 329 2898 1111
348 2853 476 2912 computat
495 2847 622 2895 Fernclius
641 2845 733 2897 Terrae
753 2849 872 2898 ambitum
890 2862 926 2890 =
945 2844 1033 2897 21511
1051 2845 1175 2896 milliaria

229 2919 453 2968 Astrouomicorum
477 2917 628 2982 quorundam
654 2918 871 2968 instrumentorum
889 2934 960 2967 nsum
980 2917 1116 2968 declararit
1134 2913 1261 2965 Ferueliua
1279 2914 1306 2963 111
1325 2913 1407 2974 libro,
1434 2928 1499 2980 quen

139 2991 280 3055 inscripsit:
309 2989 550 3052 Monalosphaerium
570 2987 637 3049 (Par.
661 2987 759 3050 1526),
780 2989 810 3039 11
830 2990 991 3040 arithmeticis
1009 2990 1062 3055 egit
1078 2987 1105 3038 in
1122 2987 1189 3037 libris
1207 2984 1232 3034 11
1252 2983 1284 3036 de
1301 2984 1500 3051 Propertioaihus

140 3061 209 3124 (Par.
232 3059 321 3122 1528).
360 3060 444 3124 Opera
462 3060 567 3109 Femelii
586 3073 650 3124 quae
669 3060 701 3109 ad
720 3061 868 3111 medicinam
886 3066 1009 3124 11111111,
1028 3065 1143 3110 recenset
1160 3056 1307 3109 Joecherus.

230 3131 257 3193 3)
278 3149 300 3196 p.
322 3128 381 3179 317.
419 3131 571 3180 Abraham
591 3129 755 3181 Scultetus
774 3129 952 3193 (Buchholaer)
970 3131 1045 3181 theol.
1058 3130 1125 3181 Prot.
1137 3127 1322 3193 Heidelbergae
1341 3125 1409 3192 (nat
1427 3129 1500 3180 11111-

140 3205 218 3269 hergii
244 3206 269 3252 in
289 3202 379 3253 Silesia
404 3216 469 3251 auno
492 3199 664 3261 1566,11111.
689 3199 763 3252 1625.
784 3203 878 3252 Emdae
901 3204 1005 3266 pastoris
1028 3216 1129 3252 munere
1154 3197 1266 3260 iunctus)
1289 3207 1395 3263 praeter
1419 3199 1500 3249 multos

141 3275 214 3324 libros
234 3274 266 3323 ad
286 3273 453 3338 theologorum
471 3273 602 3336 praecipue
619 3276 797 3324 controversias
814 3275 965 3338 pertinentes
983 3274 1127 3336 conscripsit
1140 3271 1350 3336 „Sphaerieornm
1362 3270 1437 3321 libros
1448 3278 1500 3322 tres.

142 3344 256 3396 Heidelb.
286 3342 371 3393 15911*
401 3342 487 3393 addita
505 3343 702 3410 Trigonometn'a
719 3344 829 3396 Barthol.
849 3344 948 3402 Pitisoi,
971 3358 986 3394 e
1011 3342 1250 3410 quibusrl'ahricius
1275 3354 1321 3400 ea,
1348 3347 1414 3407 qnae
1435 3355 1502 3406 supra

141 3416 265 3482 leguntur,
285 3416 410 3465 desnmsit.

232 3487 378 3537 Taurelli
398 3484 527 3546 (Nicolaus
547 3484 676 3543 Oechalia,
695 3492 748 3535 nat
769 3485 854 3535 Monte
873 3485 995 3535 Pelicardi
1015 3499 1080 3535 anno
1101 3481 1178 3542 1517,
1197 3483 1265 3548 prins
1283 3483 1420 3543 Basileios,
1439 3492 1499 3547 post·

140 3558 189 3609 hac
210 3559 314 3609 Altdorfi
333 3558 482 3607 medicinam
502 3557 676 3618 profitebatur
700 3564 770 3605 mort.
793 3553 872 3616 1601)
900 3563 999 3620 praeter
1016 3570 1093 3620 opera
1111 3554 1282 3620 philosophica
1300 3561 1329 3604 et
1347 3555 1447 3604 medies
1463 3569 1498 3603 oc·

142 3637 244 3680 currunt
262 3631 315 3679 libri
336 3629 383 3687 „de
402 3628 509 3677 muudo¹⁴
531 3634 556 3676 et
576 3627 623 3685 „de
642 3627 726 3677 coelo⁸⁴
746 3635 849 3691 uterque
868 3629 984 3678 adversus
1002 3628 1219 3688 Piecolomineum‚
1246 3625 1383 3690 inquibus
1400 3625 1498 3690 phileae

140 3701 214 3765 phum
234 3703 314 3765 magis
333 3714 405 3763 quam
426 3706 592 3748 astrommum
612 3700 665 3763 agit
684 3699 805 3748 disserens
824 3699 856 3748 de
874 3699 1029 3763 planetarum
1048 3698 1161 3748 motibus.

230 3768 381 3834 t)p.341.
419 3770 525 3833 Tyeho
543 3770 568 3817 iu
590 3769 785 3827 „conclusione“
814 3770 867 3819 libri
893 3771 924 3819 de
943 3769 1023 3820 Stella
1046 3765 1193 3820 anui157²
1218 3764 1369 3832 (Progymn.
1388 3763 1413 3826 Ι)
1432 3766 1500 3816 aliam

141 3842 233 3906 profert
250 3844 400 3892 sententiam
420 3841 450 3891 de
470 3848 523 3890 ortu
542 3854 660 3889 novarum
679 3840 821 3890 stellarum:
850 3843 976 3904 nuspiam.
999 3842 1092 3905 inquit,
1117 3839 1238 3903 copiosius
1256 3840 1370 3887 materia
1386 3853 1430 3901 pro
1448 3851 1499 3886 een·

142 3914 291 3962 formatione
311 3913 415 3975 alicujus
435 3913 522 3962 stellae
541 3912 666 3961 ascititiae
684 3918 814 3975 suppetat,
834 3926 908 3976 quam
924 3915 995 3974 Juxta
1013 3913 1078 3960 riam
1096 3911 1218 3970 lacteam,
1244 3921 1321 3975 quam
1341 3908 1500 3959 substantiam

142 3983 266 4049 quandam
287 3984 419 4034 coelestem
439 3998 455 4033 a
474 3984 581 4032 materia
599 3983 746 4047 reliquarum
765 3982 891 4032 stellarum
909 3999 959 4032 nen
978 3983 1167 4046 discrepantem,
1187 3980 1232 4030 111
1246 3978 1366 4030 diffusam
1383 3979 1500 4043 certisque

142 4054 202 4104 locis
223 4068 357 4119 expansam
377 4070 431 4105 esse
450 4060 545 4104 statuo:
573 4054 678 4118 hincque
697 4054 791 4103 lactum
807 4054 906 4116 jndice,
932 4053 997 4118 quod
1016 4053 1088 4104 Nora
1105 4053 1167 4103 haec
1185 4052 1212 4100 in
1231 4051 1283 4114 ipso
1304 4050 1425 4117 gelasias
1441 4063 1498 4098 mar·

142 4126 201 4191 gine
221 4127 368 4182 constiterit,
388 4127 460 4190 idque
479 4140 529 4175 uon
548 4126 650 4175 obscure
668 4126 819 4181 insinuabat,
846 4139 901 4175 eam
920 4140 950 4175 ex
969 4125 1056 4175 eadem
1076 4138 1126 4190 qna
1143 4122 1245 4189 gelasia
1261 4123 1320 4185 ipsa
1337 4121 1452 4185 praedita
1467 4128 1500 4169 est

142 4196 284 4246 substantia
303 4198 481 4246 conformatam
499 4197 583 4246 inisse.
632 4195 698 4256 Quin
716 4203 743 4245 et
762 4196 842 4245 adhuc
861 4196 943 4245 hiatus
962 4195 1061 4260 quidam
1079 4197 1106 4246 in
1124 4209 1153 4244 ec
1171 4195 1223 4257 ipse
1243 4192 1363 4258 galaxian
1381 4192 1437 4241 leco
1453 4205 1498 4241 cer·

141 4269 215 4328 nitur,
234 4267 278 4316 ¹ubi
297 4267 370 4317 stella
388 4268 450 4317 haec
470 4281 528 4316 snas
547 4266 618 4316 sedes
638 4267 751 4323 obtinuit,
770 4267 843 4331 idque
862 4267 894 4316 ad
913 4268 1079 4331 quantitatem
1097 4265 1169 4332 qnasi
1188 4263 1344 4327 semiplenae
1357 4262 1445 4313 Lunae
1456 4298 1464 4311 .
1475 4296 1498 4309 .-

141 4339 203 4388 sstis
230 4339 337 4388 discrete
363 4339 559 4388 animadvertere
587 4338 663 4387 cuivis
690 4338 781 4389 licebit
820 4338 900 4399 Quem
928 4345 995 4388 certe
1018 4337 1114 4388 hiatum
1136 4350 1188 4385 non
1205 4335 1323 4384 recordor
1340 4349 1380 4384 me
1398 4346 1499 4398 unquam

142 4417 232 4470 antea,
261 4423 334 4472 quam
353 4412 471 4459 extiterat
488 4410 551 4461 haec
569 4409 656 4466 stella.
675 4409 765 4458 ibidem
784 4409 982 4472 deprehendisse.
1002 4431 1036 4443 -
1059 4409 1132 4459 Hane
1149 4408 1303 4457 senteutiam
1321 4405 1447 4470 Keplerns
1463 4417 1499 4454 st·

142 4481 203 4543 cipit
220 4483 245 4529 iu
266 4480 326 4545 Cap.
347 4478 388 4527 22.
408 4482 462 4530 libri
482 4481 521 4531 De
541 4479 619 4530 Stella
637 4480 709 4529 Nora
727 4479 890 4544 Serpentarii.
903 4506 930 4516 -

234 4548 262 4612 5)
281 4568 304 4615 p.
326 4547 386 4599 ale.
424 4553 580 4616 Keplerus
605 4567 664 4615 opus
684 4551 819 4601 Gilberti
844 4551 873 4602 11
893 4551 1013 4617 Magnete
1037 4547 1174 4612 (Guilielmi
1196 4547 1302 4599 Gilberti
1322 4546 1500 4599 caleamus.

142 4619 235 4671 Medici
254 4621 436 4677 Londiuensis.
468 4624 498 4673 de
517 4623 637 4687 Magnete
662 4624 857 4687 magnetioisque
886 4622 1025 4686 corporibus
1050 4627 1076 4672 et
1100 4621 1131 4672 de
1148 4633 1242 4686 magun
1258 4627 1383 4686 magnete
1400 4617 1499 4669 reum

142 4691 302 4758 Physiologia
320 4708 392 4751 nova,
411 4695 520 4759 plurimis
539 4701 565 4744 et
583 4695 735 4758 argumentis
754 4701 780 4743 et
799 4694 971 4757 experimentis
990 4693 1168 4744 demonstrata
1203 4691 1315 4742 Loudiui
1336 4687 1501 4754 1600)(1111

142 4764 246 4826 primum
266 4764 387 4828 inspexit,
415 4780 506 4831 magno
537 4766 635 4828 accepit
659 4765 750 4830 gaudio
775 4767 889 4832 omnique
907 4764 987 4816 studio
1006 4765 1130 4829 perrolrit.
1169 4762 1255 4825 Quare
1273 4764 1307 4814 ad
1327 4763 1387 4814 illud
1404 4776 1464 4828 opus
1479 4761 1502 4808 in
