3278 5542
136 274 202 343 264
685 278 809 345 ΑΜ·
826 276 949 342 symm

80 488 83 493 .
136 438 255 519 cipuam
289 437 380 501 etiam
411 437 546 501 fraudem
576 438 763 502 committat:
797 438 896 501 risum
923 446 973 501 est
1003 437 1156 518 peculiare
1184 444 1281 520 caput
1310 438 1341 501 in
1365 457 1404 500 es
1423 457 1483 501 con·

40 579 46 586 .
138 546 274 592 sumere:
307 528 336 590 in
361 527 447 607 cujus
471 527 557 590 initio
589 547 666 608 quae
693 527 730 589 de
754 527 916 609 Apollonio
951 527 1039 589 nobis
1068 534 1212 590 constant
1241 547 1280 591 ex
1308 527 1368 590 fide
1399 527 1481 607 dignis

139 616 310 680 auctoribus
329 616 544 697 judicabimus;
568 625 677 696 postea
700 635 796 697 nugas
811 617 883 682 Ursi
908 636 974 679 cum
999 616 1060 678 illis
1083 619 1285 681 conferemus.

725 859 910 868 --n-——a

708 1058 829 1159 Caput
854 1058 921 1134 III.

271 1233 392 1299 Nullos
414 1244 539 1300 sudore
561 1234 727 1321 Apollonii
749 1237 891 1321 Per-poet·
912 1238 1097 1322 hypotheses
1119 1236 1360 1300 amessa.

227 1393 316 1466 Quod
340 1393 369 1457 in
393 1396 597 1460 architectura
618 1417 674 1459 usu
696 1398 788 1474 venit,
814 1406 928 1462 utnon
951 1419 990 1460 ex
1004 1418 1064 1461 nna
1077 1397 1196 1460 officina
1219 1402 1364 1477 petantur
1387 1394 1484 1467 omniu,

138 1485 216 1560 calx,
240 1493 442 1561 caementum,
467 1486 558 1561 clavi,
584 1505 688 1561 serae,
719 1487 886 1560 fenestrae,
918 1507 973 1550 neo
997 1487 1078 1550 idem
1101 1486 1286 1550 architectus
1309 1491 1344 1547 et
1367 1482 1486 1564 lapicids

136 1574 177 1636 sit
209 1581 240 1636 et
262 1572 408 1653 lignarius
437 1582 468 1637 et
490 1576 631 1638 ferrarius
660 1584 692 1638 et
716 1578 895 1639 arcularius:
929 1577 1008 1638 idem
1027 1584 1060 1639 et
1088 1576 1119 1638 in
1147 1572 1351 1638 astronomico
1375 1570 1486 1653 negotio

137 1683 192 1725 usn
215 1662 308 1724 venit.
354 1664 476 1727 Etenim
500 1665 549 1745 qui
572 1664 651 1726 omni
675 1665 766 1728 animi
790 1668 974 1747 cogitatione
998 1665 1072 1728 inid
1095 1665 1230 1728 intentus
1248 1672 1307 1739 est,
1330 1670 1368 1726 ut
1390 1681 1428 1724 ex
1446 1661 1486 1737 iis,

137 1752 266 1833 quaein
291 1753 375 1816 coelo
399 1754 526 1817 diversis
551 1754 737 1834 temporibus
761 1756 911 1832 eveniunt,
937 1754 1196 1836 argumentatione
1219 1752 1379 1826 derivata,
1401 1750 1487 1834 hypo-

137 1841 240 1905 theses
265 1842 382 1922 aliquas
411 1844 512 1905 mnndi
546 1844 673 1906 formam
698 1845 902 1925 exprimentes
926 1845 1110 1919 constituat,
1143 1843 1223 1905 hunc
1245 1840 1410 1904 architecti
1431 1841 1488 1904 loco

136 1932 248 1995 habeo:
283 1933 367 2013 cujus
392 1933 511 2014 quidem
534 1941 623 1994 tanta
647 1941 695 1996 est
717 1934 890 2014 occupatio,
924 1941 959 1997 ut
976 1932 1162 2014 impossibile
1186 1933 1241 2008 sit,
1274 1930 1376 2012 ipsum
1399 1929 1489 1993 omnia

136 2043 157 2084 a
178 2041 211 2084 se
236 2020 302 2100 ipso
325 2030 440 2103 petere.
486 2021 611 2101 Accipit
633 2022 724 2102 igitur
739 2022 967 2087 observationes
991 2025 1085 2103 ipsas,
1109 2023 1158 2084 vel
1177 2040 1281 2084 omnes
1305 2020 1356 2082 vel
1379 2018 1488 2100 aliqum

137 2112 176 2173 ab
200 2111 289 2184 aliis;
313 2120 392 2187 sunt,
418 2112 467 2192 qni
491 2112 612 2174 tabulas
637 2112 680 2173 illi
700 2119 879 2175 construant
900 2114 966 2176 usui
981 2111 1154 2194 quotidiano
1169 2109 1372 2173 necessarias.
1409 2108 1490 2173 Alina

140 2200 347 2264 arithmetices
372 2201 544 2281 praeceptis
574 2201 674 2263 clarus
707 2202 841 2291 nonnihil
874 2202 968 2266 habet
997 2203 1028 2264 in
1052 2221 1108 2263 sua
1131 2199 1329 2281 supellectili,
1364 2196 1489 2280 quodin

138 2309 223 2353 suum
257 2309 343 2352 usum
376 2289 489 2370 seligat
512 2291 633 2352 artifex.
679 2290 769 2353 Alius
792 2291 936 2372 operandi
964 2311 1018 2372 per
1041 2309 1180 2354 numeros
1210 2287 1393 2368 compendia
1414 2305 1489 2351 com·

137 2378 319 2453 miniscitor,
355 2379 432 2441 alius
462 2378 630 2442 doctrinam
654 2379 772 2442 sinuum
795 2381 958 2443 artificiose
980 2379 1091 2454 tradit,
1126 2378 1203 2441 alius
1231 2377 1389 2456 triangula
1411 2377 1490 2439 docet

138 2468 300 2530 aestimare
326 2468 454 2535 facilins.
500 2469 637 2550 Denique
661 2475 746 2543 sunt,
773 2470 821 2550 qui
845 2470 1035 2550 geometricis
1059 2468 1255 2549 problematis
1280 2466 1488 2529 demonstran·

139 2558 185 2620 dis
209 2555 342 2619 laborem
371 2557 547 2638 principalis
571 2558 706 2620 artificis·
726 2578 784 2620 non
807 2559 997 2623 mediocriter
1027 2558 1195 2621 sublevant
1242 2555 1287 2619 Et
1314 2563 1433 2630 tamen,
1461 2560 1490 2616 ut

138 2645 188 2729 qui
212 2646 316 2708 clavos
339 2646 436 2722 ondit,
461 2648 611 2710 fenestras
633 2648 795 2724 construit,
825 2649 941 2732 lapides
965 2649 1145 2729 imperatam
1167 2646 1198 2709 in
1222 2647 1351 2721 formam
1374 2643 1489 2713 excidit.

138 2754 196 2799 non
229 2735 296 2797 ideo
330 2745 378 2799 est
400 2737 556 2799 habendus
583 2756 637 2817 pro
661 2736 844 2813 architecto,
878 2737 937 2800 etsi
966 2738 1030 2817 ejus
1054 2755 1147 2816 opera
1178 2735 1272 2799 utitur
1302 2734 1489 2805 architectus,

138 2826 302 2905 domusque
326 2833 478 2889 structura
493 2846 551 2888 non
566 2825 643 2901 huic,
669 2826 724 2888 sed
740 2826 906 2890 architecto
923 2826 1121 2889 adscribitur:
1146 2825 1192 2887 ita
1206 2822 1282 2886 etin
1301 2821 1491 2893 aeconomia

137 2934 196 2977 non
221 2915 291 2993 quia
314 2923 504 2977 astronomus
528 2915 591 2977 sine
606 2916 773 2996 geometria
795 2926 827 2978 et
842 2916 1041 2989 arithmetica,
1065 2914 1194 2995 geminis
1214 2913 1283 2989 alis,
1307 2920 1491 2976 echonomus

137 3023 205 3066 esse
239 3022 297 3066 non
329 3012 450 3085 potest,
483 3013 648 3084 propterea
680 3004 785 3066 statim
814 3014 1006 3068 astronomus
1035 3012 1103 3078 est,
1140 3002 1190 3085 qui
1215 3002 1312 3064 bonus
1343 3007 1492 3082 geometra

138 3092 292 3172 bonusque
316 3102 365 3154 est
388 3093 610 3155 arithmeticus:
645 3113 699 3155 neo
724 3095 749 3156 si
774 3095 841 3176 quis
865 3094 1003 3157 doctrina
1035 3093 1252 3173 triangulorum
1282 3090 1402 3154 tradita
1423 3087 1490 3152 urti-

138 3182 225 3243 ficem
247 3181 277 3242 in
301 3181 465 3244 condendis
489 3181 600 3243 tabulis
624 3183 744 3263 egregie
763 3184 857 3263 juvit,
890 3191 1051 3264 propterea
1082 3182 1252 3245 tabulamm
1274 3180 1324 3244 vel
1348 3178 1491 3262 hypothe-

142 3270 218 3332 sium
234 3278 412 3333 auctorest.
459 3270 545 3332 Haec
560 3289 627 3333 cum
651 3272 696 3333 ita
719 3291 752 3333 se
776 3272 918 3347 habeant,
943 3269 1242 3354 vehementerrinitio
1257 3269 1361 3344 miror,
1385 3266 1492 3349 Apol·

139 3359 240 3421 lonio
256 3358 295 3420 ab
305 3359 384 3422 Urso
396 3358 485 3439 tribui
496 3359 680 3441 hypotheses
695 3362 914 3424 astronomicas
922 3362 1100 3441 peculiares,
1126 3359 1185 3443 qui,
1201 3358 1280 3441 quod
1294 3355 1494 3421 meronensis·

138 3446 258 3523 attinet,
284 3449 499 3511 nihilomnino
524 3448 668 3529 scriptum
700 3450 821 3530 reliquit
847 3458 970 3531 praeter
992 3449 1207 3531 geometricum
1230 3448 1391 3529 problema
1411 3449 1492 3528 (pso-

139 3536 271 3600 fessione
296 3557 424 3619 namque
447 3547 603 3619 geometra
627 3539 714 3614 fnit),
745 3558 803 3621 quo
827 3540 1021 3602 Ptolemaeus
1049 3540 1080 3601 in
1104 3532 1287 3601 stationibus
1306 3537 1494 3618 planetarum

140 3627 392 3701 demonstrandis,
417 3628 447 3692 in
470 3636 557 3708 parte
581 3648 687 3707 nempe
712 3629 817 3692 domus
838 3630 1020 3705 exomenda,
1044 3649 1115 3691 usus
1135 3635 1193 3691 est
1239 3628 1284 3690 Ut
1306 3634 1412 3689 autem
1433 3624 1493 3686 clu-

140 3716 258 3779 tissime
280 3724 398 3798 pateat,
423 3718 493 3799 qnid
508 3717 689 3797 Apollonius
713 3718 976 3792 demonstraverit,
1002 3718 1072 3798 quid
1095 3736 1167 3780 vero
1186 3716 1284 3780 Ursus
1306 3713 1496 3778 securissime

139 3806 303 3881 fabuletur,
337 3826 394 3886 age
422 3814 519 3870 totam
542 3808 606 3888 ejus
630 3807 826 3869 intentionem
859 3809 982 3870 elonte
1006 3826 1077 3883 sno,
1110 3826 1153 3868 sc.
1185 3805 1403 3869 ePtolemaeo
1427 3805 1496 3884 (quo

141 3893 251 3969 misso,
285 3896 364 3975 qnod
388 3897 581 3958 vehementer
604 3896 709 3968 miror,
742 3897 838 3960 Ursus
867 3897 905 3959 ad
929 3897 1057 3959 rivulum
1089 3896 1157 3959 inde
1182 3894 1358 3970 deductum,
1393 3912 1437 3957 sc.
1459 3890 1495 3953 ud

139 3979 338 4062 Copernicum
361 3988 522 4066 provocat)
546 3985 576 4047 in
600 3985 654 4048 has
678 3987 816 4067 pagellas
840 3986 1042 4049 derivabimus
1066 3993 1098 4048 et
1120 3993 1365 4065 transponamus.
1402 3980 1495 4063 Equi·

138 4072 208 4133 dem
238 4072 317 4152 quod
340 4074 452 4148 Ursus,
486 4075 569 4136 nulla
590 4074 757 4137 Ptolemaei
790 4076 939 4137 mentione
973 4076 1069 4150 facta,
1104 4074 1153 4154 qui
1176 4072 1345 4137 clarissime
1370 4080 1496 4136 mentem

138 4160 293 4241 Apollonii
317 4163 466 4242 exposuit,
490 4163 519 4225 in
536 4161 714 4243 Cepernico,
738 4165 788 4245 qui
807 4163 961 4227 obscurius
976 4183 1039 4226 rem
1053 4163 1204 4243 exprimit,
1229 4181 1372 4243 magnum
1391 4177 1496 4225 causae

138 4249 322 4331 praesidium
346 4252 439 4331 ponit,
463 4251 494 4314 id
518 4252 665 4331 ejusmodi
690 4262 750 4329 est,
783 4262 819 4317 ιιι
845 4272 984 4334 magnam
1009 4253 1209 4333 suspicionem
1240 4251 1388 4327 concitet,
1421 4269 1496 4314 nuu-

138 4359 228 4420 qnam
251 4339 348 4402 visum
371 4341 450 4403 Urso
477 4341 696 4412 Ptolemaeum,
726 4343 779 4405 sed
809 4343 947 4405 extitisse
971 4345 1149 4405 monitorem
1171 4341 1318 4424 aliquem,
1347 4341 1399 4422 qui
1421 4341 1497 4404 urso

137 4429 314 4509 subjiceret,
339 4430 402 4493 tale
426 4430 496 4512 qnid
520 4430 671 4511 Apollonii
696 4432 851 4513 problema
875 4451 990 4513 sapere,
1011 4432 1114 4514 qualia
1137 4431 1288 4513 Tychonis
1311 4431 1343 4494 in
1367 4450 1402 4494 se
1425 4447 1496 4493 con-

136 4518 237 4581 tinent
258 4519 452 4601 hypotheses,
478 4526 509 4581 et
534 4519 606 4582 illud
630 4522 750 4601 quidem
764 4521 920 4601 problema
934 4520 1111 4601 bipartitum
1126 4540 1205 4583 esse.
1251 4519 1386 4583 Tantum
1410 4518 1495 4591 enim.

137 4625 193 4669 nec
215 4608 303 4687 plura
326 4628 381 4670 nec
405 4608 596 4671 distinctiora
609 4611 705 4673 Ursus
730 4612 766 4672 de
786 4611 961 4690 Apollonio,
986 4630 1052 4672 cnm
1075 4611 1150 4672 haec
1174 4609 1331 4683 scriberet,
1355 4609 1496 4672 scirent.

139 4694 202 4758 Sed
224 4696 264 4758 ad
287 4697 505 4761 Ptolemaeum.
553 4696 628 4761 Com
657 4719 694 4760 ex
718 4706 820 4762 aetate
852 4699 881 4761 in
905 4719 1014 4778 magno
1042 4700 1139 4779 pretio
1164 4706 1269 4760 essent
1295 4699 1496 4778 geometricae

137 4785 419 4862 demonstrationes,
446 4795 477 4850 et
500 4788 584 4850 flocci
607 4788 809 4871 penderentur
830 4789 879 4850 vel
902 4789 1094 4852 mechanicae
1109 4787 1329 4869 descriptiones
1354 4788 1404 4851 vel
1427 4805 1495 4875 pro·
