3278 5542
141 309 205 378 ase
694 281 957 379 Aaronom·

136 474 317 553 ¹eccentricis
349 480 538 554 permutatos
572 473 738 535 fabuletur:
771 473 938 536 videbimus
971 493 1008 536 ex
1039 473 1222 546 Aristotele,
1256 472 1329 555 quid
1362 471 1437 535 certi
1468 473 1500 534 de

139 564 257 625 Eudoxi
286 561 439 624 sententia
467 562 570 623 haberi
602 562 722 642 possit:
755 562 916 647 praecipue
950 582 1016 626 cum
1045 565 1123 626 hunc
1147 563 1246 625 locum
1271 583 1291 624 a
1311 561 1426 625 ceteris
1454 569 1502 623 aut

138 653 308 733 neglectum
332 659 385 713 aut
399 652 477 713 male
492 659 657 714 tractatum
677 652 892 731 interpretibus
916 671 1026 731 operae
1050 652 1181 733 pretium
1205 652 1352 714 videatur
1373 650 1501 731 diligen·

139 742 200 804 tius
224 740 402 821 expendere.
450 739 526 802 Cum
549 749 650 803 autem
673 740 703 802 in
719 741 838 820 gemina
852 742 1011 803 constituti
1026 742 1121 803 simus
1137 741 1331 812 difficultate,
1357 759 1404 814 eo,
1429 741 1501 820 quod

138 839 171 893 et
193 829 391 904 Aristoteles,
424 849 523 892 rerum
554 830 835 892 mathematicamm
866 831 1032 911 imperitior
1063 838 1098 892 ut
1119 830 1224 891 multis
1257 831 1335 893 locis
1367 837 1501 908 apparet,

138 919 255 982 Eudoxi
279 927 410 981 mentem
432 919 481 980 vel
504 919 626 981 sinistre
649 920 822 1000 perceperit
843 922 891 982 vel
916 920 1072 982 obscurius
1103 919 1297 998 expresserit,
1333 927 1367 980 et
1394 919 1502 980 numeri

139 1008 298 1071 manifeste
322 1029 342 1069 a
364 1007 466 1069 verbis
490 1008 672 1071 dissideant:
698 1010 844 1071 iaciemus
869 1009 947 1089 quod
969 1028 1139 1089 possumus,
1163 1008 1326 1070 verbomm
1351 1007 1502 1069 involucra

139 1097 321 1179 conjecturis
347 1097 537 1159 sublevemus
560 1117 806 1177 numerorumque
831 1117 948 1160 errores
971 1099 1158 1160 correctione
1172 1097 1274 1158 verbis
1297 1103 1501 1159 consentanea

138 1187 290 1249 tollamus.
338 1185 434 1265 Igitur
462 1205 528 1249 cum
552 1187 603 1250 lib.
628 1187 699 1250 XII.
724 1188 860 1266 Metaph.
884 1188 1066 1249 Aristoteles
1097 1188 1126 1248 in
1150 1186 1411 1266 contemplatione
1436 1204 1499 1247 ver·

140 1284 223 1337 setur
256 1275 494 1337 substantiamm
527 1265 706 1356 simplicium
740 1285 772 1338 et
802 1277 928 1339 materia
960 1276 1139 1349 carentium,
1178 1294 1274 1356 eoque
1308 1274 1499 1337 sublimitatis

138 1365 285 1427 evehatur
308 1371 452 1426 accurata
475 1373 573 1426 motus
597 1373 630 1426 et
651 1367 764 1445 primae
789 1375 920 1428 motuum
945 1385 1056 1427 causae
1077 1364 1295 1443 disquisitione,
1327 1370 1361 1425 ut
1384 1364 1498 1425 invento

139 1472 178 1515 ex
200 1453 337 1533 simplici,
363 1452 503 1516 uniformi
527 1462 559 1515 et
582 1464 705 1516 aeterno
729 1464 822 1529 motu,
848 1475 935 1535 quem
954 1455 1082 1536 primum
1098 1453 1232 1527 dicimus,
1258 1460 1378 1516 metere
1400 1452 1497 1532 primo,

55 1540 68 1557 ”
138 1543 177 1604 ad
202 1542 469 1623 intelligentiarum
493 1545 690 1606 secundarum
714 1554 745 1605 et
768 1544 881 1627 primae
906 1545 1169 1606 subordinatarum
1191 1559 1350 1604 numerum
1373 1541 1497 1603 investi·

58 1638 61 1643 ’
139 1631 270 1711 gaudum
295 1650 361 1710 cap.
386 1627 417 1693 8.
443 1632 587 1694 accedat:
612 1633 685 1695 illud
709 1634 869 1713 praecipue
893 1653 1013 1712 urgens,
1034 1632 1160 1712 singulis
1180 1630 1342 1694 mobilibus
1367 1630 1497 1709 singulas

137 1739 282 1799 praeesse
306 1719 533 1800 intelligentias,
559 1741 613 1782 uec
636 1722 886 1784 introducendum
911 1723 1069 1803 quicquam
1086 1721 1285 1792 inmundum,
1309 1719 1394 1800 qued
1409 1719 1497 1781 officie

138 1818 243 1872 careat
272 1810 438 1871 otiosumve
472 1810 521 1872 sit.
576 1812 732 1873 Mobilium
770 1830 840 1872 vero
874 1812 1050 1873 coelestium
1084 1829 1241 1889 corporum
1276 1827 1436 1871 nnmerum
1468 1827 1497 1870 ex

137 1907 278 1973 motuum,
305 1899 355 1978 qui
377 1899 518 1962 videntur
540 1900 570 1960 iu
594 1901 688 1974 coelo,
714 1901 865 1963 varietate
889 1901 1032 1964 instituit.
1079 1900 1125 1961 At
1139 1907 1238 1961 motus
1263 1898 1359 1979 ipsos,
1384 1897 1497 1978 quinam

138 1996 170 2049 et
193 1996 267 2068 quot
290 1989 562 2068 deprehendantur,
588 1989 706 2070 quaerit
730 1990 768 2051 ab
793 1990 983 2053 astronomis.
1030 1989 1109 2051 Hinc
1128 1988 1193 2067 ejus
1206 1989 1316 2049 verba:
1342 2005 1405 2061 „ac
1428 1987 1495 2049 mul·

136 2085 185 2139 tos
215 2077 334 2157 quidem
363 2087 462 2140 motus
485 2097 553 2140 esse
582 2097 683 2141 eorum
716 2099 792 2159 quae
821 2079 970 2153 feruntur,
1005 2078 1042 2140 iis
1075 2078 1169 2139 etiam
1198 2076 1324 2138 evidens
1358 2082 1425 2149 est,
1456 2075 1496 2156 qui

138 2166 328 2228 mediocriter
356 2166 385 2228 in
417 2168 475 2229 hac
497 2187 529 2230 re
554 2168 669 2229 versati
694 2177 774 2229 sunt.
821 2169 901 2231 Nam
930 2168 1065 2246 pluribus
1092 2166 1153 2228 und
1181 2165 1365 2228 motionibus
1397 2163 1495 2244 singuli

137 2274 259 2317 errones
293 2257 437 2319 lemntur.
493 2255 578 2328 Quot
609 2265 711 2319 autem
743 2257 819 2330 sint,
854 2277 930 2319 nuuc
964 2257 1084 2338 quidem
1115 2275 1153 2317 ea
1185 2273 1262 2335 quae
1294 2252 1495 2316 mathematici

137 2344 270 2406 nonnulli
294 2345 428 2419 tradunt,
453 2346 633 2425 cognitionis
656 2367 749 2408 causa
772 2346 918 2420 dicimus;
952 2355 986 2409 ut
1008 2345 1106 2407 animo
1130 2352 1244 2406 certum
1270 2344 1425 2424 quendam
1448 2363 1494 2405 nu·

138 2451 251 2496 merum
274 2433 424 2512 possimus
447 2436 712 2513 comprehendere:
740 2443 843 2496 cetera
856 2436 967 2514 partim
983 2434 1069 2496 nobis
1093 2433 1272 2514 inquirenda
1286 2440 1368 2505 sunt,
1393 2432 1494 2512 partim

137 2522 174 2596 ii,
208 2522 258 2603 qui
282 2523 357 2583 haee
380 2522 548 2603 inquirunt,
578 2524 798 2603 interrogandi,
831 2544 899 2586 uum
924 2524 993 2605 quid
1017 2532 1200 2603 praeterea
1223 2541 1300 2601 quae
1325 2521 1413 2585 dicta
1434 2520 1494 2592 sint,

137 2611 176 2672 iis
206 2610 346 2673 videatur
378 2612 426 2692 qui
459 2613 534 2674 haec
563 2621 713 2688 tractant;
747 2633 783 2674 ac
810 2622 874 2675 tum
904 2614 1022 2693 utrique
1047 2611 1167 2674 amandi
1196 2611 1240 2673 illi
1274 2610 1396 2690 quidem
1421 2617 1497 2673 erunt

139 2699 242 2780 eisque
266 2701 368 2779 gratia
390 2701 548 2777 habenda;
573 2704 628 2763 sed
650 2702 689 2764 iis
714 2703 831 2764 demum
855 2702 995 2765 habenda
1018 2702 1102 2775 fides,
1128 2701 1177 2781 qui
1195 2699 1371 2762 accuratius
1387 2708 1421 2761 et
1434 2699 1494 2761 dili-

136 2788 257 2870 gentius
280 2790 503 2853 tradiderunt.“
550 2791 616 2854 Hoc
639 2792 804 2872 proemium
830 2793 935 2854 audiat
958 2790 1111 2853 Osiauder
1136 2797 1168 2851 et
1190 2790 1288 2852 Ursus
1320 2796 1354 2850 et
1378 2788 1494 2869 quicun-

138 2897 195 2959 que
224 2887 464 2941 astronomorum
493 2881 530 2942 de
558 2898 655 2944 rerum
685 2889 794 2942 natura
821 2888 984 2959 conceptus
1013 2880 1099 2960 parvi
1129 2878 1212 2941 facit.
1260 2877 1408 2957 Sequitur
1439 2877 1496 2956 ipsa

135 2986 204 3030 res:
229 2968 395 3043 „Eudoxus
419 2968 500 3031 Solis
524 2980 556 3031 et
578 2970 682 3031 Lunae
707 2970 859 3049 utriusque
884 2971 1028 3031 lationem
1052 2968 1080 3029 in
1105 2968 1201 3030 tribus
1223 2967 1361 3046 penebat
1390 2967 1493 3047 sphae-

137 3056 196 3128 ris,
228 3076 352 3137 quarum
382 3059 510 3137 primam
540 3079 607 3121 esse
637 3078 695 3120 non
725 3060 890 3120 errantium
913 3056 1104 3120 stellarum.“
1151 3055 1288 3118 Haecin
1314 3054 1494 3135 compendiis

138 3146 349 3207 astronomicis
371 3148 462 3226 vulgo
487 3148 661 3227 depingitur
681 3149 824 3228 amplecti
848 3156 945 3210 totum
969 3147 1095 3226 alicujus
1118 3147 1259 3225 planetae
1281 3153 1430 3227 systema,
1452 3144 1493 3204 id·

137 3253 193 3314 que
218 3233 292 3296 iacit
315 3236 552 3310 concentricum;
586 3245 722 3299 movetur
745 3257 835 3316 super
857 3238 936 3315 polis
963 3235 1138 3317 aequaturis
1162 3235 1201 3296 ab
1221 3241 1290 3296 ortu
1310 3233 1341 3295 in
1361 3251 1495 3295 occasum

139 3329 171 3383 et
200 3322 366 3386 revolvitur
391 3343 451 3386 una
483 3344 549 3386 cum
578 3345 613 3387 eo
646 3326 728 3387 horis
752 3323 805 3389 24.
857 3327 1010 3389 Interdum
1042 3325 1069 3386 ei
1100 3324 1181 3387 aliud
1208 3324 1332 3403 iusuper
1360 3323 1495 3395 officium,

138 3412 292 3474 deferendi
316 3413 420 3488 nodos,
446 3414 631 3487 attribuitur,
654 3416 732 3476 unde
755 3416 929 3496 plerumque
953 3433 1059 3476 nomeu
1083 3414 1190 3487 habet;
1219 3413 1274 3473 sed
1299 3412 1356 3473 hoc
1383 3431 1442 3473 non
1464 3428 1496 3471 ex

137 3501 255 3563 Eudoxi
278 3510 387 3564 mente.
434 3503 626 3577 „Secundam
650 3512 750 3566 autem
774 3524 827 3584 per
851 3524 918 3566 eum
941 3503 1083 3565 circulum
1108 3502 1193 3572 ferri,
1217 3501 1267 3580 qui
1290 3520 1346 3580 per
1370 3500 1494 3563 medinm

138 3590 253 3653 zodiaci
277 3591 358 3654 est.“
403 3594 544 3673 Apparet
565 3593 723 3655 Eudoxum
755 3593 831 3654 hunc
860 3594 961 3656 orbem
990 3592 1034 3653 sic
1063 3592 1248 3671 disposuisse
1278 3588 1309 3650 in
1332 3590 1438 3664 Luna,
1469 3597 1497 3651 ut

138 3680 202 3760 ejus
225 3681 287 3760 poli
310 3681 403 3761 priori
427 3682 492 3745 orbi
516 3683 712 3744 revolutionis
736 3683 859 3744 diurnae
883 3683 1075 3754 insisterent,
1106 3681 1294 3742 declinantes
1318 3680 1460 3759 utrinqne
1480 3696 1496 3737 a

136 3769 214 3848 polis
237 3770 319 3832 illius
342 3771 370 3832 in
395 3772 496 3833 coluro
520 3772 720 3835 solstitiorum
743 3772 843 3851 spatio
868 3770 1058 3850 obliquitatis
1084 3769 1253 3848 eclipticas.
1301 3768 1409 3831 Motus
1432 3784 1496 3828 vero

138 3858 202 3937 ejus
226 3868 274 3921 est
297 3860 469 3939 subpriori
492 3862 531 3923 ab
556 3869 623 3923 ortu
647 3861 676 3921 iu
701 3881 842 3923 occasum
866 3880 917 3922 seu
944 3860 973 3920 in
999 3859 1226 3930 antecedentia,
1252 3857 1429 3919 restituitur
1450 3875 1496 3918 se-

23 3994 26 3999 .
138 3947 198 4008 mel
227 3947 265 4008 ad
293 3948 373 4009 idem
401 3949 482 4011 illius
508 3951 594 4030 primi
627 3951 691 4011 sive
721 3951 759 4011 ad
784 3950 862 4011 idem
890 3948 1006 4011 zodiaci
1039 3955 1182 4027 puuctum
1212 3946 1299 4008 anuis
1333 3943 1385 4009 19.
1437 3943 1498 4016 Quo

138 4036 238 4114 spatio
261 4036 434 4099 circumfert
456 4039 560 4101 nodos.
608 4037 715 4110 Qualis
729 4058 800 4100 veru
824 4047 923 4100 motus
947 4038 1036 4116 hujus
1060 4036 1163 4098 circuli
1188 4036 1229 4097 sit
1251 4035 1281 4095 iu
1302 4035 1426 4096 theoria
1443 4033 1498 4096 so-

138 4123 186 4200 lis,
211 4123 309 4187 dicam
328 4127 392 4205 jam
416 4137 559 4206 quantum
583 4128 641 4190 dici
664 4136 767 4207 potest
790 4129 818 4190 in
839 4128 940 4190 tertio.
988 4126 1145 4200 „Tertiam
1160 4134 1261 4187 antem
1281 4142 1338 4204 per
1351 4124 1499 4205 obliquum

138 4212 280 4276 circulum
305 4216 344 4276 ad
367 4215 557 4278 latitudinem
581 4217 767 4297 signorum.“
814 4216 865 4279 Sic
888 4216 1041 4295 intelligo,
1071 4215 1196 4276 tertium
1221 4214 1260 4275 ad
1283 4214 1451 4276 secundum
1471 4213 1498 4273 in

138 4302 233 4364 latum
262 4304 403 4366 inflexum
432 4324 510 4369 esse.
558 4306 618 4368 Est
647 4323 720 4387 ergo
749 4306 812 4381 bic,
847 4305 896 4387 qui
920 4306 1037 4367 Lunam
1069 4303 1165 4383 ipsam
1189 4304 1296 4364 defert
1343 4301 1422 4383 Ejus
1444 4299 1499 4382 poli

138 4392 270 4454 secundo
294 4392 465 4473 infiguntur,
491 4396 689 4457 deflectentes
711 4395 850 4476 utrinque
875 4394 976 4474 spatio
1000 4392 1170 4455 latitudinis
1180 4392 1341 4454 maximae
1356 4390 1499 4454 Lunaris:

138 4489 275 4545 movetur
307 4483 335 4544 iu
367 4485 581 4565 consequentia
611 4505 664 4546 seu
692 4485 730 4547 ab
759 4504 867 4546 occasu
896 4484 1049 4546 inertum
1078 4490 1109 4544 et
1138 4481 1310 4546 restituitur
1338 4480 1380 4541 ad
1408 4478 1500 4562 primi,

137 4589 191 4632 seu
216 4572 255 4633 ad
283 4572 399 4634 zodiaci
432 4573 512 4636 idem
539 4583 681 4654 punctum
715 4574 814 4653 spatio
839 4575 901 4635 lere
924 4580 1087 4634 menstruo.
1134 4573 1182 4634 lta
1208 4571 1256 4644 fit,
1290 4571 1402 4649 utqui
1425 4569 1501 4633 orbis

137 4666 260 4739 propter
283 4669 397 4724 motum
420 4661 615 4742 longitudinis
637 4662 767 4742 ponitur,
792 4662 819 4725 is
832 4662 987 4724 latitudini
1010 4660 1134 4735 serviat,
1160 4660 1296 4741 quivero
1313 4658 1502 4722 latitudinem

138 4749 247 4811 stellae
269 4757 427 4829 praestare
451 4751 551 4826 debet,
577 4752 772 4830 longitudinis
796 4759 910 4814 motum
933 4750 1056 4813 efficiat

227 4836 279 4902 Sit
301 4837 393 4903 ΑΒΘ
420 4841 552 4923 sphaera
578 4842 703 4906 fixarum
730 4850 763 4905 st
792 4841 823 4903 in
856 4860 893 4904 ea
924 4839 989 4922 ipse
1021 4834 1112 4905 ADG
1142 4837 1261 4900 colurus
1279 4835 1503 4911 solstitiorum,
