3278 5542
609 300 691 370 ⁰⁸t¹¹²
707 302 802 355 xvm.
821 301 887 356 m·
1368 302 1432 371 169

100 471 184 522 'arun
206 484 269 522 esse
291 464 430 538 conjuncti
450 464 479 520 in
501 466 554 520 boc
577 467 730 538 archetypo
753 465 854 520 mundi.
896 464 990 520 Causa
1017 466 1093 520 dicta
1114 471 1159 521 est
1181 466 1209 522 in
1233 467 1431 539 superioribus.

100 547 187 602 mium
202 546 274 602 enim
289 547 463 602 considerent
478 547 574 600 orbes:
596 547 695 601 tierent
717 548 836 615 majores
859 546 1127 616 prosthapbaereses
1151 547 1225 602 orbis
1240 548 1335 621 magni
1358 551 1432 620 apud

100 629 204 700 sgalos,
226 635 345 698 quantos
359 624 414 682 non
428 628 614 681 observamus.
656 627 732 697 Ergo
756 626 809 681 tuit
822 626 1021 696 respiciendum
1043 630 1077 682 ad
1092 626 1240 682 distantias
1255 630 1431 698 planetarum

100 708 166 764 Sola
180 725 236 762 non
249 707 407 771 mediocres,
430 709 477 761 sed
492 707 633 778 apheliam
654 724 748 761 eorum
771 706 908 761 interioris
927 713 957 760 et
975 707 1138 777 periheliam
1157 707 1313 772 exterioris,
1338 709 1431 772 idest,

100 787 343 843 lacccntricitates
357 788 543 859 planetarum,
566 803 641 858 quaa
661 787 809 842 distantias
830 786 970 857 aphaliam
984 794 1015 841 et
1027 787 1191 857 peribeliam
1205 788 1335 843 formant.
1379 793 1431 843 At·
1508 800 1513 807 ·

100 866 170 923 tisic
184 870 220 922 ad
235 868 343 923 incerta
355 866 554 939 respiciebam:
577 869 695 922 nondum
719 867 790 922 anim
805 874 868 921 erat
882 867 996 940 cognita
1017 867 1253 923 eceeatrioitatum
1267 886 1361 932 cansa,
1385 887 1433 923 cur

100 955 153 1005 nto
167 953 245 1002 esset
258 965 344 1020 penes
358 948 483 1021 singulos
497 949 628 1018 planetas
643 948 848 1010 ecoentricitas;
870 964 917 1000 our
932 954 1014 1002 tanta
1033 947 1200 1010 differentia;
1223 966 1271 1002 cur
1284 951 1430 1012 Saturnus,

100 1028 181 1101 piter
194 1028 343 1083 mediocres
363 1028 509 1092 haberent,
525 1028 608 1091 Mars,
624 1028 775 1082 Mercurius
789 1027 932 1092 maximas,
948 1028 1051 1090 Tellus,
1067 1023 1160 1081 Venus
1174 1027 1308 1083 minimas.
1351 1030 1432 1100 lgno·

100 1115 133 1164 ta
146 1124 242 1173 cansa,
267 1109 452 1180 quantitatem
475 1107 598 1179 ignorari
622 1124 734 1161 necesse
757 1116 819 1163 erat
842 1125 860 1162 a
879 1107 973 1178 priori,
997 1107 1160 1161 remittebat
1183 1111 1218 1161 ad
1233 1111 1320 1162 nudas
1337 1111 1432 1164 obser·

100 1187 207 1244 itiones.

149 1264 183 1338 d)
203 1267 365 1340 Itaquidem
378 1273 457 1322 tenet
469 1268 646 1323 Ptolemaeus
667 1273 747 1322 etex
761 1267 810 1320 illo
825 1267 1001 1337 Copernicns.
1038 1268 1085 1322 Sol
1101 1265 1172 1321 euim
1188 1264 1249 1334 (seu
1263 1264 1360 1341 Terra)
1377 1285 1431 1322 non

100 1356 183 1407 ntum
204 1348 330 1420 epicyclo
353 1354 445 1413 caret,
480 1350 527 1402 sed
549 1348 633 1402 etiam
658 1353 805 1419 aequante,
839 1353 871 1401 ut
894 1348 935 1402 illi
958 1349 1117 1418 putabant..
1160 1350 1199 1400 At
1221 1351 1368 1402 secundnm
1391 1347 1431 1401 rei

100 1430 219 1487 ritatem
239 1430 269 1484 in
289 1435 364 1483 motu
386 1429 436 1482 illo
456 1429 646 1483 translationis
667 1429 741 1482 circa
754 1427 845 1482 Solem
866 1428 961 1482 similis
985 1434 1029 1482 est
1043 1430 1131 1482 Terra
1151 1427 1298 1499 unicuique
1312 1429 1431 1500 reliquo·

100 1511 324 1581 mplanetanrm
346 1509 374 1563 in
388 1508 527 1570 omnibua;
550 1515 582 1563 ut
604 1511 824 1563 demonstratum
848 1517 892 1562 est
913 1525 931 1562 a
944 1525 986 1563 me
1011 1509 1038 1562 in
1054 1510 1203 1563 Comment.
1218 1509 1325 1573 Martis,
1351 1514 1432 1578 parte

100 1590 167 1655 rtia,
191 1597 223 1644 et
244 1589 320 1659 Epit.
342 1593 419 1643 Astr.
443 1588 491 1643 lib.
515 1589 576 1643 Vll.
959 1582 969 1597 '

152 1666 181 1735 a)
205 1670 258 1724 Hic
272 1669 345 1723 orbis
359 1669 519 1723 Ptolemaeo
534 1668 642 1732 Solis,
665 1667 815 1738 Copernico
831 1669 974 1732 Terrae,
996 1667 1151 1723 Pruteniois
1171 1684 1311 1722 annuus
1334 1666 1432 1721 dictus.

151 1748 175 1814 t)
199 1749 278 1804 Haec
292 1749 436 1824 Copernici
450 1751 564 1820 querela
587 1749 756 1820 potissimum
771 1748 889 1820 attingit
910 1749 972 1802 loca
986 1765 1175 1821 apogaeorum
1190 1745 1273 1819 (quae
1287 1748 1350 1802 loca
1365 1746 1433 1801 nibil

100 1828 197 1887 tinent
210 1830 263 1884 hoo
277 1828 418 1902 negotium
432 1829 617 1900 proportionis
632 1826 763 1894 orbium);
785 1847 840 1884 non
855 1831 950 1883 eadem
966 1837 1010 1883 est
1023 1832 1056 1883 de
1071 1828 1333 1883 eccentricitatibns.
1376 1827 1433 1881 Ita·

100 1929 124 1967 te
143 1928 201 1966 non
223 1909 315 1981 pejus,
339 1912 386 1964 sed
410 1910 507 1964 melius
530 1910 637 1965 babent
659 1909 737 1980 ipsae
761 1909 866 1964 orbium
889 1909 1090 1980 spissitudines.

152 1986 187 2064 g)
211 1989 363 2044 Audaciam
386 2008 450 2043 ecce
473 1990 636 2060 sponsionis,
661 1992 801 2045 suffultam
824 1990 988 2046 difficultate
1012 1988 1173 2045 conditionis
1195 1987 1241 2042 hio
1263 1985 1432 2057 propositae.

100 2070 140 2127 ida
165 2078 260 2125 tamen
281 2075 311 2124 et
334 2069 508 2124 felicitatem:
534 2072 700 2140 exploratae
714 2078 780 2125 sunt
802 2087 821 2124 a
834 2088 877 2125 me
891 2072 1064 2142 quantitates
1084 2067 1320 2124 ecoentsicitatum
1334 2085 1371 2122 ex
1385 2069 1433 2122 ob·

100 2150 279 2207 nationibus
292 2151 404 2214 Brabei,
420 2151 582 2221 patefactae
596 2151 624 2205 in
638 2151 810 2205 Harmonicis
825 2168 927 2205 causae
942 2151 1177 2206 eccentricitatum
1191 2148 1379 2221 singularum:
1404 2155 1434 2202 et

100 2250 134 2288 aa
150 2233 310 2303 productos,
335 2248 389 2285 non
403 2231 511 2302 quidem
525 2249 562 2286 ex
576 2232 642 2285 solis
658 2232 675 2285 5
689 2232 795 2304 liguris,
821 2232 869 2284 sed
893 2232 1065 2301 potissimum
1085 2249 1122 2286 ex
1137 2228 1227 2284 causis
1243 2227 1433 2283 eccentricita·

158 2305 339 2380 (harmoniis)
362 2327 441 2366 mous
465 2328 516 2381 per
539 2312 632 2366 omnia
653 2312 772 2366 motibus
796 2328 938 2365 consonos.

149 2388 184 2459 b)
208 2392 349 2446 Laudabis
374 2391 471 2460 opinor
494 2391 579 2445 etiam
603 2393 748 2462 puerulum
771 2391 924 2454 trimulum,
955 2396 1175 2461 praesumentem
1200 2389 1289 2442 animo
1311 2402 1436 2459 pugnam

100 2489 128 2529 sn
143 2472 321 2545 gigantibus.
356 2472 418 2525 Non
432 2471 504 2526 enim
518 2489 610 2527 omnes
626 2473 809 2528 astronomiae
829 2472 920 2534 naevi,
944 2472 996 2526 imo
1020 2470 1130 2525 minima
1152 2471 1261 2525 illorum
1282 2486 1348 2539 pars
1371 2475 1436 2523 sunt

100 2600 102 2607 .
126 2552 240 2607 vitiosis
264 2551 516 2606 ecoentricitatibus
549 2553 729 2624 singulorum.
772 2555 815 2607 De
839 2553 910 2607 Solis
939 2553 984 2606 rel
1008 2553 1110 2606 Terrae
1138 2549 1344 2605 ecoentricitata
1371 2555 1436 2619 post

100 2640 188 2691 setar.

152 2709 175 2776 i)
201 2711 286 2766 Nullo
301 2711 434 2781 equidem,
459 2729 493 2765 ne
507 2710 616 2765 minimo
631 2713 752 2783 quidem;
777 2712 909 2783 quianon
924 2712 1045 2766 formant
1064 2711 1153 2774 orbes,
1179 2727 1229 2764 nec
1243 2709 1437 2778 praescribunt

100 2800 162 2850 »css
179 2790 424 2847 eccentricitatum.
454 2791 507 2846 Sed
522 2792 568 2845 ubi
582 2793 659 2862 prius
674 2792 804 2846 inventae
820 2792 922 2846 fuerint
936 2789 1166 2854 eccentsicitates,
1188 2797 1220 2845 ut
1232 2809 1265 2844 so
1280 2786 1322 2845 ὁτι
1336 2807 1373 2844 ex
1388 2791 1435 2844 ob·

100 2872 281 2930 rvationibns
296 2871 408 2936 Brabei,
428 2871 488 2941 jam
502 2872 618 2943 denique
642 2874 730 2927 locum
752 2874 839 2928 habet
860 2870 999 2943 inquisitio
1019 2887 1163 2925 causarum
1187 2887 1287 2927 seusa
1306 2871 1436 2925 deonex

100 2971 109 3008 s
138 2953 208 3024 quin
228 2970 263 3006 ue
285 2952 382 3022 liguris
406 2958 436 3006 et
453 2951 560 3021 junctis
583 2953 806 3024 proportionibus
831 2952 1004 3008 harmonicis.

152 3029 186 3097 k)
210 2970 279 3087 {um
292 3031 364 3085 enim
387 3033 591 3087 harmoniarum
614 3034 651 3087 sit
671 3032 766 3104 aliqua
786 3035 874 3104 copia,
900 3035 1007 3088 electae
1032 3032 1144 3086 luerunt
1166 3047 1216 3101 pro
1231 3028 1349 3100 singolis
1363 3028 1436 3100 bigis

100 3120 250 3169 anetarum
272 3111 436 3176 vicinorum,
466 3128 537 3183 quae
560 3113 717 3191 quantitate
742 3131 824 3184 quam
847 3113 972 3185 proxime
993 3114 1192 3182 responderent
1213 3109 1436 3182 proportionibus

100 3210 171 3250 uum
196 3193 315 3263 quinque
338 3193 498 3263 figurarum.

710 3362 725 3368 ..
737 3358 843 3368 ...ψ’

630 3545 749 3646 Caput
775 3544 882 3620 XIX.

241 3707 298 3769 De
320 3705 516 3790 singulatim
538 3709 572 3770 in
594 3708 697 3788 specie
716 3704 920 3788 planetarum
942 3706 1073 3769 residuo
1096 3701 1268 3767 discordia.

165 3849 252 3920 Haec
285 3849 377 3930 igitur
408 3851 437 3912 in
471 3869 581 3929 genere
615 3848 711 3923 fuere,
746 3868 822 3928 qnae
855 3868 977 3911 causam
1007 3869 1103 3912 meam
1134 3845 1269 3911 relevare
1301 3852 1437 3922 possunt.

100 3942 161 4002 unc
195 3939 224 4000 in
249 3939 349 4019 specie
373 3939 543 4014 videamus,
579 3937 684 4019 ecquid
715 3937 852 3999 excusari
882 3939 1009 4018 amplius
1032 3939 1140 4020 possit.
1188 3933 1309 3996 Initium
1334 3952 1352 3992 a
1375 3929 1436 3994 Sa·

100 4045 163 4092 uuo
188 4047 350 4091 sumamus.
399 4031 501 4109 Atque
530 4029 593 4109 ejus
625 4026 744 4109 quidem
767 4025 934 4104 ἅποςηματι
962 4048 1073 4110 magna
1101 4029 1184 4090 facta
1212 4031 1261 4084 est
1283 4021 1436 4083 accessio:

100 4118 128 4179 td
162 4136 239 4198 quae
272 4127 372 4179 tamen
403 4117 602 4180 differentiam
625 4115 937 4198 prostbaphaereseos
961 4127 1088 4180 causata
1121 4124 1170 4178 est
1201 4132 1259 4176 non
1293 4111 1436 4192 majorem

101 4204 113 4269 l
146 4206 306 4287 scrupulis.
353 4207 432 4271 Nam
462 4207 540 4269 siout
569 4206 675 4286 ingens
710 4205 775 4285 ejus
807 4204 956 4268 distantia
986 4207 1160 4269 facillimam
1189 4201 1282 4265 errori
1314 4219 1435 4262 causam

100 4295 205 4359 racbet
229 4296 258 4357 in
282 4296 509 4359 observatione:
544 4295 588 4358 sio
612 4313 696 4357 error
719 4295 748 4356 in
774 4295 922 4357 distantia
946 4297 1082 4377 quamvis
1107 4296 1274 4357 luculentus
1300 4290 1437 4368 exiguam

100 4404 105 4447 ;
128 4384 268 4466 opinione
293 4384 436 4447 minorem
461 4385 552 4446 efficit
581 4385 610 4446 in
639 4388 901 4466 προσθαφαιρισιι
925 4385 1143 4447 diversitatem.
1190 4383 1231 4444 Et
1255 4388 1355 4440 tamen
1379 4397 1435 4438 ne-

100 4492 132 4536 ue
156 4473 244 4553 hujus
268 4474 375 4536 sideris
399 4481 498 4536 motus
522 4473 691 4535 certissime
716 4475 867 4535 dimensos
891 4495 958 4536 esse
974 4484 1172 4549 astronomos,
1197 4470 1245 4532 vel
1265 4469 1330 4529 sola
1344 4484 1435 4546 prae-

100 4561 172 4625 trita
194 4563 301 4644 hyeme
326 4583 448 4626 cernere
473 4571 550 4625 erat,
596 4563 683 4625 Nam·
699 4562 746 4624 die
770 4558 802 4624 2.
830 4560 880 4625 12.
905 4564 1051 4626 Novemb.
1077 4582 1154 4626 anno
1181 4553 1264 4624 1594
1288 4554 1437 4618 Saturnus

100 4649 158 4715 isus
183 4660 231 4714 est
255 4660 362 4714 exacte
387 4651 635 4715 intercervicem
658 4660 690 4712 et
713 4670 764 4714 cor
787 4651 914 4726 Leonis,
946 4652 996 4717 ubi
1020 4673 1087 4714 esse
1111 4649 1243 4714 debebat
1275 4645 1436 4708 secundnm

100 4741 224 4804 alculnm
248 4741 297 4803 die
321 4739 376 4804 21.
401 4738 452 4804 31.
480 4740 622 4804 Octobris
645 4741 822 4820 praeterita.
862 4741 1041 4803 Differentia
1064 4742 1143 4821 long.
1160 4737 1215 4802 37¹
1238 4737 1305 4819 plus
1329 4732 1435 4795 miuus.

100 4829 167 4902 tuod
197 4830 224 4892 si
256 4830 333 4894 banc
362 4831 563 4916 quantitatem
594 4849 651 4892 nou
680 4830 808 4897 excedat
836 4831 900 4910 ejus
930 4827 1138 4913 aCopcrnico
1167 4823 1320 4898 discordia
1347 4842 1436 4901 apoc-
