3278 5542
144 319 210 386 ³54
566 321 667 371 tram
685 319 789 385 Kopion
808 320 960 384 morumque
977 326 1079 373 maa·

143 484 197 547 dit.
246 483 352 561 ltaque
376 480 434 542 nisi
458 481 622 561 promissor
645 482 733 560 plane
759 483 800 543 sit
824 482 852 542 in
868 483 981 544 vertice
998 484 1048 545 vel
1066 483 1163 553 nadir,
1185 481 1320 543 circulus
1334 479 1481 560 quadrante

143 571 256 634 abillo
281 570 413 638 distans.
446 570 473 631 is
498 588 619 648 nempe,
653 570 736 648 cujus
764 571 850 649 polus
874 580 922 632 est
954 571 983 632 in
1007 572 1203 650 promissore,
1240 588 1363 649 semper
1383 567 1482 629 secabit

142 661 327 723 horizontem
351 659 380 720 iu
405 666 472 719 ortu
496 660 603 732 semel,
639 669 671 718 et
694 660 788 720 semel
817 660 845 719 iu
870 660 993 720 occiduo
1026 659 1233 721 semicirculo:
1268 676 1387 737 semper
1407 655 1482 735 igitur

141 749 305 829 promissor
330 747 476 825 quadrato
501 747 625 825 respicit
648 748 778 826 aliquam
793 748 1004 826 significaturis
1021 749 1183 810 horizontis
1197 747 1391 826 particulam.
1425 745 1481 806 Tri·

143 838 258 898 huimus
287 854 359 896 vero
388 844 420 895 et
442 836 702 914 Regiomontanus
732 845 763 897 et
788 855 844 915 ego
868 836 1015 899 horizonti
1052 837 1109 898 toti
1138 838 1197 899 vim
1231 833 1433 915 significandi;
1461 844 1482 893 et

143 925 256 1006 quidni,
282 943 347 984 cum
372 924 530 1002 eclipticas
553 934 658 1003 partes
682 943 739 985 non
764 944 867 986 omnes
892 925 997 987 iisdem
1017 925 1182 986 horizontis
1196 925 1339 1004 partibus
1357 923 1482 992 oriantur,

142 1015 196 1075 sed
216 1015 281 1093 jam
304 1012 390 1087 haec,
410 1013 474 1088 jam
495 1014 548 1074 illa
571 1013 736 1073 horizontis
752 1014 834 1092 regio
849 1013 962 1092 primae
978 1015 1083 1075 domus
1103 1013 1184 1074 ostia
1197 1011 1348 1075 recludat.
1384 1009 1482 1071 Eoden

139 1103 226 1164 modo
258 1102 295 1162 de
324 1101 427 1163 sextili
457 1101 658 1162 sentiendum.
707 1102 784 1163 Toto
808 1104 917 1182 quippe
942 1112 1091 1183 ternpore,
1122 1120 1180 1181 quo
1203 1100 1258 1162 Sol
1289 1100 1388 1161 minus
1410 1117 1481 1179 quan

142 1188 213 1254 60⁰
235 1191 315 1250 inira
337 1188 521 1250 horizontem
547 1197 596 1250 est
619 1191 785 1262 demersus,
808 1210 902 1270 usquc
927 1211 971 1266 eo,
997 1210 1055 1270 qun
1075 1188 1142 1253 60⁰
1163 1192 1219 1252 alt.
1243 1208 1338 1268 supra
1359 1187 1480 1248 horizon-

141 1289 204 1341 tem
223 1287 342 1351 exstat,
368 1296 486 1356 semper
508 1278 631 1358 projicit
654 1279 792 1340 sextilem
812 1291 968 1358 aspectum
997 1280 1026 1340 in
1052 1280 1169 1358 aliquas
1193 1278 1362 1340 horizontis
1384 1285 1480 1355 partes.

139 1367 233 1429 Dicas
267 1366 339 1427 milri
368 1375 487 1428 ceteras
520 1366 722 1441 radiationes,
756 1386 831 1446 quae
858 1378 987 1447 vergunt
1017 1369 1056 1430 ad
1079 1368 1180 1429 muudi
1204 1367 1320 1438 latera,
1347 1384 1404 1426 nou
1427 1382 1480 1425 esse

140 1456 291 1526 efficaces,
316 1456 408 1529 solas,
434 1473 510 1534 qnae
535 1475 567 1515 se
592 1456 715 1517 zodiaco
741 1456 920 1518 familiarius
945 1458 1110 1536 applicant,
1135 1456 1196 1518 vim
1210 1455 1361 1518 obtinere.
1397 1453 1481 1513 Infert

142 1563 210 1624 ego,
236 1544 323 1624 quod,
351 1544 432 1604 facto
457 1544 550 1604 semel
574 1543 659 1604 initio
684 1544 857 1606 discedendi
882 1567 901 1607 a
923 1547 1059 1617 zodiaco,
1084 1547 1171 1606 detur
1191 1544 1336 1623 evagatio
1351 1540 1482 1620 usquead

141 1632 270 1695 circulos
300 1631 482 1705 latitudinis,
512 1632 614 1710 vigore
639 1634 818 1695 efficientiae
844 1635 952 1715 ubique
982 1642 1126 1713 sequente
1155 1633 1322 1694 secundum
1345 1630 1440 1709 magis
1459 1636 1484 1689 et

140 1721 249 1784 minus.
297 1721 341 1781 At
364 1722 452 1781 datur
475 1720 590 1781 initium
617 1721 789 1782 discedendi
815 1743 833 1782 a
856 1725 990 1798 zodiaco,
1015 1724 1041 1784 si
1060 1722 1224 1801 promissor
1248 1719 1368 1781 obtinet
1390 1718 1484 1780 latitu-

144 1811 252 1880 dinem,
278 1819 309 1869 et
325 1810 419 1869 multu
435 1810 541 1886 magis,
566 1808 591 1868 si
615 1828 680 1871 curn
700 1810 943 1888 Regiomontano
968 1812 1061 1873 etiam
1076 1810 1203 1872 termino
1228 1819 1375 1888 aspectus
1390 1805 1483 1869 tribui-

140 1917 206 1961 mus
230 1897 431 1959 latitudinem.
479 1897 576 1959 Multo
600 1897 692 1976 igitur
715 1899 906 1962 verisimilius
931 1920 987 1980 ego
1012 1901 1068 1961 hoc
1093 1901 1192 1960 tribuo
1215 1897 1351 1972 zodiaco,
1376 1904 1485 1975 propter

139 1997 315 2066 perpetuum
339 1984 421 2047 Solis
446 1986 501 2046 suh
526 2005 560 2048 eo
586 1987 768 2060 discursum,
798 1989 880 2049 ntis
906 1990 1018 2051 animet
1048 1995 1205 2066 aspectus,
1238 1995 1330 2066 atque
1355 1993 1484 2064 aspectus

139 2076 169 2136 iu
194 2095 230 2136 eo
254 2074 460 2136 terminentur.
508 2073 570 2136 Sed
594 2084 694 2136 tamen
720 2076 757 2136 ad
782 2078 984 2139 omnimodam
1008 2077 1095 2137 fidem
1116 2074 1336 2155 praestandam
1358 2073 1426 2134 huic
1446 2071 1484 2132 di-

139 2163 266 2227 rectioni
295 2171 470 2240 aspectuum
495 2163 604 2225 desunt
628 2165 699 2225 milri
724 2165 819 2225 multa
843 2168 995 2246 exempla;
1028 2165 1055 2225 si
1079 2165 1150 2226 mihi
1174 2173 1246 2225 sunt
1267 2181 1435 2242 geneseon,
1460 2168 1485 2219 at

143 2271 202 2314 uon
227 2260 298 2312 sunt
320 2259 491 2312 eventuum.
518 2253 648 2329 (ll'olfg.
665 2252 758 2314 Wilh.
775 2253 852 2316 Phil.
868 2255 945 2317 Lud.
972 2253 1006 2316 C.
1031 2253 1066 2314 P.
1092 2250 1277 2331 Neoburgioi
1302 2251 1384 2313 lilius
1410 2256 1485 2311 natus

139 2350 188 2402 est
215 2340 331 2401 oriente
355 2340 455 2401 Marte
481 2340 562 2401 circa
590 2339 694 2416 5⁰⁸(
722 2361 789 2402 cum
813 2343 865 2404 lat.
892 2341 948 2417 5⁰,
981 2361 1048 2404 curu
1076 2350 1159 2403 esset
1187 2339 1241 2402 Sol
1265 2340 1296 2401 iu
1324 2332 1429 2420 11¹l,⁰
1447 2347 1482 2414 ll,

139 2429 228 2491 Luna
249 2428 280 2489 in
305 2423 393 2507 372⁰
415 2439 462 2513 up.
510 2430 543 2489 ln
567 2439 634 2490 ortu
659 2424 704 2491 3⁰
726 2429 786 2505 Υ.)

231 2516 296 2589 (Ad
321 2513 368 2589 3.)
413 2517 635 2595 Incompertum
660 2518 719 2592 ais,
746 2538 804 2597 qua
827 2519 943 2580 ratione
968 2526 998 2578 et
1022 2537 1078 2597 quo
1103 2524 1239 2595 tempore
1263 2515 1397 2595 eclipses
1420 2513 1484 2574 vires

140 2625 212 2667 suas
237 2614 380 2666 exserant
404 2615 435 2665 et
458 2604 506 2666 hic
531 2606 635 2667 fallere
659 2608 779 2685 regulas
803 2607 980 2668 Ptolemaei.
1020 2607 1132 2667 Tecum
1156 2605 1272 2678 sentio;
1305 2616 1340 2665 at
1362 2605 1417 2664 hoc
1439 2619 1483 2661 nou

139 2703 250 2767 tecum,
275 2694 354 2773 quod
377 2712 464 2772 nego,
490 2704 603 2756 certam
629 2714 696 2755 esse
721 2696 883 2774 eclipsibus
908 2696 1054 2756 rationem
1079 2693 1234 2774 operandi,
1256 2693 1385 2772 proinde
1404 2708 1483 2769 neque

142 2782 212 2846 seiri
250 2800 345 2862 neque
380 2782 487 2861 inquiri
518 2783 596 2844 hano
628 2802 730 2863 posse.
787 2784 820 2845 Si
852 2795 991 2845 naturam
1026 2783 1100 2845 lucis
1128 2790 1160 2843 et
1190 2782 1313 2843 umbrae
1342 2779 1481 2860 respicias,

139 2873 277 2953 equidem
301 2889 427 2949 corpora
451 2880 556 2932 nostra
581 2872 670 2933 nihilo
695 2873 791 2952 magis
816 2873 985 2935 alliciuntur
1009 2873 1047 2934 ab
1066 2871 1173 2934 umbra
1195 2871 1317 2946 Lunae,
1349 2888 1435 2949 quam
1453 2864 1481 2926 ab

137 2961 243 3025 umbra
267 2960 392 3031 Terrae,
428 2979 504 3039 quae
528 2979 587 3021 nox
612 2961 729 3022 dicitur.
778 2962 892 3022 Restat
919 2980 991 3041 ergo
1020 2959 1140 3022 unicum
1169 2979 1267 3022 meum
1291 2975 1480 3039 npqoqzyeroa

138 3050 316 3113 facultatem
336 3049 509 3121 animalem,
545 3068 620 3128 quae
649 3050 761 3110 insidet
790 3050 819 3111 in
844 3051 954 3125 Terra,
989 3059 1021 3111 et
1049 3068 1177 3111 cumea
1207 3048 1382 3111 uuiversum
1404 3061 1480 3126 genus
1507 3051 1513 3057 '

140 3139 305 3200 animarum
331 3145 363 3197 et
391 3135 545 3215 geniorum
580 3137 704 3199 insolita
730 3139 803 3199 lucis
823 3140 946 3218 jactura
979 3138 1168 3199 consternari
1197 3138 1400 3216 affectumque
1421 3151 1479 3195 con·

139 3227 238 3305 cipere
250 3225 299 3286 diu
311 3225 479 3297 durantem,
495 3236 585 3304 atque
600 3234 672 3287 tunc
682 3246 822 3306 magnum
839 3228 895 3288 hoc
915 3227 1035 3302 animal,
1053 3226 1203 3288 Tellurem
1218 3225 1348 3299 scilicet,
1371 3223 1400 3284 iu
1414 3239 1477 3283 mor·

138 3314 194 3376 bos
218 3313 359 3382 incidere,
385 3312 462 3375 alitis
487 3313 515 3374 in
541 3314 632 3386 alios,
656 3325 746 3394 prout
768 3316 885 3377 interea
909 3317 987 3379 ratio
1012 3317 1169 3377 humorum
1193 3314 1286 3376 fucrit
1309 3318 1476 3392 comparate

138 3422 248 3482 eosque
268 3401 334 3480 jam
357 3401 471 3463 tardius
490 3404 555 3481 jam
578 3404 668 3464 citius
684 3423 847 3483 erumpere,
872 3414 962 3484 prout
976 3405 1067 3465 fuerit
1085 3411 1293 3484 comparatum
1319 3420 1386 3464 oum
1399 3400 1477 3462 Terra

137 3490 310 3554 intrinsece.
356 3490 458 3552 Habet
477 3491 554 3551 enim
580 3493 680 3572 utique
705 3501 737 3553 et
751 3493 853 3554 Tellus
869 3495 936 3573 ipsa
958 3514 978 3553 a
992 3511 1024 3554 se
1040 3493 1185 3571 quasdam
1200 3490 1380 3554 variationis
1399 3490 1476 3567 leges

136 3600 196 3644 uon
220 3600 240 3640 a
262 3579 345 3642 coelo
370 3597 487 3652 omnes,
518 3581 561 3642 uti
595 3581 683 3642 homo
707 3581 818 3654 esurit,
850 3582 930 3653 sitit,
965 3581 1112 3661 fatigatur
1139 3582 1180 3642 ad
1204 3579 1424 3660 praescriptum
1442 3571 1477 3635 sui

137 3669 270 3750 eorporis
296 3668 410 3744 virium,
435 3688 492 3729 non
517 3669 602 3730 coeli.
649 3670 718 3731 Nou
733 3669 824 3748 igitur
848 3671 944 3732 omnis
960 3670 1082 3749 eclipsis
1099 3669 1181 3731 Solis
1202 3669 1378 3731 siccitatem
1395 3664 1476 3732 aderis

138 3770 219 3822 certe
244 3778 302 3819 nou
326 3758 461 3819 omnihus
486 3757 571 3821 locis.
618 3759 697 3820 Nam
721 3776 799 3819 anno
823 3755 874 3822 98.
905 3760 943 3820 ad
968 3759 1050 3821 illam
1075 3759 1200 3838 eclipsin
1224 3766 1333 3820 secuta
1356 3748 1476 3834 sequenti

138 3856 279 3908 autumno
303 3855 335 3908 et
356 3846 452 3908 hieme
477 3847 505 3907 in
531 3847 658 3908 Austris.
681 3856 712 3908 et
729 3847 833 3928 Styria
856 3849 962 3927 iugens
986 3856 1018 3909 et
1042 3848 1182 3910 diuturna
1206 3865 1354 3927 aquarum
1377 3840 1476 3906 effusio.

137 3936 244 4014 ltaque
268 3933 391 3995 miseret
413 3955 459 3995 me
484 3935 612 3997 infelicis
636 3945 706 3997 tuae
730 3936 911 4012 industriae,
941 3936 1062 3997 durnin
1086 3936 1123 3997 iis
1147 3937 1237 3997 rebus
1262 3931 1434 3997 ordinandis
1453 3933 1477 3986 el

138 4022 331 4102 disponendis
358 4023 498 4092 versaris,
521 4044 596 4102 quas
620 4032 727 4086 natura
750 4025 818 4103 ipsa
833 4024 999 4087 confundit.
1047 4024 1125 4094 Quin
1141 4024 1243 4104 potius
1267 4025 1325 4085 hoc
1350 4041 1431 4101 agas,
1452 4021 1478 4076 et

136 4128 253 4173 mecum
277 4111 313 4171 de
336 4110 463 4172 internis
488 4112 617 4174 Telluris
642 4113 862 4175 conditionibus
886 4115 1036 4192 disputes,
1070 4113 1148 4193 quod
1171 4112 1339 4174 identidem
1362 4107 1435 4172 facio
1454 4104 1477 4165 iu

136 4199 396 4282 prognosticorum
419 4199 658 4277 praefationibus
683 4212 714 4262 et
738 4202 766 4263 in
791 4203 896 4265 ultimo
917 4202 1005 4281 hujus
1029 4202 1100 4264 anui
1119 4201 1187 4271 feci,
1212 4201 1238 4263 si
1258 4217 1390 4281 unquam
1404 4193 1480 4260 alies.

138 4287 256 4352 liberali
280 4306 377 4350 manu.
423 4287 487 4349 Res
512 4297 641 4351 estnon
665 4291 702 4350 de
728 4289 830 4363 nihilo,
855 4312 911 4352 non
937 4292 1099 4367 somnium,
1125 4290 1178 4351 sed
1202 4288 1380 4351 verissima:
1405 4283 1482 4347 habet

139 4377 254 4450 Tellus,
279 4376 365 4436 utin
389 4375 475 4455 Disp.
501 4377 537 4437 de
562 4379 657 4439 Fund.
683 4378 754 4451 dixi,
783 4382 930 4459 quasdam
955 4381 1094 4459 periodos
1118 4379 1251 4440 humoris
1278 4374 1483 4454 siceramque.

139 4467 207 4529 aliis
230 4464 369 4545 partibus
393 4465 481 4526 alias.

227 4553 294 4626 (Ad
317 4551 365 4626 l.)
414 4552 597 4615 Convincam
612 4565 642 4613 te
667 4555 714 4614 vel
739 4575 776 4616 ex
800 4564 829 4616 te
854 4556 930 4634 ipso,
955 4574 1022 4618 eum
1039 4555 1139 4615 ventis
1161 4561 1282 4616 tantum
1295 4553 1424 4628 tribuas,
1444 4567 1481 4612 me

139 4642 258 4723 quidem
281 4641 479 4703 assentiente.
527 4641 572 4703 At
593 4641 677 4704 venti
700 4653 770 4704 sunt
794 4644 937 4705 montium
964 4636 1093 4716 soboles,
1119 4652 1150 4705 et
1168 4641 1266 4705 sicubi
1280 4641 1372 4724 pluit,
1396 4639 1487 4704 exilu

88 4732 94 4745 ’
138 4730 260 4809 regione
284 4736 354 4791 suut
377 4730 474 4804 veuti;
507 4739 560 4792 aut
584 4732 609 4792 si
633 4731 717 4792 nives
745 4733 775 4794 in
798 4732 1003 4813 septentrione
1027 4731 1185 4809 solvuntur
1205 4749 1334 4793 accessu
1355 4730 1436 4795 Solis
1456 4725 1488 4790 ad

137 4827 275 4882 nostrum
288 4817 551 4899 hemisphaerium,
576 4821 738 4882 etesiarum
754 4821 870 4884 initium
883 4822 931 4894 fit,
957 4821 1007 4903 qui
1022 4827 1094 4883 sunt
1106 4820 1190 4883 venti
1204 4819 1360 4885 boreales.
1393 4821 1490 4903 laque
