3278 5542
139 297 201 365 ιιι
648 277 767 369 ιιι,
780 298 980 365 caconem

136 478 230 517 aarum
243 461 328 531 plane
342 459 588 524 fundamentalem,
610 468 642 514 et
655 477 727 532 quae
741 468 820 515 recta
832 462 868 515 ad
882 478 981 516 causas
996 444 1168 526 ducit3‘cum
1187 470 1245 519 tarn
1266 462 1305 520 sit
1318 463 1431 521 obviam
1442 465 1492 521 cai·

135 543 222 605 lihet,
244 541 271 594 id
284 540 312 595 in
326 541 430 594 chorda
444 555 605 610 quacunque
619 549 754 603 extensa,
777 540 855 610 cujus
877 542 999 612 spatium
1017 541 1172 611 subjectum
1187 542 1289 599 oireino
1304 542 1391 599 dividi
1404 545 1493 621 possit,

136 620 253 692 simplici
266 620 453 691 applicatione
468 619 508 673 rei
527 621 621 683 durae,
643 628 676 674 nt
690 621 771 675 cultri
786 630 837 675 aut
850 622 936 676 clavis
956 624 991 675 ad
1006 622 1144 687 chordam,
1163 639 1248 678 manu
1260 640 1320 685 una
1335 633 1369 679 et
1388 643 1492 697 percus·

136 703 213 757 sione
231 701 352 771 partium
366 699 426 769 ejus
449 700 684 754 interstinctamm
703 719 763 754 cum
782 702 910 770 plectro
903 721 931 756 ιιι
945 719 1027 756 manu
1045 702 1150 767 altera,
1172 704 1405 774 experimentari.
1443 706 1493 761 lte

136 800 189 853 quc
203 797 308 835 summa
323 780 396 834 fuit
389 789 445 833 ista
459 779 605 833 felicitas
598 798 625 833 ιιι
649 780 782 851 principio
806 782 1004 851 speculationis
1025 782 1149 836 tendenti
1168 785 1202 837 ad
1222 800 1292 855 opus
1312 770 1494 842 harmonieum

136 862 322 916 scribendum:
344 861 468 931 quamvis
484 868 549 914 tnnc
564 860 670 930 quidem
685 862 801 915 nondum
821 861 848 914 id
862 863 952 917 animo
966 862 1179 919 destinaveram.
1209 864 1304 920 Causa
1321 872 1433 931 autem,
1452 883 1494 921 cnr

136 951 242 1013 septem
262 940 355 995 ordine
377 958 457 994 voces
481 957 567 1010 usquc
589 942 623 993 ad
645 940 778 1010 diapason
795 958 855 995 cum
869 941 924 997 ima
937 951 1068 1013 suscepta
1087 951 1249 1010 consonent,
1275 952 1320 999 est
1342 945 1413 1009 ista,
1437 945 1495 1017 quis

136 1023 239 1077 chorda
253 1021 357 1092 septies
371 1020 529 1075 harmonice
543 1020 625 1073 dividi
639 1027 748 1090 potest;
770 1021 888 1093 singulis
907 1022 978 1077 enim
998 1022 1029 1076 iis
1052 1023 1160 1078 actibus
1175 1024 1280 1096 singuli
1294 1024 1496 1083 consumunmt

136 1103 204 1167 soni,
225 1108 409 1156 consonantes
423 1117 483 1154 cum
498 1117 564 1153 sono
579 1099 672 1154 totius.
702 1101 771 1153 Vide
786 1101 833 1155 lib.
850 1102 897 1156 ιιι.
913 1104 1009 1158 Herm.
1025 1119 1086 1174 cap.
1102 1103 1129 1158 2.

216 1195 240 1268 i)
268 1200 370 1252 Verum
383 1206 436 1262 est,
457 1197 480 1250 ιι
494 1198 624 1251 naturale
639 1197 666 1250 id
679 1197 763 1261 dicas,
787 1200 858 1269 quod
876 1199 966 1269 prima
986 1200 1082 1254 statim
1100 1201 1280 1270 coaptatione
1298 1182 1478 1265 mononem
1471 1220 1497 1259 ιι

136 1281 196 1351 ipso
210 1278 290 1350 qnasi
304 1278 423 1350 vestigio
437 1294 582 1331 causarum
597 1294 825 1348 praegressarum
843 1278 961 1344 elicitur,
983 1288 1015 1333 ut
1033 1279 1222 1351 distinguatur
1242 1281 1280 1335 ab
1302 1298 1345 1346 eo,
1371 1285 1496 1353 quodse

137 1360 270 1414 cundaria
283 1359 391 1412 ratione
405 1358 484 1411 velut
501 1357 682 1411 artificialiter
701 1366 731 1411 et
751 1357 904 1413 imitatione
918 1367 1035 1414 naturae
1051 1360 1237 1415 constituitur.
1265 1364 1307 1415 Δι
1318 1361 1344 1415 ιι
1358 1379 1415 1426 non
1430 1363 1497 1423 ordis

137 1458 199 1494 nem
213 1445 299 1502 ortus,
315 1440 363 1491 sed
376 1437 580 1508 proportionem
595 1437 682 1507 ipsam
696 1437 837 1507 respicias,
854 1440 995 1493 naturalia
1009 1448 1091 1493 erunt
1104 1449 1135 1494 et
1149 1440 1199 1495 illa
1210 1440 1364 1497 intervalla
1375 1436 1497 1507 dicenda,

137 1536 208 1592 quae
226 1518 418 1589 proportiones
439 1517 478 1571 sic
498 1525 563 1572 ante
588 1517 754 1571 constitutas
778 1517 931 1572 imitatione
956 1526 1074 1573 naturae
1095 1519 1257 1590 suscipiunt
1285 1520 1374 1577 Utin
1387 1523 1498 1593 segasls

138 1617 234 1654 vocum
247 1616 286 1663 re,
302 1597 346 1662 mi,
362 1598 399 1661 fa,
415 1599 465 1662 sol,
481 1598 511 1651 la
524 1598 654 1651 naturale
669 1604 713 1650 ost
727 1597 918 1665 intervallum,
938 1599 980 1663 fa,
997 1600 1051 1664 sol,
1067 1606 1149 1653 tonus
1163 1599 1253 1670 major
1266 1599 1376 1668 dictus5
1391 1602 1498 1673 ,qnippe

137 1679 263 1751 primitus
278 1677 468 1741 constituitur,
493 1679 601 1747 quando
621 1677 798 1731 intervallum
816 1695 860 1741 re,
880 1679 922 1743 fa,
946 1679 1035 1732 adhuc
1049 1680 1167 1734 nondum
1181 1686 1226 1733 est
1239 1678 1373 1737 divisum:
1398 1682 1423 1737 si
1440 1680 1498 1751 jam

137 1760 222 1813 etiam
236 1759 309 1813 inter
328 1775 371 1821 re,
396 1759 425 1811 fa
443 1756 605 1829 designetur
625 1775 680 1811 vox
703 1758 751 1821 mi,
776 1758 827 1811 tali
851 1758 1029 1828 proportione
1043 1760 1163 1813 chordae
1182 1759 1231 1823 mi,
1256 1760 1292 1813 ad
1312 1761 1447 1817 chordam
1460 1778 1496 1824 re,

138 1839 214 1911 quali
229 1839 328 1893 estaol
343 1840 378 1891 ad
393 1839 430 1901 fa,
451 1844 517 1890 tunc
531 1844 560 1890 et
574 1838 636 1908 ipsa
651 1854 706 1891 vox
720 1837 755 1891 mi
770 1838 905 1892 naturalis
921 1838 1017 1893 haberi
1032 1840 1123 1893 debet.
1154 1839 1233 1902 Quod
1245 1855 1311 1895 rero
1325 1841 1499 1907 causamhio,

138 1918 242 1974 reddidi
256 1917 447 1981 distinctionis,
464 1916 542 1988 quasi
557 1918 593 1980 fa,
610 1918 652 1970 sol
666 1918 792 1973 habeant
805 1918 974 1973 indubitatos
989 1936 1129 1982 numeros,
1152 1919 1189 1974 mi
1208 1936 1272 1974 vero
1298 1936 1356 1975 non
1368 1921 1452 1977 item:
1474 1920 1499 1987 id

140 2001 346 2054 condonandum
368 2003 413 2051 est
435 1997 569 2068 tyrocinio
593 2003 657 2050 tunc
678 1997 777 2066 posito.
806 1999 877 2052 Nam
900 1999 948 2053 lib.
968 1999 1007 2053 ιιι
1029 2000 1159 2054 Hermon.
1184 2015 1244 2069 cap.
1268 1999 1286 2055 5
1307 2007 1344 2069 et¹
1361 2000 1379 2055 ι
1389 2017 1499 2069 causas

139 2080 257 2150 optimas
273 2078 381 2142 tradidi,
397 2077 495 2149 quihus
509 2078 593 2131 ctiam
603 2094 670 2131 sono
680 2078 716 2131 ιιιι
730 2084 761 2131 ιι
776 2078 909 2133 similibus
925 2096 989 2132 snus
1005 2078 1174 2133 indubitatus
1186 2096 1315 2134 numerus
1329 2080 1498 2154 assignatur.

216 2173 251 2245 ιι)
266 2178 327 2230 Hoc
339 2192 434 2230 rerum
448 2181 500 2238 est,
516 2174 539 2228 si
552 2175 681 2245 utrinque
695 2175 783 2230 relies
797 2177 951 2245 perfectum
965 2177 1095 2248 diapente
1109 2176 1289 2234 constituere.
1315 2178 1414 2249 Atqui,
1431 2181 1501 2250 qnod

139 2265 206 2312 tuno
220 2257 396 2328 ignorabam,
418 2271 484 2325 pars
505 2272 560 2308 non
574 2254 684 2309 minima
697 2261 742 2309 est
764 2256 925 2327 disciplinae
951 2259 992 2310 de·
1005 2256 1189 2312 consonantiis
1214 2256 1394 2323 adulterinis,
1420 2275 1501 2330 quam

139 2337 240 2392 tradidi
255 2336 302 2390 lib.
318 2336 357 2389 Ill
371 2336 502 2389 Harmon.
519 2351 579 2404 cap.
598 2334 643 2388 12.

220 2411 244 2484 l)
267 2417 310 2468 lta
327 2414 432 2468 usitate
451 2414 646 2485 appellantur;
670 2421 779 2469 veteres
804 2432 838 2469 ne
862 2432 911 2486 pro
931 2415 1118 2475 consonantiis
1132 2416 1241 2487 quidem
1259 2418 1430 2473 hahuerunt.
1445 2417 1502 2472 ..ιι

139 2513 198 2551 meo
214 2511 297 2564 opere
312 2493 500 2559 Harmonioes,
523 2494 569 2547 lib.
586 2494 634 2550 ιιι.
651 2512 711 2565 cap.
729 2495 773 2559 16,
796 2514 846 2550 neo
860 2496 947 2550 minus
968 2503 998 2550 et
1018 2513 1080 2567 cap.
1099 2498 1111 2550 l
1133 2504 1164 2551 et
1182 2498 1202 2552 4
1220 2496 1286 2552 libri
1300 2497 1341 2553 ΠΙ
1354 2504 1386 2552 et
1398 2496 1502 2568 passim

139 2576 225 2630 etiam
238 2575 415 2644 imperfectas
437 2574 594 2644 appellavi,
620 2577 667 2628 sed
689 2592 745 2629 vox
765 2575 822 2630 ista
843 2595 897 2630 non
917 2593 1005 2647 aeque
1019 2577 1098 2630 volet
1111 2576 1296 2633 adulterinae.
1324 2577 1419 2633 Deest
1431 2576 1500 2632 enirn

139 2654 314 2710 adulterinae
329 2654 466 2708 minimum
481 2654 597 2725 aliquid,
622 2673 674 2726 quo
694 2656 782 2709 minus
796 2656 833 2710 sit
847 2657 932 2726 plena
950 2657 1148 2719 consonantia;
1169 2656 1239 2711 nihil
1257 2659 1338 2713 deest
1355 2657 1460 2713 tertiae
1473 2664 1502 2711 et

139 2743 241 2790 sextae
255 2734 411 2806 legitimae,
434 2753 486 2806 quo
501 2735 588 2788 minus
604 2734 677 2789 inter
691 2737 885 2791 consonantias
904 2739 1071 2793 referantur.
1101 2739 1199 2807 Itaque
1217 2736 1403 2809 distinctionis
1417 2752 1505 2793 ιιιιιι

139 2822 267 2887 praestat
281 2815 379 2869 tertias
395 2822 425 2869 et
439 2821 535 2869 sextas
550 2816 666 2870 minores
688 2815 778 2871 dicere
798 2817 1005 2881 consonantias,
1027 2818 1108 2889 idque
1129 2835 1184 2872 non
1203 2817 1373 2940 quantitatis
1394 2823 1501 2875 tantum

140 2903 283 2967 r,espectu
308 2898 355 2949 sed
379 2896 464 2951 etiam
487 2894 598 2967 speciei.
1331 2936 1341 2951 .

218 2971 258 3046 m)
280 2977 360 3030 Hunc
375 2994 428 3048 ego
443 2992 556 3031 nervum
570 2977 727 3048 argumenti
747 2983 812 3030 tunc
826 2975 964 3030 constitui.
994 2975 1132 3030 Dividitur
1150 2976 1307 3031 zodiacus'
1299 2994 1328 3033 ιιι
1346 2936 1475 3049 partes
1467 2975 1501 3033 lt
1525 3020 1531 3025 .

140 3063 168 3111 et
185 3057 257 3118 120;
279 3056 409 3111 dividitur
422 3064 453 3110 et
467 3056 590 3111 chorda
583 3075 611 3110 ιι
632 3057 746 3111 totidem
764 3056 935 3110 harmonice:
959 3072 1027 3127 ergo
1042 3056 1270 3111 numerrhssunt
1283 3058 1360 3126 apud
1373 3065 1503 3115 saturn

139 3137 168 3191 in
181 3137 279 3206 pretio.
300 3140 340 3189 At
353 3153 412 3189 cum
428 3136 533 3190 zodiaci
547 3136 643 3190 divisio
658 3137 695 3190 sit
709 3153 726 3191 a
741 3136 859 3208 quinque
874 3136 1034 3206 corporibus
1049 3133 1105 3206 (uti
1119 3143 1184 3190 tunc
1197 3133 1418 3205 existimabam),
1434 3137 1502 3194 reri·

140 3217 242 3279 simile,
264 3216 381 3270 indidem
395 3223 425 3270 et
439 3216 557 3270 chordae
573 3215 733 3271 divisionem
753 3234 829 3281 esse,
851 3223 882 3271 et
900 3217 939 3270 sic
957 3216 1075 3287 quinque
1094 3217 1158 3270 illas
1172 3218 1277 3289 figuras
1291 3218 1380 3275 etiam
1394 3219 1501 3275 harma·

141 3297 247 3351 uiarum
262 3296 337 3349 ideas
351 3313 428 3360 esse,
451 3303 516 3351 tunc
536 3296 644 3367 quidem
663 3298 740 3370 sequi
754 3296 909 3351 videbatur.
937 3297 992 3351 Sed
1007 3313 1078 3350 nuno
1092 3315 1129 3351 ex
1143 3315 1227 3368 opere
1241 3297 1403 3353 banonico
1416 3298 1503 3355 lector

141 3393 240 3431 causas
255 3376 474 3431 harmonicorum
487 3376 624 3448 genuinas
638 3384 734 3446 petat:
755 3385 820 3431 sunt
838 3376 909 3432 enim
924 3395 978 3431 non
993 3377 1044 3431 illa
1058 3377 1176 3448 quinque
1192 3393 1310 3447 corpora
1321 3379 1502 3448 geometriae.

141 3459 189 3512 sed
213 3456 306 3526 potius
331 3458 439 3527 figurae
462 3457 596 3528 planae
589 3475 616 3511 ιι
640 3458 770 3512 circulum
794 3457 942 3527 inscriptae
966 3455 1013 3511 dm.

220 3530 253 3605 ιι)
274 3538 428 3591 Jucundum
443 3544 499 3601 est,
521 3537 622 3607 primos
638 3536 824 3592 invent-ionum
839 3544 954 3591 conatus
969 3537 1055 3591 etiam
1069 3543 1196 3591 errantes
1211 3536 1321 3593 intueri.
1348 3538 1426 3595 Eece
1440 3556 1502 3613 osu·

142 3635 188 3673 sas
202 3618 340 3690 genuinas
355 3624 385 3671 ιι
406 3618 599 3710 archetypicas
620 3617 889 3683 concordantiamm,
914 3634 981 3688 quas
1004 3618 1129 3672 manibus
1150 3619 1311 3684 versabam,
1335 3608 1503 3683 caecutiens,

140 3700 220 3753 velut
233 3699 378 3761 absentes,
399 3698 482 3753 anxie
502 3698 634 3768 quaesivi.
663 3698 783 3770 Figurae
798 3699 901 3769 planae
916 3705 981 3751 sunt
995 3714 1096 3751 causae
1111 3697 1369 3754 concordantiamm
1382 3717 1414 3754 se
1429 3700 1504 3773 ipsis,

141 3798 194 3835 non
209 3787 345 3850 qnatenus
366 3780 437 3833 liunt
454 3778 604 3833 solidarum
616 3779 767 3850 figurarum
782 3777 948 3848 superficies.
976 3779 1092 3832 Frustra
1110 3780 1146 3832 ad
1167 3778 1256 3833 solida
1268 3780 1385 3850 respexi
1398 3781 1430 3835 in
1442 3798 1504 3872 ona·
1518 3842 1538 3850 .-

142 3859 288 3914 stituendis
311 3859 475 3913 harmonicis
497 3864 618 3912 motuum
641 3858 875 3928 proportionibus.

222 3934 358 4009 o)Atqui
373 3955 473 3993 causas
484 3939 544 4009 jam
559 3939 713 3993 nominatas
734 3939 824 4002 vides,
845 3939 950 4008 figuras
970 3938 1085 4029 planas:
1110 3937 1189 4009 atqui
1210 3955 1264 3993 non
1282 3938 1431 4009 cognatio,
1451 3956 1506 3995 non

142 4018 383 4090 consanguinitas,
408 4021 455 4073 sed
479 4021 553 4073 nuda
574 4019 696 4073 affinitas
717 4025 767 4073 est.
797 4018 917 4089 Figurae
939 4017 1010 4072 enim
1030 4019 1133 4087 planae
1152 4036 1190 4071 ex
1209 4034 1265 4072 una
1282 4025 1366 4088 parte
1380 4012 1507 4075 dividant

142 4100 271 4153 circulum
290 4098 464 4165 harmonice,
484 4116 522 4154 ex
540 4099 632 4153 altera
651 4107 733 4169 parte
754 4106 912 4170 congruunt
929 4099 957 4152 in
977 4100 1082 4169 figuras
1102 4099 1221 4169 quinque
1240 4096 1353 4152 solidas.
1382 4100 1463 4172 Ergo
1477 4107 1506 4154 et

142 4179 301 4233 harmonica
323 4179 418 4232 circuli
441 4179 537 4232 divisio
561 4187 591 4232 et
614 4180 731 4250 quinque
754 4180 861 4250 ligurae
885 4179 913 4232 in
939 4195 993 4232 uno
1021 4178 1118 4243 tertio,
1143 4179 1170 4233 in
1198 4178 1294 4250 figuris
1325 4177 1385 4235 scil.
1410 4179 1505 4251 planis

143 4260 319 4315 conveniunt.

221 4334 256 4410 p)
277 4340 352 4392 Nota
365 4338 418 4391 hoc
432 4339 581 4410 diligenter
595 4345 625 4392 et
642 4356 777 4410 cognosce
791 4340 837 4392 vel
852 4339 903 4393 hoc
916 4356 971 4392 nno
986 4338 1114 4409 exemplo
1128 4338 1182 4392 vim
1197 4337 1315 4393 aliarum
1327 4338 1506 4395 fortuitarum

143 4420 331 4475 collusionum.
368 4419 481 4487 Septem
499 4420 754 4473 concordantiamm
777 4419 893 4482 formas,
919 4437 968 4472 seu
991 4426 1098 4489 septem
1122 4420 1258 4473 sectiones
1281 4420 1458 4475 harmonicas
1478 4420 1507 4477 ιι

142 4501 280 4572 prioribus
294 4493 330 4554 ad
352 4498 505 4570 quinarium
523 4499 679 4571 redegimus
701 4507 860 4570 utcumque,
884 4505 916 4553 ut
939 4499 1020 4554 binae
1044 4517 1152 4569 semper
1175 4500 1355 4569 imperfectae
1377 4516 1507 4573 pronas

143 4588 329 4636 censerentur.
359 4580 506 4642 Quinarius
521 4581 574 4634 iste
588 4582 616 4634 in
630 4581 682 4633 duo
698 4581 758 4635 abit
771 4584 907 4644 membra,
927 4588 960 4633 ιιι
973 4580 1037 4634 hino
1050 4587 1127 4633 stent
1140 4586 1210 4644 tres,
1231 4581 1292 4635 inde
1307 4581 1391 4637 duae.
1418 4580 1506 4655 Atqu

143 4670 173 4716 et
186 4662 327 4733 quinarius
341 4677 483 4730 corporum
498 4678 535 4714 ex
549 4677 605 4714 una
618 4667 700 4731 parte
714 4661 769 4714 tria
782 4661 877 4724 hahet,
894 4678 929 4714 ex
944 4661 1036 4715 altera
1050 4663 1117 4715 duo:
1134 4678 1222 4732 neque
1237 4669 1331 4715 tamen
1345 4660 1402 4716 illis
1416 4658 1505 4718 tribas

144 4750 188 4797 est
202 4741 332 4814 cognatio
347 4757 408 4796 cum
422 4741 465 4795 his
480 4741 577 4805 trihus,
595 4758 646 4795 nec
661 4741 727 4794 illae
741 4743 812 4795 duae
826 4743 994 4811 respondent
1007 4742 1050 4797 his
1065 4743 1180 4796 duobus.
1208 4741 1280 4796 Nam
1293 4742 1365 4796 duae
1380 4743 1505 4814 duplices

143 4823 366 4895 imperfectamm
380 4821 635 4877 concordantiarum
648 4822 753 4877 formae
768 4822 968 4877 communicant
981 4823 1151 4892 decangulo,
1176 4823 1248 4895 quod
1271 4828 1316 4877 est
1336 4820 1384 4877 hic
1402 4839 1506 4899 cogna-
