<?xml version="1.0" encoding="UTF-8"?>
<!DOCTYPE html PUBLIC "-//W3C//DTD XHTML 1.0 Transitional//EN"
    "http://www.w3.org/TR/xhtml1/DTD/xhtml1-transitional.dtd">
<html xmlns="http://www.w3.org/1999/xhtml" xml:lang="en" lang="en">
 <head>
  <title>
</title>
<meta http-equiv="Content-Type" content="text/html;charset=utf-8" />
  <meta name='ocr-system' content='tesseract 3.04.00' />
  <meta name='ocr-capabilities' content='ocr_page ocr_carea ocr_par ocr_line ocrx_word'/>
</head>
<body>
  <div class='ocr_page' id='page_1' title='image "./joanniskepleria17frisgoog_0272.png"; bbox 0 0 3278 5542; ppageno 0'>
   <div class='ocr_carea' id='block_1_1' title="bbox 677 303 896 356">
    <p class='ocr_par' dir='ltr' id='par_1_1' title="bbox 677 303 896 356">
     <span class='ocr_line' id='line_1_1' title="bbox 677 303 896 356; baseline -0.014 0"><span class='ocrx_word' id='word_1_1' title='bbox 677 310 782 356; x_wconf 81' lang='lat' dir='ltr'><strong>·ooutra</strong></span> <span class='ocrx_word' id='word_1_2' title='bbox 799 303 896 356; x_wconf 79' lang='lat' dir='ltr'><strong>Ursum.</strong></span> 
     </span>
    </p>
   </div>
   <div class='ocr_carea' id='block_1_2' title="bbox 495 517 1037 767">
    <p class='ocr_par' dir='ltr' id='par_1_2' title="bbox 495 517 1037 767">
     <span class='ocr_line' id='line_1_2' title="bbox 694 517 888 618; baseline -0.01 -24"><span class='ocrx_word' id='word_1_3' title='bbox 694 517 814 618; x_wconf 88' lang='lat' dir='ltr'><strong>Caput</strong></span> <span class='ocrx_word' id='word_1_4' title='bbox 840 517 888 592; x_wconf 93' lang='grc' dir='ltr'><strong>Π.</strong></span> 
     </span>
     <span class='ocr_line' id='line_1_3' title="bbox 495 644 1037 767; baseline -0.002 -24"><span class='ocrx_word' id='word_1_5' title='bbox 495 751 500 767; x_wconf 56' lang='grc'>,</span> <span class='ocrx_word' id='word_1_6' title='bbox 530 644 605 743; x_wconf 60' lang='grc' dir='ltr'><strong>ὐε</strong></span> <span class='ocrx_word' id='word_1_7' title='bbox 626 678 776 744; x_wconf 63' lang='lat' dir='ltr'><strong>mnan</strong></span> <span class='ocrx_word' id='word_1_8' title='bbox 797 679 1037 766; x_wconf 75' lang='lat' dir='ltr'><strong>Hyporneeium.</strong></span> 
     </span>
    </p>
   </div>
   <div class='ocr_carea' id='block_1_3' title="bbox 198 821 1600 906">
    <p class='ocr_par' dir='ltr' id='par_1_3' title="bbox 198 821 1600 906">
     <span class='ocr_line' id='line_1_4' title="bbox 198 821 1600 906; baseline 0.003 -23"><span class='ocrx_word' id='word_1_9' title='bbox 198 822 236 883; x_wconf 91' lang='lat' dir='ltr'><strong>ln</strong></span> <span class='ocrx_word' id='word_1_10' title='bbox 268 821 397 884; x_wconf 90' lang='lat' dir='ltr'><strong>historia</strong></span> <span class='ocrx_word' id='word_1_11' title='bbox 433 823 644 906; x_wconf 72' lang='lat' dir='ltr'><strong>hypothesium</strong></span> <span class='ocrx_word' id='word_1_12' title='bbox 678 825 811 888; x_wconf 86' lang='lat' dir='ltr'><strong>texenda</strong></span> <span class='ocrx_word' id='word_1_13' title='bbox 833 825 930 888; x_wconf 89' lang='lat' dir='ltr'><strong>Ursus</strong></span> <span class='ocrx_word' id='word_1_14' title='bbox 973 823 1101 886; x_wconf 87' lang='lat' dir='ltr'><strong>artificio</strong></span> <span class='ocrx_word' id='word_1_15' title='bbox 1133 823 1229 886; x_wconf 90' lang='lat' dir='ltr'><strong>utitur</strong></span> <span class='ocrx_word' id='word_1_16' title='bbox 1259 842 1318 885; x_wconf 91' lang='lat' dir='ltr'><strong>uon</strong></span> <span class='ocrx_word' id='word_1_17' title='bbox 1350 823 1470 886; x_wconf 88' lang='lat' dir='ltr'><strong>inscito.</strong></span> <span class='ocrx_word' id='word_1_18' title='bbox 1594 822 1600 833; x_wconf 81' lang='grc'><em>“</em></span> 
     </span>
    </p>
   </div>
   <div class='ocr_carea' id='block_1_4' title="bbox 118 910 1499 4932">
    <p class='ocr_par' dir='ltr' id='par_1_4' title="bbox 118 910 1477 2156">
     <span class='ocr_line' id='line_1_5' title="bbox 118 910 1475 994; baseline 0.001 -20"><span class='ocrx_word' id='word_1_19' title='bbox 118 910 245 974; x_wconf 77' lang='lat' dir='ltr'><strong>lucris</strong></span> <span class='ocrx_word' id='word_1_20' title='bbox 269 911 347 974; x_wconf 91' lang='lat' dir='ltr'><strong>enirn</strong></span> <span class='ocrx_word' id='word_1_21' title='bbox 369 921 492 975; x_wconf 86' lang='lat' dir='ltr'><strong>exortus</strong></span> <span class='ocrx_word' id='word_1_22' title='bbox 515 914 683 976; x_wconf 88' lang='lat' dir='ltr'><strong>rationibus</strong></span> <span class='ocrx_word' id='word_1_23' title='bbox 706 915 794 977; x_wconf 89' lang='lat' dir='ltr'><strong>iidem</strong></span> <span class='ocrx_word' id='word_1_24' title='bbox 809 914 867 977; x_wconf 91' lang='lat' dir='ltr'><strong>sibi</strong></span> <span class='ocrx_word' id='word_1_25' title='bbox 890 913 965 976; x_wconf 87' lang='lat' dir='ltr'><strong>facit</strong></span> <span class='ocrx_word' id='word_1_26' title='bbox 980 913 1161 992; x_wconf 78' lang='lat' dir='ltr'><strong>cognitionis</strong></span> <span class='ocrx_word' id='word_1_27' title='bbox 1182 912 1389 975; x_wconf 82' lang='lat' dir='ltr'><strong>historiarum:</strong></span> <span class='ocrx_word' id='word_1_28' title='bbox 1415 933 1475 994; x_wconf 90' lang='lat' dir='ltr'><strong>qua</strong></span> 
     </span>
     <span class='ocr_line' id='line_1_6' title="bbox 118 1001 1474 1082; baseline 0.001 -21"><span class='ocrx_word' id='word_1_29' title='bbox 118 1001 257 1074; x_wconf 68' lang='lat' dir='ltr'><strong>obtenta,</strong></span> <span class='ocrx_word' id='word_1_30' title='bbox 290 1001 363 1064; x_wconf 90' lang='lat' dir='ltr'><strong>nihil</strong></span> <span class='ocrx_word' id='word_1_31' title='bbox 390 1009 507 1065; x_wconf 62' lang='lat' dir='ltr'><strong>mnata</strong></span> <span class='ocrx_word' id='word_1_32' title='bbox 530 1004 578 1065; x_wconf 85' lang='lat' dir='ltr'><strong>iilo</strong></span> <span class='ocrx_word' id='word_1_33' title='bbox 602 1004 748 1066; x_wconf 89' lang='lat' dir='ltr'><strong>orationis</strong></span> <span class='ocrx_word' id='word_1_34' title='bbox 772 1006 811 1066; x_wconf 97' lang='lat' dir='ltr'><strong>ad</strong></span> <span class='ocrx_word' id='word_1_35' title='bbox 834 1012 1004 1066; x_wconf 88' lang='lat' dir='ltr'><strong>commenta</strong></span> <span class='ocrx_word' id='word_1_36' title='bbox 1031 1023 1087 1064; x_wconf 90' lang='lat' dir='ltr'><strong>sua</strong></span> <span class='ocrx_word' id='word_1_37' title='bbox 1112 1001 1274 1076; x_wconf 89' lang='lat' dir='ltr'><strong>delabitur,</strong></span> <span class='ocrx_word' id='word_1_38' title='bbox 1310 1022 1404 1082; x_wconf 90' lang='lat' dir='ltr'><strong>eaque</strong></span> <span class='ocrx_word' id='word_1_39' title='bbox 1428 1004 1474 1064; x_wconf 89' lang='lat' dir='ltr'><strong>le-</strong></span> 
     </span>
     <span class='ocr_line' id='line_1_7' title="bbox 118 1089 1474 1172; baseline 0 -19"><span class='ocrx_word' id='word_1_40' title='bbox 118 1089 185 1153; x_wconf 78' lang='lat' dir='ltr'><strong>aori</strong></span> <span class='ocrx_word' id='word_1_41' title='bbox 209 1109 266 1170; x_wconf 90' lang='lat' dir='ltr'><strong>pru</strong></span> <span class='ocrx_word' id='word_1_42' title='bbox 293 1091 489 1154; x_wconf 73' lang='lat' dir='ltr'><strong>relationibus</strong></span> <span class='ocrx_word' id='word_1_43' title='bbox 513 1092 664 1156; x_wconf 85' lang='lat' dir='ltr'><strong>historicis</strong></span> <span class='ocrx_word' id='word_1_44' title='bbox 687 1094 830 1158; x_wconf 85' lang='lat' dir='ltr'><strong>obtrudit.</strong></span> <span class='ocrx_word' id='word_1_45' title='bbox 877 1094 924 1154; x_wconf 90' lang='lat' dir='ltr'><strong>De</strong></span> <span class='ocrx_word' id='word_1_46' title='bbox 948 1093 1119 1167; x_wconf 75' lang='lat' dir='ltr'><strong>Thalete,</strong></span> <span class='ocrx_word' id='word_1_47' title='bbox 1154 1092 1203 1172; x_wconf 94' lang='lat' dir='ltr'><strong>qui</strong></span> <span class='ocrx_word' id='word_1_48' title='bbox 1225 1091 1338 1171; x_wconf 85' lang='lat' dir='ltr'><strong>primus</strong></span> <span class='ocrx_word' id='word_1_49' title='bbox 1368 1098 1416 1153; x_wconf 88' lang='lat' dir='ltr'><strong>est</strong></span> <span class='ocrx_word' id='word_1_50' title='bbox 1444 1093 1474 1153; x_wconf 95' lang='lat' dir='ltr'><strong>in</strong></span> 
     </span>
     <span class='ocr_line' id='line_1_8' title="bbox 118 1180 1473 1264; baseline 0.001 -22"><span class='ocrx_word' id='word_1_51' title='bbox 118 1199 165 1242; x_wconf 81' lang='lat' dir='ltr'><strong>rao</strong></span> <span class='ocrx_word' id='word_1_52' title='bbox 194 1187 436 1243; x_wconf 80' lang='lat' dir='ltr'><strong>astronomorum</strong></span> <span class='ocrx_word' id='word_1_53' title='bbox 466 1181 544 1244; x_wconf 90' lang='lat' dir='ltr'><strong>serie</strong></span> <span class='ocrx_word' id='word_1_54' title='bbox 572 1183 601 1245; x_wconf 93' lang='lat' dir='ltr'><strong>in</strong></span> <span class='ocrx_word' id='word_1_55' title='bbox 626 1180 759 1247; x_wconf 85' lang='lat' dir='ltr'><strong>Graecia</strong></span> <span class='ocrx_word' id='word_1_56' title='bbox 782 1182 934 1264; x_wconf 88' lang='lat' dir='ltr'><strong>(quamvis</strong></span> <span class='ocrx_word' id='word_1_57' title='bbox 958 1182 1086 1244; x_wconf 90' lang='lat' dir='ltr'><strong>Linum</strong></span> <span class='ocrx_word' id='word_1_58' title='bbox 1116 1190 1148 1244; x_wconf 90' lang='lat' dir='ltr'><strong>et</strong></span> <span class='ocrx_word' id='word_1_59' title='bbox 1171 1182 1359 1242; x_wconf 86' lang='lat' dir='ltr'><strong>Musaeum</strong></span> <span class='ocrx_word' id='word_1_60' title='bbox 1390 1181 1473 1243; x_wconf 89' lang='lat' dir='ltr'><strong>auti-</strong></span> 
     </span>
     <span class='ocr_line' id='line_1_9' title="bbox 118 1267 1476 1352; baseline 0 -20"><span class='ocrx_word' id='word_1_61' title='bbox 118 1267 285 1351; x_wconf 82' lang='lat' dir='ltr'><strong>quissimos,</strong></span> <span class='ocrx_word' id='word_1_62' title='bbox 310 1270 389 1332; x_wconf 89' lang='lat' dir='ltr'><strong>huuc</strong></span> <span class='ocrx_word' id='word_1_63' title='bbox 411 1269 597 1334; x_wconf 87' lang='lat' dir='ltr'><strong>inventorem</strong></span> <span class='ocrx_word' id='word_1_64' title='bbox 617 1273 776 1352; x_wconf 87' lang='lat' dir='ltr'><strong>sphaerae,</strong></span> <span class='ocrx_word' id='word_1_65' title='bbox 800 1274 883 1335; x_wconf 92' lang='lat' dir='ltr'><strong>illurn</strong></span> <span class='ocrx_word' id='word_1_66' title='bbox 906 1280 1039 1334; x_wconf 88' lang='lat' dir='ltr'><strong>motuum</strong></span> <span class='ocrx_word' id='word_1_67' title='bbox 1055 1271 1137 1333; x_wconf 92' lang='lat' dir='ltr'><strong>Solis</strong></span> <span class='ocrx_word' id='word_1_68' title='bbox 1160 1279 1193 1333; x_wconf 91' lang='lat' dir='ltr'><strong>et</strong></span> <span class='ocrx_word' id='word_1_69' title='bbox 1214 1271 1318 1332; x_wconf 89' lang='lat' dir='ltr'><strong>Lunae</strong></span> <span class='ocrx_word' id='word_1_70' title='bbox 1343 1270 1476 1332; x_wconf 88' lang='lat' dir='ltr'><strong>celebret</strong></span> 
     </span>
     <span class='ocr_line' id='line_1_10' title="bbox 118 1359 1475 1443; baseline 0 -21"><span class='ocrx_word' id='word_1_71' title='bbox 118 1359 268 1437; x_wconf 77' lang='lat' dir='ltr'><strong>Diogenes</strong></span> <span class='ocrx_word' id='word_1_72' title='bbox 290 1359 465 1434; x_wconf 72' lang='lat' dir='ltr'><strong>Laertius),</strong></span> <span class='ocrx_word' id='word_1_73' title='bbox 493 1361 519 1423; x_wconf 90' lang='lat' dir='ltr'><strong>si</strong></span> <span class='ocrx_word' id='word_1_74' title='bbox 542 1380 616 1423; x_wconf 87' lang='lat' dir='ltr'><strong>vera</strong></span> <span class='ocrx_word' id='word_1_75' title='bbox 639 1371 723 1437; x_wconf 87' lang='lat' dir='ltr'><strong>sunt,</strong></span> <span class='ocrx_word' id='word_1_76' title='bbox 755 1382 830 1443; x_wconf 93' lang='lat' dir='ltr'><strong>quae</strong></span> <span class='ocrx_word' id='word_1_77' title='bbox 854 1362 890 1424; x_wconf 91' lang='lat' dir='ltr'><strong>de</strong></span> <span class='ocrx_word' id='word_1_78' title='bbox 913 1361 1120 1440; x_wconf 87' lang='lat' dir='ltr'><strong>praedictione</strong></span> <span class='ocrx_word' id='word_1_79' title='bbox 1144 1360 1292 1439; x_wconf 86' lang='lat' dir='ltr'><strong>eclipseos</strong></span> <span class='ocrx_word' id='word_1_80' title='bbox 1317 1359 1475 1442; x_wconf 88' lang='lat' dir='ltr'><strong>prodidere</strong></span> 
     </span>
     <span class='ocr_line' id='line_1_11' title="bbox 118 1447 1473 1532; baseline -0.001 -21"><span class='ocrx_word' id='word_1_81' title='bbox 118 1447 227 1512; x_wconf 75' lang='lat' dir='ltr'><strong>Plinius</strong></span> <span class='ocrx_word' id='word_1_82' title='bbox 251 1456 284 1509; x_wconf 92' lang='lat' dir='ltr'><strong>et</strong></span> <span class='ocrx_word' id='word_1_83' title='bbox 306 1448 496 1515; x_wconf 86' lang='lat' dir='ltr'><strong>Herodotus:</strong></span> <span class='ocrx_word' id='word_1_84' title='bbox 528 1459 611 1513; x_wconf 87' lang='lat' dir='ltr'><strong>certe</strong></span> <span class='ocrx_word' id='word_1_85' title='bbox 636 1451 774 1532; x_wconf 87' lang='lat' dir='ltr'><strong>equidem</strong></span> <span class='ocrx_word' id='word_1_86' title='bbox 798 1453 875 1514; x_wconf 91' lang='lat' dir='ltr'><strong>hauc</strong></span> <span class='ocrx_word' id='word_1_87' title='bbox 900 1449 1103 1513; x_wconf 80' lang='lat' dir='ltr'><strong>astronomiae</strong></span> <span class='ocrx_word' id='word_1_88' title='bbox 1133 1457 1252 1530; x_wconf 90' lang='lat' dir='ltr'><strong>partem</strong></span> <span class='ocrx_word' id='word_1_89' title='bbox 1276 1457 1384 1510; x_wconf 84' lang='lat' dir='ltr'><strong>exacte</strong></span> <span class='ocrx_word' id='word_1_90' title='bbox 1407 1451 1473 1510; x_wconf 91' lang='lat' dir='ltr'><strong>cal-</strong></span> 
     </span>
     <span class='ocr_line' id='line_1_12' title="bbox 118 1538 1475 1622; baseline -0.001 -21"><span class='ocrx_word' id='word_1_91' title='bbox 118 1538 204 1601; x_wconf 88' lang='lat' dir='ltr'><strong>uisse</strong></span> <span class='ocrx_word' id='word_1_92' title='bbox 228 1555 353 1598; x_wconf 89' lang='lat' dir='ltr'><strong>necesse</strong></span> <span class='ocrx_word' id='word_1_93' title='bbox 376 1546 435 1599; x_wconf 88' lang='lat' dir='ltr'><strong>est.</strong></span> <span class='ocrx_word' id='word_1_94' title='bbox 482 1538 524 1601; x_wconf 83' lang='lat' dir='ltr'><strong>Et</strong></span> <span class='ocrx_word' id='word_1_95' title='bbox 547 1540 689 1603; x_wconf 69' lang='lat' dir='ltr'><strong>Laertius</strong></span> <span class='ocrx_word' id='word_1_96' title='bbox 713 1541 847 1622; x_wconf 92' lang='lat' dir='ltr'><strong>quidem,</strong></span> <span class='ocrx_word' id='word_1_97' title='bbox 877 1540 1003 1620; x_wconf 91' lang='lat' dir='ltr'><strong>primum</strong></span> <span class='ocrx_word' id='word_1_98' title='bbox 1028 1539 1213 1618; x_wconf 78' lang='lat' dir='ltr'><strong>astrologiae</strong></span> <span class='ocrx_word' id='word_1_99' title='bbox 1237 1546 1357 1600; x_wconf 91' lang='lat' dir='ltr'><strong>secreta</strong></span> <span class='ocrx_word' id='word_1_100' title='bbox 1379 1538 1475 1600; x_wconf 90' lang='lat' dir='ltr'><strong>rima-</strong></span> 
     </span>
     <span class='ocr_line' id='line_1_13' title="bbox 118 1624 1475 1710; baseline -0.001 -19"><span class='ocrx_word' id='word_1_101' title='bbox 118 1647 182 1702; x_wconf 77' lang='lat' dir='ltr'><strong>um,</strong></span> <span class='ocrx_word' id='word_1_102' title='bbox 209 1625 293 1688; x_wconf 87' lang='lat' dir='ltr'><strong>Solis</strong></span> <span class='ocrx_word' id='word_1_103' title='bbox 316 1645 435 1690; x_wconf 91' lang='lat' dir='ltr'><strong>cursum</strong></span> <span class='ocrx_word' id='word_1_104' title='bbox 459 1648 479 1689; x_wconf 98' lang='lat' dir='ltr'><strong>a</strong></span> <span class='ocrx_word' id='word_1_105' title='bbox 501 1629 633 1692; x_wconf 90' lang='lat' dir='ltr'><strong>solstitio</strong></span> <span class='ocrx_word' id='word_1_106' title='bbox 657 1630 687 1691; x_wconf 94' lang='lat' dir='ltr'><strong>in</strong></span> <span class='ocrx_word' id='word_1_107' title='bbox 710 1630 874 1693; x_wconf 88' lang='lat' dir='ltr'><strong>solstitium</strong></span> <span class='ocrx_word' id='word_1_108' title='bbox 898 1629 1063 1710; x_wconf 88' lang='lat' dir='ltr'><strong>reperisse,</strong></span> <span class='ocrx_word' id='word_1_109' title='bbox 1088 1628 1157 1690; x_wconf 91' lang='lat' dir='ltr'><strong>anni</strong></span> <span class='ocrx_word' id='word_1_110' title='bbox 1183 1628 1385 1709; x_wconf 86' lang='lat' dir='ltr'><strong>quantitatem</strong></span> <span class='ocrx_word' id='word_1_111' title='bbox 1410 1624 1475 1691; x_wconf 85' lang='lat'><strong>365</strong></span> 
     </span>
     <span class='ocr_line' id='line_1_14' title="bbox 118 1715 1477 1800; baseline 0 -20"><span class='ocrx_word' id='word_1_112' title='bbox 118 1717 226 1780; x_wconf 86' lang='lat' dir='ltr'><strong>lierum</strong></span> <span class='ocrx_word' id='word_1_113' title='bbox 261 1715 469 1792; x_wconf 85' lang='lat' dir='ltr'><strong>constituisse,</strong></span> <span class='ocrx_word' id='word_1_114' title='bbox 503 1719 541 1780; x_wconf 91' lang='lat' dir='ltr'><strong>de</strong></span> <span class='ocrx_word' id='word_1_115' title='bbox 568 1719 711 1782; x_wconf 86' lang='lat' dir='ltr'><strong>solstitiis</strong></span> <span class='ocrx_word' id='word_1_116' title='bbox 743 1728 776 1782; x_wconf 92' lang='lat' dir='ltr'><strong>et</strong></span> <span class='ocrx_word' id='word_1_117' title='bbox 799 1719 997 1800; x_wconf 87' lang='lat' dir='ltr'><strong>aequinoctiis</strong></span> <span class='ocrx_word' id='word_1_118' title='bbox 1030 1717 1206 1797; x_wconf 87' lang='lat' dir='ltr'><strong>scripsisse,</strong></span> <span class='ocrx_word' id='word_1_119' title='bbox 1240 1717 1310 1778; x_wconf 90' lang='lat' dir='ltr'><strong>anni</strong></span> <span class='ocrx_word' id='word_1_120' title='bbox 1339 1724 1477 1799; x_wconf 90' lang='lat' dir='ltr'><strong>tempora</strong></span> 
     </span>
     <span class='ocr_line' id='line_1_15' title="bbox 118 1805 1477 1888; baseline -0.003 -17"><span class='ocrx_word' id='word_1_121' title='bbox 118 1825 249 1871; x_wconf 70' lang='lat' dir='ltr'><strong>mosum</strong></span> <span class='ocrx_word' id='word_1_122' title='bbox 278 1825 361 1878; x_wconf 88' lang='lat' dir='ltr'><strong>esse,</strong></span> <span class='ocrx_word' id='word_1_123' title='bbox 395 1805 478 1870; x_wconf 90' lang='lat' dir='ltr'><strong>Solis</strong></span> <span class='ocrx_word' id='word_1_124' title='bbox 504 1814 536 1870; x_wconf 91' lang='lat' dir='ltr'><strong>et</strong></span> <span class='ocrx_word' id='word_1_125' title='bbox 559 1809 664 1871; x_wconf 89' lang='lat' dir='ltr'><strong>Lunae</strong></span> <span class='ocrx_word' id='word_1_126' title='bbox 694 1809 916 1888; x_wconf 88' lang='lat' dir='ltr'><strong>magnitudines</strong></span> <span class='ocrx_word' id='word_1_127' title='bbox 949 1825 1141 1888; x_wconf 89' lang='lat' dir='ltr'><strong>comparasse</strong></span> <span class='ocrx_word' id='word_1_128' title='bbox 1175 1806 1315 1887; x_wconf 89' lang='lat' dir='ltr'><strong>Solisque</strong></span> <span class='ocrx_word' id='word_1_129' title='bbox 1340 1807 1477 1870; x_wconf 84' lang='lat' dir='ltr'><strong>deiectus</strong></span> 
     </span>
     <span class='ocr_line' id='line_1_16' title="bbox 118 1894 1476 1979; baseline -0.001 -21"><span class='ocrx_word' id='word_1_130' title='bbox 118 1894 304 1959; x_wconf 84' lang='lat' dir='ltr'><strong>rraedixisse</strong></span> <span class='ocrx_word' id='word_1_131' title='bbox 328 1897 449 1958; x_wconf 88' lang='lat' dir='ltr'><strong>asserit.</strong></span> <span class='ocrx_word' id='word_1_132' title='bbox 496 1898 603 1979; x_wconf 89' lang='lat' dir='ltr'><strong>Neque</strong></span> <span class='ocrx_word' id='word_1_133' title='bbox 627 1907 728 1961; x_wconf 90' lang='lat' dir='ltr'><strong>tamen</strong></span> <span class='ocrx_word' id='word_1_134' title='bbox 753 1899 925 1961; x_wconf 84' lang='lat' dir='ltr'><strong>methodum</strong></span> <span class='ocrx_word' id='word_1_135' title='bbox 949 1898 1079 1978; x_wconf 87' lang='lat' dir='ltr'><strong>eclipses</strong></span> <span class='ocrx_word' id='word_1_136' title='bbox 1093 1896 1286 1978; x_wconf 86' lang='lat' dir='ltr'><strong>praedicendi</strong></span> <span class='ocrx_word' id='word_1_137' title='bbox 1312 1917 1331 1956; x_wconf 92' lang='lat' dir='ltr'><strong>a</strong></span> <span class='ocrx_word' id='word_1_138' title='bbox 1353 1915 1386 1958; x_wconf 90' lang='lat' dir='ltr'><strong>se</strong></span> <span class='ocrx_word' id='word_1_139' title='bbox 1410 1896 1476 1976; x_wconf 94' lang='lat' dir='ltr'><strong>ipso</strong></span> 
     </span>
     <span class='ocr_line' id='line_1_17' title="bbox 118 1984 1475 2064; baseline -0.001 -16"><span class='ocrx_word' id='word_1_140' title='bbox 118 1994 216 2048; x_wconf 73' lang='lat' dir='ltr'><strong>uetere</strong></span> <span class='ocrx_word' id='word_1_141' title='bbox 240 1984 356 2064; x_wconf 92' lang='lat' dir='ltr'><strong>potuit,</strong></span> <span class='ocrx_word' id='word_1_142' title='bbox 391 2005 457 2048; x_wconf 85' lang='lat' dir='ltr'><strong>cum</strong></span> <span class='ocrx_word' id='word_1_143' title='bbox 475 1987 532 2048; x_wconf 94' lang='lat' dir='ltr'><strong>hoc</strong></span> <span class='ocrx_word' id='word_1_144' title='bbox 555 2007 615 2048; x_wconf 93' lang='lat' dir='ltr'><strong>nou</strong></span> <span class='ocrx_word' id='word_1_145' title='bbox 638 1989 679 2051; x_wconf 88' lang='lat' dir='ltr'><strong>sit</strong></span> <span class='ocrx_word' id='word_1_146' title='bbox 702 1990 788 2051; x_wconf 89' lang='lat' dir='ltr'><strong>unius</strong></span> <span class='ocrx_word' id='word_1_147' title='bbox 812 1989 939 2064; x_wconf 90' lang='lat' dir='ltr'><strong>aetatis,</strong></span> <span class='ocrx_word' id='word_1_148' title='bbox 975 1989 1137 2050; x_wconf 84' lang='lat' dir='ltr'><strong>observare</strong></span> <span class='ocrx_word' id='word_1_149' title='bbox 1160 1986 1345 2048; x_wconf 87' lang='lat' dir='ltr'><strong>sufficientes</strong></span> <span class='ocrx_word' id='word_1_150' title='bbox 1370 1986 1475 2047; x_wconf 90' lang='lat' dir='ltr'><strong>Lunae</strong></span> 
     </span>
     <span class='ocr_line' id='line_1_18' title="bbox 118 2073 872 2156; baseline 0 -17"><span class='ocrx_word' id='word_1_151' title='bbox 118 2073 285 2139; x_wconf 75' lang='lat' dir='ltr'><strong>anomaliae</strong></span> <span class='ocrx_word' id='word_1_152' title='bbox 308 2074 347 2135; x_wconf 90' lang='lat' dir='ltr'><strong>ad</strong></span> <span class='ocrx_word' id='word_1_153' title='bbox 371 2075 496 2156; x_wconf 86' lang='lat' dir='ltr'><strong>eclipsin</strong></span> <span class='ocrx_word' id='word_1_154' title='bbox 521 2075 604 2139; x_wconf 88' lang='lat' dir='ltr'><strong>Solis</strong></span> <span class='ocrx_word' id='word_1_155' title='bbox 628 2078 872 2156; x_wconf 87' lang='lat' dir='ltr'><strong>praedicendam.</strong></span> 
     </span>
    </p>

    <p class='ocr_par' dir='ltr' id='par_1_5' title="bbox 118 2162 1479 3675">
     <span class='ocr_line' id='line_1_19' title="bbox 204 2162 1477 2247; baseline -0.001 -21"><span class='ocrx_word' id='word_1_156' title='bbox 204 2162 357 2226; x_wconf 81' lang='lat' dir='ltr'><strong>Credibile</strong></span> <span class='ocrx_word' id='word_1_157' title='bbox 381 2163 483 2244; x_wconf 91' lang='lat' dir='ltr'><strong>igitur,</strong></span> <span class='ocrx_word' id='word_1_158' title='bbox 507 2185 574 2229; x_wconf 92' lang='lat' dir='ltr'><strong>cum</strong></span> <span class='ocrx_word' id='word_1_159' title='bbox 589 2169 680 2245; x_wconf 91' lang='lat' dir='ltr'><strong>paulo</strong></span> <span class='ocrx_word' id='word_1_160' title='bbox 704 2176 775 2230; x_wconf 90' lang='lat' dir='ltr'><strong>ante</strong></span> <span class='ocrx_word' id='word_1_161' title='bbox 800 2188 867 2230; x_wconf 92' lang='lat' dir='ltr'><strong>eam</strong></span> <span class='ocrx_word' id='word_1_162' title='bbox 882 2167 977 2247; x_wconf 89' lang='lat' dir='ltr'><strong>ipsam</strong></span> <span class='ocrx_word' id='word_1_163' title='bbox 993 2163 1119 2245; x_wconf 90' lang='lat' dir='ltr'><strong>eclipsin</strong></span> <span class='ocrx_word' id='word_1_164' title='bbox 1143 2163 1283 2242; x_wconf 87' lang='lat' dir='ltr'><strong>bellaque</strong></span> <span class='ocrx_word' id='word_1_165' title='bbox 1306 2182 1381 2243; x_wconf 91' lang='lat' dir='ltr'><strong>qnae</strong></span> <span class='ocrx_word' id='word_1_166' title='bbox 1406 2169 1477 2225; x_wconf 89' lang='lat' dir='ltr'><strong>tnnc</strong></span> 
     </span>
     <span class='ocr_line' id='line_1_20' title="bbox 118 2250 1477 2338; baseline -0.001 -22"><span class='ocrx_word' id='word_1_167' title='bbox 118 2262 201 2334; x_wconf 72' lang='lat' dir='ltr'><strong>resta</strong></span> <span class='ocrx_word' id='word_1_168' title='bbox 225 2263 440 2317; x_wconf 87' lang='lat' dir='ltr'><strong>commemorat</strong></span> <span class='ocrx_word' id='word_1_169' title='bbox 461 2255 649 2332; x_wconf 84' lang='lat' dir='ltr'><strong>Herodotus,</strong></span> <span class='ocrx_word' id='word_1_170' title='bbox 678 2275 739 2335; x_wconf 85' lang='lat' dir='ltr'><strong>pax</strong></span> <span class='ocrx_word' id='word_1_171' title='bbox 762 2257 864 2338; x_wconf 91' lang='lat' dir='ltr'><strong>utique</strong></span> <span class='ocrx_word' id='word_1_172' title='bbox 889 2253 980 2318; x_wconf 82' lang='lat' dir='ltr'><strong>ruerit</strong></span> <span class='ocrx_word' id='word_1_173' title='bbox 997 2254 1100 2336; x_wconf 84' lang='lat' dir='ltr'><strong>Lydos</strong></span> <span class='ocrx_word' id='word_1_174' title='bbox 1116 2253 1203 2331; x_wconf 25' lang='lat' dir='ltr'><strong>,iuter</strong></span> <span class='ocrx_word' id='word_1_175' title='bbox 1226 2259 1259 2313; x_wconf 90' lang='lat' dir='ltr'><strong>et</strong></span> <span class='ocrx_word' id='word_1_176' title='bbox 1280 2250 1477 2333; x_wconf 85' lang='lat' dir='ltr'><strong>Babylonios,</strong></span> 
     </span>
     <span class='ocr_line' id='line_1_21' title="bbox 118 2341 1478 2426; baseline -0.003 -20"><span class='ocrx_word' id='word_1_177' title='bbox 118 2343 225 2406; x_wconf 81' lang='lat' dir='ltr'><strong>lhales</strong></span> <span class='ocrx_word' id='word_1_178' title='bbox 256 2361 327 2404; x_wconf 90' lang='lat' dir='ltr'><strong>vero</strong></span> <span class='ocrx_word' id='word_1_179' title='bbox 351 2343 446 2426; x_wconf 90' lang='lat' dir='ltr'><strong>Lydis</strong></span> <span class='ocrx_word' id='word_1_180' title='bbox 474 2344 589 2407; x_wconf 89' lang='lat' dir='ltr'><strong>vicinus</strong></span> <span class='ocrx_word' id='word_1_181' title='bbox 619 2346 647 2406; x_wconf 92' lang='lat' dir='ltr'><strong>in</strong></span> <span class='ocrx_word' id='word_1_182' title='bbox 671 2347 779 2409; x_wconf 89' lang='lat' dir='ltr'><strong>Mileto</strong></span> <span class='ocrx_word' id='word_1_183' title='bbox 806 2346 975 2419; x_wconf 90' lang='lat' dir='ltr'><strong>babitaret,</strong></span> <span class='ocrx_word' id='word_1_184' title='bbox 1008 2350 1105 2405; x_wconf 88' lang='lat' dir='ltr'><strong>artem</strong></span> <span class='ocrx_word' id='word_1_185' title='bbox 1133 2343 1262 2422; x_wconf 87' lang='lat' dir='ltr'><strong>eclipses</strong></span> <span class='ocrx_word' id='word_1_186' title='bbox 1286 2341 1478 2420; x_wconf 88' lang='lat' dir='ltr'><strong>computandi</strong></span> 
     </span>
     <span class='ocr_line' id='line_1_22' title="bbox 118 2430 1476 2516; baseline -0.003 -21"><span class='ocrx_word' id='word_1_187' title='bbox 118 2432 262 2495; x_wconf 88' lang='lat' dir='ltr'><strong>didicisse</strong></span> <span class='ocrx_word' id='word_1_188' title='bbox 286 2452 306 2493; x_wconf 99' lang='lat' dir='ltr'><strong>a</strong></span> <span class='ocrx_word' id='word_1_189' title='bbox 332 2433 520 2516; x_wconf 86' lang='lat' dir='ltr'><strong>Babyloniis.</strong></span> <span class='ocrx_word' id='word_1_190' title='bbox 568 2435 609 2497; x_wconf 88' lang='lat' dir='ltr'><strong>Et</strong></span> <span class='ocrx_word' id='word_1_191' title='bbox 633 2436 775 2498; x_wconf 73' lang='lat' dir='ltr'><strong>Laertius</strong></span> <span class='ocrx_word' id='word_1_192' title='bbox 800 2436 919 2514; x_wconf 90' lang='lat' dir='ltr'><strong>quidem</strong></span> <span class='ocrx_word' id='word_1_193' title='bbox 947 2440 1131 2506; x_wconf 86' lang='lat' dir='ltr'><strong>auctorest,</strong></span> <span class='ocrx_word' id='word_1_194' title='bbox 1156 2434 1330 2513; x_wconf 84' lang='lat' dir='ltr'><strong>Aegyptum</strong></span> <span class='ocrx_word' id='word_1_195' title='bbox 1354 2430 1476 2493; x_wconf 84' lang='lat' dir='ltr'><strong>adiisse.</strong></span> 
     </span>
     <span class='ocr_line' id='line_1_23' title="bbox 118 2520 1475 2604; baseline -0.004 -18"><span class='ocrx_word' id='word_1_196' title='bbox 118 2523 157 2586; x_wconf 78' lang='lat' dir='ltr'><strong>dc</strong></span> <span class='ocrx_word' id='word_1_197' title='bbox 179 2522 249 2602; x_wconf 87' lang='lat' dir='ltr'><strong>ipse</strong></span> <span class='ocrx_word' id='word_1_198' title='bbox 273 2521 385 2584; x_wconf 86' lang='lat' dir='ltr'><strong>Thales</strong></span> <span class='ocrx_word' id='word_1_199' title='bbox 412 2523 491 2602; x_wconf 93' lang='lat' dir='ltr'><strong>apud</strong></span> <span class='ocrx_word' id='word_1_200' title='bbox 515 2532 667 2587; x_wconf 90' lang='lat' dir='ltr'><strong>auctorem</strong></span> <span class='ocrx_word' id='word_1_201' title='bbox 691 2526 775 2588; x_wconf 90' lang='lat' dir='ltr'><strong>illum</strong></span> <span class='ocrx_word' id='word_1_202' title='bbox 798 2525 842 2586; x_wconf 90' lang='lat' dir='ltr'><strong>sic</strong></span> <span class='ocrx_word' id='word_1_203' title='bbox 870 2525 909 2586; x_wconf 90' lang='lat' dir='ltr'><strong>ad</strong></span> <span class='ocrx_word' id='word_1_204' title='bbox 924 2522 1129 2604; x_wconf 86' lang='lat' dir='ltr'><strong>Pherecydem</strong></span> <span class='ocrx_word' id='word_1_205' title='bbox 1144 2522 1181 2583; x_wconf 89' lang='lat' dir='ltr'><strong>de</strong></span> <span class='ocrx_word' id='word_1_206' title='bbox 1196 2540 1250 2582; x_wconf 90' lang='lat' dir='ltr'><strong>se:</strong></span> <span class='ocrx_word' id='word_1_207' title='bbox 1275 2520 1475 2601; x_wconf 87' lang='lat' dir='ltr'><strong>„Aegyptum</strong></span> 
     </span>
     <span class='ocr_line' id='line_1_24' title="bbox 118 2607 1475 2693; baseline -0.001 -21"><span class='ocrx_word' id='word_1_208' title='bbox 118 2611 345 2693; x_wconf 82' lang='lat' dir='ltr'><strong>penetravimus,</strong></span> <span class='ocrx_word' id='word_1_209' title='bbox 370 2618 405 2673; x_wconf 91' lang='lat' dir='ltr'><strong>ut</strong></span> <span class='ocrx_word' id='word_1_210' title='bbox 427 2612 518 2674; x_wconf 88' lang='lat' dir='ltr'><strong>isthic</strong></span> <span class='ocrx_word' id='word_1_211' title='bbox 532 2614 740 2676; x_wconf 88' lang='lat' dir='ltr'><strong>sacerdotibus</strong></span> <span class='ocrx_word' id='word_1_212' title='bbox 756 2623 787 2676; x_wconf 88' lang='lat' dir='ltr'><strong>et</strong></span> <span class='ocrx_word' id='word_1_213' title='bbox 802 2614 983 2676; x_wconf 89' lang='lat' dir='ltr'><strong>astronomis</strong></span> <span class='ocrx_word' id='word_1_214' title='bbox 998 2611 1281 2692; x_wconf 88' lang='lat' dir='ltr'><strong>congrederemur.“</strong></span> <span class='ocrx_word' id='word_1_215' title='bbox 1328 2607 1388 2680; x_wconf 81' lang='lat' dir='ltr'><strong>Qui</strong></span> <span class='ocrx_word' id='word_1_216' title='bbox 1407 2610 1475 2671; x_wconf 86' lang='lat' dir='ltr'><strong>fue-</strong></span> 
     </span>
     <span class='ocr_line' id='line_1_25' title="bbox 118 2698 1476 2786; baseline -0.004 -20"><span class='ocrx_word' id='word_1_217' title='bbox 118 2703 169 2766; x_wconf 84' lang='lat' dir='ltr'><strong>rint</strong></span> <span class='ocrx_word' id='word_1_218' title='bbox 194 2708 296 2762; x_wconf 84' lang='lat' dir='ltr'><strong>autem</strong></span> <span class='ocrx_word' id='word_1_219' title='bbox 315 2699 360 2761; x_wconf 90' lang='lat' dir='ltr'><strong>illi</strong></span> <span class='ocrx_word' id='word_1_220' title='bbox 379 2702 553 2776; x_wconf 88' lang='lat' dir='ltr'><strong>astronomi,</strong></span> <span class='ocrx_word' id='word_1_221' title='bbox 573 2703 715 2766; x_wconf 69' lang='lat' dir='ltr'><strong>Laertius</strong></span> <span class='ocrx_word' id='word_1_222' title='bbox 734 2704 763 2765; x_wconf 93' lang='lat' dir='ltr'><strong>in</strong></span> <span class='ocrx_word' id='word_1_223' title='bbox 778 2704 954 2786; x_wconf 89' lang='lat' dir='ltr'><strong>Pythagora</strong></span> <span class='ocrx_word' id='word_1_224' title='bbox 967 2701 1072 2774; x_wconf 89' lang='lat' dir='ltr'><strong>innuit,</strong></span> <span class='ocrx_word' id='word_1_225' title='bbox 1098 2720 1184 2780; x_wconf 90' lang='lat' dir='ltr'><strong>quern</strong></span> <span class='ocrx_word' id='word_1_226' title='bbox 1204 2699 1331 2761; x_wconf 85' lang='lat' dir='ltr'><strong>eundem</strong></span> <span class='ocrx_word' id='word_1_227' title='bbox 1348 2698 1476 2780; x_wconf 88' lang='lat' dir='ltr'><strong>Aegyp-</strong></span> 
     </span>
     <span class='ocr_line' id='line_1_26' title="bbox 118 2788 1479 2871; baseline -0.004 -16"><span class='ocrx_word' id='word_1_228' title='bbox 118 2799 175 2855; x_wconf 83' lang='lat' dir='ltr'><strong>tum</strong></span> <span class='ocrx_word' id='word_1_229' title='bbox 201 2791 372 2869; x_wconf 84' lang='lat' dir='ltr'><strong>profectum</strong></span> <span class='ocrx_word' id='word_1_230' title='bbox 396 2799 501 2854; x_wconf 86' lang='lat' dir='ltr'><strong>narrat</strong></span> <span class='ocrx_word' id='word_1_231' title='bbox 524 2793 603 2871; x_wconf 93' lang='lat' dir='ltr'><strong>apud</strong></span> <span class='ocrx_word' id='word_1_232' title='bbox 628 2790 801 2856; x_wconf 81' lang='lat' dir='ltr'><strong>Chaldaeos</strong></span> <span class='ocrx_word' id='word_1_233' title='bbox 825 2798 1046 2855; x_wconf 88' lang='lat' dir='ltr'><strong>conversatum.</strong></span> <span class='ocrx_word' id='word_1_234' title='bbox 1091 2789 1170 2851; x_wconf 87' lang='lat' dir='ltr'><strong>Erat</strong></span> <span class='ocrx_word' id='word_1_235' title='bbox 1193 2806 1298 2864; x_wconf 90' lang='lat' dir='ltr'><strong>nempe</strong></span> <span class='ocrx_word' id='word_1_236' title='bbox 1317 2788 1479 2869; x_wconf 88' lang='lat' dir='ltr'><strong>Aegyptus</strong></span> 
     </span>
     <span class='ocr_line' id='line_1_27' title="bbox 118 2877 1476 2961; baseline -0.004 -17"><span class='ocrx_word' id='word_1_237' title='bbox 118 2880 165 2944; x_wconf 80' lang='lat' dir='ltr'><strong>rub</strong></span> <span class='ocrx_word' id='word_1_238' title='bbox 190 2878 428 2960; x_wconf 85' lang='lat' dir='ltr'><strong>Babyloniorum</strong></span> <span class='ocrx_word' id='word_1_239' title='bbox 446 2880 532 2960; x_wconf 88' lang='lat' dir='ltr'><strong>jugo.</strong></span> <span class='ocrx_word' id='word_1_240' title='bbox 578 2882 613 2943; x_wconf 94' lang='lat' dir='ltr'><strong>In</strong></span> <span class='ocrx_word' id='word_1_241' title='bbox 637 2883 694 2943; x_wconf 87' lang='lat' dir='ltr'><strong>fine</strong></span> <span class='ocrx_word' id='word_1_242' title='bbox 717 2901 789 2944; x_wconf 90' lang='lat' dir='ltr'><strong>vero</strong></span> <span class='ocrx_word' id='word_1_243' title='bbox 814 2883 961 2961; x_wconf 87' lang='lat' dir='ltr'><strong>epistolae</strong></span> <span class='ocrx_word' id='word_1_244' title='bbox 977 2881 1045 2959; x_wconf 76' lang='lat' dir='ltr'><strong>‘jam</strong></span> <span class='ocrx_word' id='word_1_245' title='bbox 1070 2877 1223 2958; x_wconf 87' lang='lat' dir='ltr'><strong>allegatae</strong></span> <span class='ocrx_word' id='word_1_246' title='bbox 1239 2877 1353 2938; x_wconf 88' lang='lat' dir='ltr'><strong>Thales</strong></span> <span class='ocrx_word' id='word_1_247' title='bbox 1377 2877 1476 2938; x_wconf 89' lang='lat' dir='ltr'><strong>addit:</strong></span> 
     </span>
     <span class='ocr_line' id='line_1_28' title="bbox 118 2964 1478 3051; baseline -0.004 -19"><span class='ocrx_word' id='word_1_248' title='bbox 118 2977 165 3046; x_wconf 85' lang='lat' dir='ltr'><strong>,at</strong></span> <span class='ocrx_word' id='word_1_249' title='bbox 180 2986 238 3030; x_wconf 89' lang='lat' dir='ltr'><strong>nos</strong></span> <span class='ocrx_word' id='word_1_250' title='bbox 255 2968 302 3048; x_wconf 90' lang='lat' dir='ltr'><strong>qui</strong></span> <span class='ocrx_word' id='word_1_251' title='bbox 318 2967 360 3029; x_wconf 93' lang='lat' dir='ltr'><strong>nil</strong></span> <span class='ocrx_word' id='word_1_252' title='bbox 375 2969 542 3044; x_wconf 88' lang='lat' dir='ltr'><strong>scribimus,</strong></span> <span class='ocrx_word' id='word_1_253' title='bbox 569 2969 731 3033; x_wconf 89' lang='lat' dir='ltr'><strong>Graeciam</strong></span> <span class='ocrx_word' id='word_1_254' title='bbox 750 2973 917 3051; x_wconf 86' lang='lat' dir='ltr'><strong>Asiamque</strong></span> <span class='ocrx_word' id='word_1_255' title='bbox 931 2969 1162 3050; x_wconf 89' lang='lat' dir='ltr'><strong>peragramus.“</strong></span> <span class='ocrx_word' id='word_1_256' title='bbox 1184 2968 1234 3028; x_wconf 88' lang='lat' dir='ltr'><strong>lta</strong></span> <span class='ocrx_word' id='word_1_257' title='bbox 1248 2966 1311 3028; x_wconf 89' lang='lat' dir='ltr'><strong>sive</strong></span> <span class='ocrx_word' id='word_1_258' title='bbox 1332 2965 1360 3027; x_wconf 93' lang='lat' dir='ltr'><strong>in</strong></span> <span class='ocrx_word' id='word_1_259' title='bbox 1381 2964 1478 3028; x_wconf 81' lang='lat' dir='ltr'><strong>Chal-</strong></span> 
     </span>
     <span class='ocr_line' id='line_1_29' title="bbox 118 3055 1477 3142; baseline -0.004 -20"><span class='ocrx_word' id='word_1_260' title='bbox 118 3059 221 3122; x_wconf 83' lang='lat' dir='ltr'><strong>lueam</strong></span> <span class='ocrx_word' id='word_1_261' title='bbox 246 3075 300 3134; x_wconf 91' lang='lat' dir='ltr'><strong>per</strong></span> <span class='ocrx_word' id='word_1_262' title='bbox 322 3057 540 3133; x_wconf 87' lang='lat' dir='ltr'><strong>continentem,</strong></span> <span class='ocrx_word' id='word_1_263' title='bbox 565 3059 629 3121; x_wconf 85' lang='lat' dir='ltr'><strong>sive</strong></span> <span class='ocrx_word' id='word_1_264' title='bbox 654 3060 730 3122; x_wconf 92' lang='lat' dir='ltr'><strong>mari</strong></span> <span class='ocrx_word' id='word_1_265' title='bbox 752 3061 784 3123; x_wconf 92' lang='lat' dir='ltr'><strong>in</strong></span> <span class='ocrx_word' id='word_1_266' title='bbox 808 3063 982 3142; x_wconf 88' lang='lat' dir='ltr'><strong>Aegyptum</strong></span> <span class='ocrx_word' id='word_1_267' title='bbox 1004 3057 1107 3132; x_wconf 91' lang='lat' dir='ltr'><strong>iverit,</strong></span> <span class='ocrx_word' id='word_1_268' title='bbox 1133 3055 1355 3119; x_wconf 86' lang='lat' dir='ltr'><strong>Chaldaeorum</strong></span> <span class='ocrx_word' id='word_1_269' title='bbox 1378 3055 1477 3117; x_wconf 89' lang='lat' dir='ltr'><strong>utrin-</strong></span> 
     </span>
     <span class='ocr_line' id='line_1_30' title="bbox 118 3144 1479 3230; baseline -0.002 -21"><span class='ocrx_word' id='word_1_270' title='bbox 118 3165 166 3230; x_wconf 80' lang='lat' dir='ltr'><strong>que</strong></span> <span class='ocrx_word' id='word_1_271' title='bbox 193 3145 442 3225; x_wconf 88' lang='lat' dir='ltr'><strong>copiamhabuit</strong></span> <span class='ocrx_word' id='word_1_272' title='bbox 465 3157 496 3209; x_wconf 91' lang='lat' dir='ltr'><strong>et</strong></span> <span class='ocrx_word' id='word_1_273' title='bbox 521 3150 737 3211; x_wconf 88' lang='lat' dir='ltr'><strong>astronomiam</strong></span> <span class='ocrx_word' id='word_1_274' title='bbox 760 3151 829 3211; x_wconf 89' lang='lat' dir='ltr'><strong>inde</strong></span> <span class='ocrx_word' id='word_1_275' title='bbox 853 3150 883 3211; x_wconf 92' lang='lat' dir='ltr'><strong>in</strong></span> <span class='ocrx_word' id='word_1_276' title='bbox 900 3148 1061 3211; x_wconf 87' lang='lat' dir='ltr'><strong>Graeciam</strong></span> <span class='ocrx_word' id='word_1_277' title='bbox 1077 3148 1182 3208; x_wconf 84' lang='lat' dir='ltr'><strong>efferre</strong></span> <span class='ocrx_word' id='word_1_278' title='bbox 1203 3146 1313 3226; x_wconf 90' lang='lat' dir='ltr'><strong>potuit.</strong></span> <span class='ocrx_word' id='word_1_279' title='bbox 1359 3144 1479 3206; x_wconf 88' lang='lat' dir='ltr'><strong>Etenim</strong></span> 
     </span>
     <span class='ocr_line' id='line_1_31' title="bbox 118 3235 1479 3321; baseline -0.004 -20"><span class='ocrx_word' id='word_1_280' title='bbox 118 3237 232 3301; x_wconf 77' lang='lat' dir='ltr'><strong>musuli</strong></span> <span class='ocrx_word' id='word_1_281' title='bbox 257 3235 363 3297; x_wconf 90' lang='lat' dir='ltr'><strong>solitos</strong></span> <span class='ocrx_word' id='word_1_282' title='bbox 388 3257 407 3297; x_wconf 92' lang='lat' dir='ltr'><strong>a</strong></span> <span class='ocrx_word' id='word_1_283' title='bbox 430 3235 559 3299; x_wconf 89' lang='lat' dir='ltr'><strong>Graecis</strong></span> <span class='ocrx_word' id='word_1_284' title='bbox 582 3239 767 3321; x_wconf 89' lang='lat' dir='ltr'><strong>Babylonios</strong></span> <span class='ocrx_word' id='word_1_285' title='bbox 792 3241 827 3302; x_wconf 92' lang='lat' dir='ltr'><strong>de</strong></span> <span class='ocrx_word' id='word_1_286' title='bbox 852 3247 933 3301; x_wconf 90' lang='lat' dir='ltr'><strong>motu</strong></span> <span class='ocrx_word' id='word_1_287' title='bbox 957 3238 1077 3311; x_wconf 89' lang='lat' dir='ltr'><strong>Lunae,</strong></span> <span class='ocrx_word' id='word_1_288' title='bbox 1102 3237 1174 3299; x_wconf 91' lang='lat' dir='ltr'><strong>illud</strong></span> <span class='ocrx_word' id='word_1_289' title='bbox 1197 3235 1375 3316; x_wconf 88' lang='lat' dir='ltr'><strong>persuadet,</strong></span> <span class='ocrx_word' id='word_1_290' title='bbox 1400 3235 1479 3314; x_wconf 93' lang='lat' dir='ltr'><strong>quod</strong></span> 
     </span>
     <span class='ocr_line' id='line_1_32' title="bbox 118 3322 1478 3404; baseline -0.005 -13"><span class='ocrx_word' id='word_1_291' title='bbox 118 3345 217 3391; x_wconf 82' lang='lat' dir='ltr'><strong>nunes</strong></span> <span class='ocrx_word' id='word_1_292' title='bbox 241 3343 318 3404; x_wconf 87' lang='lat' dir='ltr'><strong>pene</strong></span> <span class='ocrx_word' id='word_1_293' title='bbox 342 3322 481 3387; x_wconf 88' lang='lat' dir='ltr'><strong>Graecae</strong></span> <span class='ocrx_word' id='word_1_294' title='bbox 505 3327 644 3389; x_wconf 90' lang='lat' dir='ltr'><strong>nationes</strong></span> <span class='ocrx_word' id='word_1_295' title='bbox 668 3347 746 3389; x_wconf 94' lang='lat' dir='ltr'><strong>anno</strong></span> <span class='ocrx_word' id='word_1_296' title='bbox 766 3329 880 3391; x_wconf 84' lang='lat' dir='ltr'><strong>Lunan‘</strong></span> <span class='ocrx_word' id='word_1_297' title='bbox 904 3334 1069 3389; x_wconf 87' lang='lat' dir='ltr'><strong>uterentur.</strong></span> <span class='ocrx_word' id='word_1_298' title='bbox 1117 3326 1184 3386; x_wconf 86' lang='lat' dir='ltr'><strong>Huc</strong></span> <span class='ocrx_word' id='word_1_299' title='bbox 1198 3327 1277 3388; x_wconf 87' lang='lat' dir='ltr'><strong>refer</strong></span> <span class='ocrx_word' id='word_1_300' title='bbox 1292 3324 1386 3385; x_wconf 92' lang='lat' dir='ltr'><strong>verba</strong></span> <span class='ocrx_word' id='word_1_301' title='bbox 1403 3323 1478 3385; x_wconf 88' lang='lat' dir='ltr'><strong>Ari-</strong></span> 
     </span>
     <span class='ocr_line' id='line_1_33' title="bbox 118 3413 1479 3498; baseline -0.005 -18"><span class='ocrx_word' id='word_1_302' title='bbox 118 3415 236 3480; x_wconf 76' lang='lat' dir='ltr'><strong>totelis</strong></span> <span class='ocrx_word' id='word_1_303' title='bbox 261 3414 329 3485; x_wconf 90' lang='lat' dir='ltr'><strong>(lib.</strong></span> <span class='ocrx_word' id='word_1_304' title='bbox 355 3415 396 3476; x_wconf 89' lang='lat'><strong>11.</strong></span> <span class='ocrx_word' id='word_1_305' title='bbox 423 3415 460 3476; x_wconf 90' lang='lat' dir='ltr'><strong>de</strong></span> <span class='ocrx_word' id='word_1_306' title='bbox 484 3414 578 3478; x_wconf 83' lang='lat' dir='ltr'><strong>Coelo</strong></span> <span class='ocrx_word' id='word_1_307' title='bbox 601 3436 667 3498; x_wconf 90' lang='lat' dir='ltr'><strong>cap.</strong></span> <span class='ocrx_word' id='word_1_308' title='bbox 698 3414 779 3491; x_wconf 77' lang='grc'><strong>12.);</strong></span> <span class='ocrx_word' id='word_1_309' title='bbox 810 3417 900 3479; x_wconf 88' lang='lat' dir='ltr'><strong>simili</strong></span> <span class='ocrx_word' id='word_1_310' title='bbox 923 3417 1041 3479; x_wconf 89' lang='lat' dir='ltr'><strong>ratione</strong></span> <span class='ocrx_word' id='word_1_311' title='bbox 1066 3415 1103 3479; x_wconf 89' lang='lat' dir='ltr'><strong>de</strong></span> <span class='ocrx_word' id='word_1_312' title='bbox 1127 3414 1237 3477; x_wconf 89' lang='lat' dir='ltr'><strong>ceteris</strong></span> <span class='ocrx_word' id='word_1_313' title='bbox 1266 3413 1357 3475; x_wconf 90' lang='lat' dir='ltr'><strong>etiam</strong></span> <span class='ocrx_word' id='word_1_314' title='bbox 1381 3413 1479 3475; x_wconf 76' lang='lat' dir='ltr'><strong>stellis</strong></span> 
     </span>
     <span class='ocr_line' id='line_1_34' title="bbox 118 3501 1478 3587; baseline -0.004 -19"><span class='ocrx_word' id='word_1_315' title='bbox 118 3511 284 3587; x_wconf 90' lang='lat' dir='ltr'><strong>oqnuutur‚</strong></span> <span class='ocrx_word' id='word_1_316' title='bbox 310 3504 359 3582; x_wconf 90' lang='lat' dir='ltr'><strong>qui</strong></span> <span class='ocrx_word' id='word_1_317' title='bbox 383 3523 486 3566; x_wconf 88' lang='lat' dir='ltr'><strong>earum</strong></span> <span class='ocrx_word' id='word_1_318' title='bbox 509 3505 658 3568; x_wconf 87' lang='lat' dir='ltr'><strong>rationem</strong></span> <span class='ocrx_word' id='word_1_319' title='bbox 678 3508 827 3587; x_wconf 90' lang='lat' dir='ltr'><strong>quondam</strong></span> <span class='ocrx_word' id='word_1_320' title='bbox 842 3505 977 3587; x_wconf 88' lang='lat' dir='ltr'><strong>plurimis</strong></span> <span class='ocrx_word' id='word_1_321' title='bbox 992 3504 1079 3566; x_wconf 90' lang='lat' dir='ltr'><strong>annis</strong></span> <span class='ocrx_word' id='word_1_322' title='bbox 1094 3504 1304 3577; x_wconf 86' lang='lat' dir='ltr'><strong>observarunt,</strong></span> <span class='ocrx_word' id='word_1_323' title='bbox 1331 3501 1478 3583; x_wconf 88' lang='lat' dir='ltr'><strong>Aegyptii</strong></span> 
     </span>
     <span class='ocr_line' id='line_1_35' title="bbox 118 3590 1425 3675; baseline -0.003 -19"><span class='ocrx_word' id='word_1_324' title='bbox 118 3604 143 3658; x_wconf 67' lang='lat' dir='ltr'><strong>t</strong></span> <span class='ocrx_word' id='word_1_325' title='bbox 166 3591 345 3674; x_wconf 87' lang='lat' dir='ltr'><strong>Babylonii,</strong></span> <span class='ocrx_word' id='word_1_326' title='bbox 369 3595 518 3674; x_wconf 89' lang='lat' dir='ltr'><strong>aquibus</strong></span> <span class='ocrx_word' id='word_1_327' title='bbox 542 3596 638 3657; x_wconf 88' lang='lat' dir='ltr'><strong>multa</strong></span> <span class='ocrx_word' id='word_1_328' title='bbox 661 3597 720 3658; x_wconf 89' lang='lat' dir='ltr'><strong>tide</strong></span> <span class='ocrx_word' id='word_1_329' title='bbox 744 3597 835 3675; x_wconf 92' lang='lat' dir='ltr'><strong>digna</strong></span> <span class='ocrx_word' id='word_1_330' title='bbox 859 3597 896 3657; x_wconf 95' lang='lat' dir='ltr'><strong>de</strong></span> <span class='ocrx_word' id='word_1_331' title='bbox 920 3594 1046 3675; x_wconf 87' lang='lat' dir='ltr'><strong>singulis</strong></span> <span class='ocrx_word' id='word_1_332' title='bbox 1070 3592 1218 3655; x_wconf 89' lang='lat' dir='ltr'><strong>sideribus</strong></span> <span class='ocrx_word' id='word_1_333' title='bbox 1243 3590 1425 3669; x_wconf 92' lang='lat' dir='ltr'><strong>accepimus.</strong></span> 
     </span>
    </p>

    <p class='ocr_par' dir='ltr' id='par_1_6' title="bbox 118 3679 1499 4836">
     <span class='ocr_line' id='line_1_36' title="bbox 203 3679 1479 3764; baseline -0.002 -23"><span class='ocrx_word' id='word_1_334' title='bbox 203 3680 292 3752; x_wconf 84' lang='lat' dir='ltr'><strong>Quas</strong></span> <span class='ocrx_word' id='word_1_335' title='bbox 324 3701 408 3744; x_wconf 90' lang='lat' dir='ltr'><strong>meas</strong></span> <span class='ocrx_word' id='word_1_336' title='bbox 432 3684 622 3764; x_wconf 88' lang='lat' dir='ltr'><strong>conjecturas</strong></span> <span class='ocrx_word' id='word_1_337' title='bbox 653 3686 701 3746; x_wconf 94' lang='lat' dir='ltr'><strong>hic</strong></span> <span class='ocrx_word' id='word_1_338' title='bbox 724 3705 791 3747; x_wconf 90' lang='lat' dir='ltr'><strong>cum</strong></span> <span class='ocrx_word' id='word_1_339' title='bbox 814 3684 884 3747; x_wconf 90' lang='lat' dir='ltr'><strong>Ursi</strong></span> <span class='ocrx_word' id='word_1_340' title='bbox 908 3681 1089 3763; x_wconf 89' lang='lat' dir='ltr'><strong>conjecturis</strong></span> <span class='ocrx_word' id='word_1_341' title='bbox 1113 3681 1248 3743; x_wconf 87' lang='lat' dir='ltr'><strong>conferre</strong></span> <span class='ocrx_word' id='word_1_342' title='bbox 1273 3679 1374 3753; x_wconf 90' lang='lat' dir='ltr'><strong>libuit,</strong></span> <span class='ocrx_word' id='word_1_343' title='bbox 1409 3679 1479 3758; x_wconf 91' lang='lat' dir='ltr'><strong>quia</strong></span> 
     </span>
     <span class='ocr_line' id='line_1_37' title="bbox 118 3767 1478 3855; baseline -0.007 -19"><span class='ocrx_word' id='word_1_344' title='bbox 118 3794 134 3836; x_wconf 85' lang='lat' dir='ltr'><strong>s</strong></span> <span class='ocrx_word' id='word_1_345' title='bbox 159 3791 224 3835; x_wconf 91' lang='lat' dir='ltr'><strong>non</strong></span> <span class='ocrx_word' id='word_1_346' title='bbox 249 3790 329 3845; x_wconf 90' lang='lat' dir='ltr'><strong>sum,</strong></span> <span class='ocrx_word' id='word_1_347' title='bbox 359 3772 408 3851; x_wconf 92' lang='lat' dir='ltr'><strong>qui</strong></span> <span class='ocrx_word' id='word_1_348' title='bbox 432 3772 508 3834; x_wconf 89' lang='lat' dir='ltr'><strong>bene</strong></span> <span class='ocrx_word' id='word_1_349' title='bbox 531 3774 614 3836; x_wconf 89' lang='lat' dir='ltr'><strong>dicta</strong></span> <span class='ocrx_word' id='word_1_350' title='bbox 637 3793 760 3855; x_wconf 87' lang='lat' dir='ltr'><strong>carpere</strong></span> <span class='ocrx_word' id='word_1_351' title='bbox 783 3775 883 3835; x_wconf 86' lang='lat' dir='ltr'><strong>velim.</strong></span> <span class='ocrx_word' id='word_1_352' title='bbox 931 3772 992 3834; x_wconf 87' lang='lat' dir='ltr'><strong>Sed</strong></span> <span class='ocrx_word' id='word_1_353' title='bbox 1017 3771 1081 3850; x_wconf 88' lang='lat' dir='ltr'><strong>jam</strong></span> <span class='ocrx_word' id='word_1_354' title='bbox 1105 3769 1210 3831; x_wconf 88' lang='lat' dir='ltr'><strong>statim</strong></span> <span class='ocrx_word' id='word_1_355' title='bbox 1240 3776 1349 3850; x_wconf 90' lang='lat' dir='ltr'><strong>peccat</strong></span> <span class='ocrx_word' id='word_1_356' title='bbox 1371 3767 1478 3840; x_wconf 88' lang='lat' dir='ltr'><strong>Ursus,</strong></span> 
     </span>
     <span class='ocr_line' id='line_1_38' title="bbox 118 3858 1479 3947; baseline -0.007 -21"><span class='ocrx_word' id='word_1_357' title='bbox 118 3861 312 3947; x_wconf 77' lang='lat' dir='ltr'><strong>typothetae,</strong></span> <span class='ocrx_word' id='word_1_358' title='bbox 338 3879 412 3940; x_wconf 90' lang='lat' dir='ltr'><strong>quas</strong></span> <span class='ocrx_word' id='word_1_359' title='bbox 435 3862 626 3943; x_wconf 90' lang='lat' dir='ltr'><strong>physicorum</strong></span> <span class='ocrx_word' id='word_1_360' title='bbox 650 3883 718 3924; x_wconf 91' lang='lat' dir='ltr'><strong>esse</strong></span> <span class='ocrx_word' id='word_1_361' title='bbox 742 3864 796 3937; x_wconf 89' lang='lat' dir='ltr'><strong>ait,</strong></span> <span class='ocrx_word' id='word_1_362' title='bbox 819 3863 908 3944; x_wconf 88' lang='lat' dir='ltr'><strong>paulo</strong></span> <span class='ocrx_word' id='word_1_363' title='bbox 923 3868 994 3941; x_wconf 91' lang='lat' dir='ltr'><strong>post</strong></span> <span class='ocrx_word' id='word_1_364' title='bbox 1016 3867 1154 3940; x_wconf 91' lang='lat' dir='ltr'><strong>tempora</strong></span> <span class='ocrx_word' id='word_1_365' title='bbox 1167 3859 1346 3920; x_wconf 84' lang='lat' dir='ltr'><strong>Aristotelis</strong></span> <span class='ocrx_word' id='word_1_366' title='bbox 1363 3858 1479 3918; x_wconf 90' lang='lat' dir='ltr'><strong>demum</strong></span> 
     </span>
     <span class='ocr_line' id='line_1_39' title="bbox 118 3947 1479 4030; baseline -0.006 -15"><span class='ocrx_word' id='word_1_367' title='bbox 118 3949 306 4016; x_wconf 75' lang='lat' dir='ltr'><strong>eonstitntar</strong></span> <span class='ocrx_word' id='word_1_368' title='bbox 331 3950 523 4026; x_wconf 86' lang='lat' dir='ltr'><strong>existimaus,</strong></span> <span class='ocrx_word' id='word_1_369' title='bbox 548 3971 603 4013; x_wconf 91' lang='lat' dir='ltr'><strong>nec</strong></span> <span class='ocrx_word' id='word_1_370' title='bbox 627 3953 689 4014; x_wconf 88' lang='lat' dir='ltr'><strong>ulla</strong></span> <span class='ocrx_word' id='word_1_371' title='bbox 712 3953 829 4015; x_wconf 89' lang='lat' dir='ltr'><strong>ratione</strong></span> <span class='ocrx_word' id='word_1_372' title='bbox 854 3952 923 4014; x_wconf 90' lang='lat' dir='ltr'><strong>sciri</strong></span> <span class='ocrx_word' id='word_1_373' title='bbox 947 3969 1047 4029; x_wconf 89' lang='lat' dir='ltr'><strong>posse,</strong></span> <span class='ocrx_word' id='word_1_374' title='bbox 1073 3949 1246 4030; x_wconf 90' lang='lat' dir='ltr'><strong>qualesnam</strong></span> <span class='ocrx_word' id='word_1_375' title='bbox 1266 3947 1378 4011; x_wconf 86' lang='lat' dir='ltr'><strong>fuerint</strong></span> <span class='ocrx_word' id='word_1_376' title='bbox 1400 3953 1479 4008; x_wconf 91' lang='lat' dir='ltr'><strong>tem·</strong></span> 
     </span>
     <span class='ocr_line' id='line_1_40' title="bbox 118 4035 1479 4124; baseline -0.004 -22"><span class='ocrx_word' id='word_1_377' title='bbox 118 4040 241 4122; x_wconf 80' lang='lat' dir='ltr'><strong>poribus</strong></span> <span class='ocrx_word' id='word_1_378' title='bbox 265 4038 404 4101; x_wconf 87' lang='lat' dir='ltr'><strong>Thaletis</strong></span> <span class='ocrx_word' id='word_1_379' title='bbox 438 4048 469 4102; x_wconf 90' lang='lat' dir='ltr'><strong>et</strong></span> <span class='ocrx_word' id='word_1_380' title='bbox 493 4041 690 4124; x_wconf 65' lang='lat' dir='ltr'><strong>¹Pythagorae</strong></span> <span class='ocrx_word' id='word_1_381' title='bbox 723 4051 961 4104; x_wconf 90' lang='lat' dir='ltr'><strong>astronomorum</strong></span> <span class='ocrx_word' id='word_1_382' title='bbox 992 4039 1185 4121; x_wconf 84' lang='lat' dir='ltr'><strong>hypotheses.</strong></span> <span class='ocrx_word' id='word_1_383' title='bbox 1234 4035 1302 4109; x_wconf 86' lang='lat' dir='ltr'><strong>Quo</strong></span> <span class='ocrx_word' id='word_1_384' title='bbox 1326 4037 1392 4098; x_wconf 92' lang='lat' dir='ltr'><strong>loco</strong></span> <span class='ocrx_word' id='word_1_385' title='bbox 1421 4054 1479 4096; x_wconf 91' lang='lat' dir='ltr'><strong>non</strong></span> 
     </span>
     <span class='ocr_line' id='line_1_41' title="bbox 118 4124 1480 4211; baseline -0.006 -17"><span class='ocrx_word' id='word_1_386' title='bbox 118 4130 239 4194; x_wconf 83' lang='lat' dir='ltr'><strong>ridetur</strong></span> <span class='ocrx_word' id='word_1_387' title='bbox 266 4127 394 4190; x_wconf 91' lang='lat' dir='ltr'><strong>Plinium</strong></span> <span class='ocrx_word' id='word_1_388' title='bbox 423 4129 534 4208; x_wconf 88' lang='lat' dir='ltr'><strong>legisse</strong></span> <span class='ocrx_word' id='word_1_389' title='bbox 564 4130 614 4193; x_wconf 92' lang='lat' dir='ltr'><strong>lib.</strong></span> <span class='ocrx_word' id='word_1_390' title='bbox 640 4132 680 4192; x_wconf 88' lang='lat'><strong>11.</strong></span> <span class='ocrx_word' id='word_1_391' title='bbox 712 4150 779 4211; x_wconf 88' lang='lat' dir='ltr'><strong>cap.</strong></span> <span class='ocrx_word' id='word_1_392' title='bbox 804 4129 857 4194; x_wconf 78' lang='lat'><strong>22.</strong></span> <span class='ocrx_word' id='word_1_393' title='bbox 903 4129 1024 4192; x_wconf 86' lang='lat' dir='ltr'><strong>Etenim</strong></span> <span class='ocrx_word' id='word_1_394' title='bbox 1052 4129 1122 4190; x_wconf 86' lang='lat' dir='ltr'><strong>illae</strong></span> <span class='ocrx_word' id='word_1_395' title='bbox 1151 4127 1312 4189; x_wconf 87' lang='lat' dir='ltr'><strong>hodiernae</strong></span> <span class='ocrx_word' id='word_1_396' title='bbox 1335 4124 1480 4206; x_wconf 90' lang='lat' dir='ltr'><strong>physicu-</strong></span> 
     </span>
     <span class='ocr_line' id='line_1_42' title="bbox 118 4215 1480 4300; baseline -0.006 -17"><span class='ocrx_word' id='word_1_397' title='bbox 118 4238 193 4293; x_wconf 86' lang='lat' dir='ltr'><strong>rum,</strong></span> <span class='ocrx_word' id='word_1_398' title='bbox 218 4224 253 4279; x_wconf 91' lang='lat' dir='ltr'><strong>ut</strong></span> <span class='ocrx_word' id='word_1_399' title='bbox 275 4224 366 4278; x_wconf 86' lang='lat' dir='ltr'><strong>vocat</strong></span> <span class='ocrx_word' id='word_1_400' title='bbox 385 4218 491 4293; x_wconf 90' lang='lat' dir='ltr'><strong>Ursus,</strong></span> <span class='ocrx_word' id='word_1_401' title='bbox 517 4220 712 4300; x_wconf 87' lang='lat' dir='ltr'><strong>hypotheses,</strong></span> <span class='ocrx_word' id='word_1_402' title='bbox 739 4221 869 4282; x_wconf 89' lang='lat' dir='ltr'><strong>senilia</strong></span> <span class='ocrx_word' id='word_1_403' title='bbox 893 4220 1091 4299; x_wconf 90' lang='lat' dir='ltr'><strong>sphaerarum</strong></span> <span class='ocrx_word' id='word_1_404' title='bbox 1115 4217 1275 4286; x_wconf 87' lang='lat' dir='ltr'><strong>ordinatio,</strong></span> <span class='ocrx_word' id='word_1_405' title='bbox 1301 4234 1389 4296; x_wconf 91' lang='lat' dir='ltr'><strong>quam</strong></span> <span class='ocrx_word' id='word_1_406' title='bbox 1404 4215 1480 4275; x_wconf 90' lang='lat' dir='ltr'><strong>Pto·</strong></span> 
     </span>
     <span class='ocr_line' id='line_1_43' title="bbox 118 4303 1480 4389; baseline -0.007 -17"><span class='ocrx_word' id='word_1_407' title='bbox 118 4310 254 4372; x_wconf 89' lang='lat' dir='ltr'><strong>lemaeus</strong></span> <span class='ocrx_word' id='word_1_408' title='bbox 282 4314 331 4368; x_wconf 86' lang='lat' dir='ltr'><strong>est</strong></span> <span class='ocrx_word' id='word_1_409' title='bbox 353 4307 524 4387; x_wconf 88' lang='lat' dir='ltr'><strong>amplexus,</strong></span> <span class='ocrx_word' id='word_1_410' title='bbox 550 4309 741 4389; x_wconf 88' lang='lat' dir='ltr'><strong>Pythagorae</strong></span> <span class='ocrx_word' id='word_1_411' title='bbox 769 4310 886 4372; x_wconf 91' lang='lat' dir='ltr'><strong>usitata</strong></span> <span class='ocrx_word' id='word_1_412' title='bbox 916 4309 982 4370; x_wconf 83' lang='lat' dir='ltr'><strong>tuit.</strong></span> <span class='ocrx_word' id='word_1_413' title='bbox 1030 4307 1111 4370; x_wconf 88' lang='lat' dir='ltr'><strong>Audi</strong></span> <span class='ocrx_word' id='word_1_414' title='bbox 1139 4307 1235 4369; x_wconf 89' lang='lat' dir='ltr'><strong>lector</strong></span> <span class='ocrx_word' id='word_1_415' title='bbox 1258 4306 1350 4367; x_wconf 89' lang='lat' dir='ltr'><strong>verba</strong></span> <span class='ocrx_word' id='word_1_416' title='bbox 1375 4303 1480 4365; x_wconf 90' lang='lat' dir='ltr'><strong>Plinii:</strong></span> 
     </span>
     <span class='ocr_line' id='line_1_44' title="bbox 118 4396 1481 4478; baseline -0.006 -17"><span class='ocrx_word' id='word_1_417' title='bbox 118 4396 182 4461; x_wconf 86' lang='lat' dir='ltr'><strong>Sed</strong></span> <span class='ocrx_word' id='word_1_418' title='bbox 205 4396 408 4476; x_wconf 89' lang='lat' dir='ltr'><strong>Pythagoras,</strong></span> <span class='ocrx_word' id='word_1_419' title='bbox 432 4396 537 4478; x_wconf 90' lang='lat' dir='ltr'><strong>inquit,</strong></span> <span class='ocrx_word' id='word_1_420' title='bbox 563 4396 712 4461; x_wconf 88' lang='lat' dir='ltr'><strong>interdum</strong></span> <span class='ocrx_word' id='word_1_421' title='bbox 735 4418 773 4460; x_wconf 88' lang='lat' dir='ltr'><strong>ex</strong></span> <span class='ocrx_word' id='word_1_422' title='bbox 797 4399 912 4461; x_wconf 90' lang='lat' dir='ltr'><strong>musica</strong></span> <span class='ocrx_word' id='word_1_423' title='bbox 934 4397 1051 4459; x_wconf 91' lang='lat' dir='ltr'><strong>ratione</strong></span> <span class='ocrx_word' id='word_1_424' title='bbox 1075 4396 1210 4476; x_wconf 90' lang='lat' dir='ltr'><strong>appellat</strong></span> <span class='ocrx_word' id='word_1_425' title='bbox 1232 4403 1349 4469; x_wconf 88' lang='lat' dir='ltr'><strong>tonum,</strong></span> <span class='ocrx_word' id='word_1_426' title='bbox 1383 4410 1481 4471; x_wconf 91' lang='lat' dir='ltr'><strong>quau-</strong></span> 
     </span>
     <span class='ocr_line' id='line_1_45' title="bbox 118 4483 1482 4565; baseline -0.006 -16"><span class='ocrx_word' id='word_1_427' title='bbox 118 4495 184 4549; x_wconf 88' lang='lat' dir='ltr'><strong>tum</strong></span> <span class='ocrx_word' id='word_1_428' title='bbox 207 4484 290 4546; x_wconf 86' lang='lat' dir='ltr'><strong>absit</strong></span> <span class='ocrx_word' id='word_1_429' title='bbox 313 4506 332 4546; x_wconf 92' lang='lat' dir='ltr'><strong>a</strong></span> <span class='ocrx_word' id='word_1_430' title='bbox 354 4485 449 4548; x_wconf 82' lang='lat' dir='ltr'><strong>Terra</strong></span> <span class='ocrx_word' id='word_1_431' title='bbox 472 4486 568 4548; x_wconf 89' lang='lat' dir='ltr'><strong>Luna.</strong></span> <span class='ocrx_word' id='word_1_432' title='bbox 615 4487 665 4549; x_wconf 89' lang='lat' dir='ltr'><strong>Ab</strong></span> <span class='ocrx_word' id='word_1_433' title='bbox 690 4507 726 4549; x_wconf 88' lang='lat' dir='ltr'><strong>ea</strong></span> <span class='ocrx_word' id='word_1_434' title='bbox 754 4488 792 4549; x_wconf 94' lang='lat' dir='ltr'><strong>ad</strong></span> <span class='ocrx_word' id='word_1_435' title='bbox 815 4487 1012 4561; x_wconf 88' lang='lat' dir='ltr'><strong>Mercurium,</strong></span> <span class='ocrx_word' id='word_1_436' title='bbox 1046 4485 1137 4565; x_wconf 90' lang='lat' dir='ltr'><strong>spatii</strong></span> <span class='ocrx_word' id='word_1_437' title='bbox 1161 4485 1227 4564; x_wconf 88' lang='lat' dir='ltr'><strong>ejus</strong></span> <span class='ocrx_word' id='word_1_438' title='bbox 1251 4483 1418 4553; x_wconf 89' lang='lat' dir='ltr'><strong>dimidium,</strong></span> <span class='ocrx_word' id='word_1_439' title='bbox 1450 4486 1482 4540; x_wconf 89' lang='lat' dir='ltr'><strong>et</strong></span> 
     </span>
     <span class='ocr_line' id='line_1_46' title="bbox 118 4569 1481 4657; baseline -0.006 -19"><span class='ocrx_word' id='word_1_440' title='bbox 118 4576 158 4638; x_wconf 90' lang='lat' dir='ltr'><strong>ab</strong></span> <span class='ocrx_word' id='word_1_441' title='bbox 183 4593 219 4636; x_wconf 91' lang='lat' dir='ltr'><strong>eo</strong></span> <span class='ocrx_word' id='word_1_442' title='bbox 244 4574 283 4635; x_wconf 91' lang='lat' dir='ltr'><strong>ad</strong></span> <span class='ocrx_word' id='word_1_443' title='bbox 308 4575 459 4637; x_wconf 89' lang='lat' dir='ltr'><strong>Venerem</strong></span> <span class='ocrx_word' id='word_1_444' title='bbox 483 4576 545 4637; x_wconf 84' lang='lat' dir='ltr'><strong>iere</strong></span> <span class='ocrx_word' id='word_1_445' title='bbox 569 4578 765 4650; x_wconf 89' lang='lat' dir='ltr'><strong>tantundem,</strong></span> <span class='ocrx_word' id='word_1_446' title='bbox 789 4598 807 4638; x_wconf 92' lang='lat' dir='ltr'><strong>a</strong></span> <span class='ocrx_word' id='word_1_447' title='bbox 831 4595 889 4657; x_wconf 92' lang='lat' dir='ltr'><strong>qua</strong></span> <span class='ocrx_word' id='word_1_448' title='bbox 913 4577 950 4637; x_wconf 98' lang='lat' dir='ltr'><strong>ad</strong></span> <span class='ocrx_word' id='word_1_449' title='bbox 967 4574 1071 4639; x_wconf 89' lang='lat' dir='ltr'><strong>Solem</strong></span> <span class='ocrx_word' id='word_1_450' title='bbox 1095 4574 1288 4654; x_wconf 89' lang='lat' dir='ltr'><strong>sesquiplum,</strong></span> <span class='ocrx_word' id='word_1_451' title='bbox 1313 4569 1422 4633; x_wconf 89' lang='lat' dir='ltr'><strong>aSole</strong></span> <span class='ocrx_word' id='word_1_452' title='bbox 1443 4569 1481 4631; x_wconf 94' lang='lat' dir='ltr'><strong>ad</strong></span> 
     </span>
     <span class='ocr_line' id='line_1_47' title="bbox 118 4658 1481 4739; baseline -0.007 -11"><span class='ocrx_word' id='word_1_453' title='bbox 118 4665 253 4728; x_wconf 78' lang='lat' dir='ltr'><strong>Martem</strong></span> <span class='ocrx_word' id='word_1_454' title='bbox 272 4671 384 4739; x_wconf 90' lang='lat' dir='ltr'><strong>tonum,</strong></span> <span class='ocrx_word' id='word_1_455' title='bbox 409 4665 449 4727; x_wconf 90' lang='lat' dir='ltr'><strong>ab</strong></span> <span class='ocrx_word' id='word_1_456' title='bbox 472 4684 508 4726; x_wconf 88' lang='lat' dir='ltr'><strong>eo</strong></span> <span class='ocrx_word' id='word_1_457' title='bbox 531 4666 571 4727; x_wconf 92' lang='lat' dir='ltr'><strong>ad</strong></span> <span class='ocrx_word' id='word_1_458' title='bbox 585 4665 693 4728; x_wconf 83' lang='lat' dir='ltr'><strong>Juvem</strong></span> <span class='ocrx_word' id='word_1_459' title='bbox 716 4666 869 4728; x_wconf 92' lang='lat' dir='ltr'><strong>dimidium</strong></span> <span class='ocrx_word' id='word_1_460' title='bbox 892 4675 924 4729; x_wconf 92' lang='lat' dir='ltr'><strong>et</strong></span> <span class='ocrx_word' id='word_1_461' title='bbox 948 4666 986 4727; x_wconf 92' lang='lat' dir='ltr'><strong>ab</strong></span> <span class='ocrx_word' id='word_1_462' title='bbox 1010 4684 1046 4725; x_wconf 93' lang='lat' dir='ltr'><strong>eo</strong></span> <span class='ocrx_word' id='word_1_463' title='bbox 1071 4665 1111 4725; x_wconf 97' lang='lat' dir='ltr'><strong>ad</strong></span> <span class='ocrx_word' id='word_1_464' title='bbox 1130 4662 1293 4726; x_wconf 88' lang='lat' dir='ltr'><strong>Saturnum</strong></span> <span class='ocrx_word' id='word_1_465' title='bbox 1317 4658 1481 4732; x_wconf 90' lang='lat' dir='ltr'><strong>dimidium,</strong></span> 
     </span>
     <span class='ocr_line' id='line_1_48' title="bbox 121 4751 1499 4836; baseline 0.001 -18"><span class='ocrx_word' id='word_1_466' title='bbox 121 4752 245 4818; x_wconf 84' lang='lat' dir='ltr'><strong>atinde</strong></span> <span class='ocrx_word' id='word_1_467' title='bbox 269 4751 454 4832; x_wconf 88' lang='lat' dir='ltr'><strong>sesquiplum</strong></span> <span class='ocrx_word' id='word_1_468' title='bbox 477 4754 516 4815; x_wconf 95' lang='lat' dir='ltr'><strong>ad</strong></span> <span class='ocrx_word' id='word_1_469' title='bbox 540 4754 724 4836; x_wconf 87' lang='lat' dir='ltr'><strong>signifemm.</strong></span> <span class='ocrx_word' id='word_1_470' title='bbox 1496 4779 1499 4782; x_wconf 50' lang='lat'><strong>⁴</strong></span> 
     </span>
    </p>

    <p class='ocr_par' dir='ltr' id='par_1_7' title="bbox 210 4836 1481 4932">
     <span class='ocr_line' id='line_1_49' title="bbox 210 4836 1481 4932; baseline -0.005 -29"><span class='ocrx_word' id='word_1_471' title='bbox 210 4841 310 4909; x_wconf 80' lang='lat' dir='ltr'><strong>Audis</strong></span> <span class='ocrx_word' id='word_1_472' title='bbox 332 4840 467 4908; x_wconf 85' lang='lat' dir='ltr'><strong>ordinem</strong></span> <span class='ocrx_word' id='word_1_473' title='bbox 490 4843 684 4932; x_wconf 86' lang='lat' dir='ltr'><strong>sphaerarum</strong></span> <span class='ocrx_word' id='word_1_474' title='bbox 706 4846 862 4913; x_wconf 73' lang='lat' dir='ltr'><strong>lectores</strong></span> <span class='ocrx_word' id='word_1_475' title='bbox 885 4842 994 4911; x_wconf 85' lang='lat' dir='ltr'><strong>Plinio.</strong></span> <span class='ocrx_word' id='word_1_476' title='bbox 1037 4841 1102 4904; x_wconf 88' lang='lat' dir='ltr'><strong>Ant</strong></span> <span class='ocrx_word' id='word_1_477' title='bbox 1128 4840 1222 4923; x_wconf 89' lang='lat' dir='ltr'><strong>igitur</strong></span> <span class='ocrx_word' id='word_1_478' title='bbox 1243 4837 1360 4901; x_wconf 92' lang='lat' dir='ltr'><strong>Plinius</strong></span> <span class='ocrx_word' id='word_1_479' title='bbox 1383 4836 1481 4898; x_wconf 88' lang='lat' dir='ltr'><strong>malae</strong></span> 
     </span>
    </p>
   </div>
   <div class='ocr_carea' id='block_1_5' title="bbox 0 0 1646 5542">
    <p class='ocr_par' dir='ltr' id='par_1_8' title="bbox 0 0 1646 5542">
     <span class='ocr_line' id='line_1_50' title="bbox 0 0 1646 5542; baseline 0 0"><span class='ocrx_word' id='word_1_480' title='bbox 0 0 1646 5542; x_wconf 95' lang='lat' dir='ltr'><strong> </strong></span> 
     </span>
    </p>
   </div>
  </div>
 </body>
</html>
