3278 5542
559 1237 801 1358 ιΙΟΑΝΝΙὸ
839 1237 1079 1355 rubrum

365 1463 605 1563 uoroeu
634 1468 864 1564 'ireneus
891 1467 1075 1562 conum
1107 1467 1268 1560 uusun.

746 1759 892 1768 ———

483 1959 552 2031 Al)
580 1956 837 2032 taurorum
864 1954 1158 2030 rumano.

227 2133 333 2195 Edidit
367 2143 436 2196 ante
472 2135 632 2197 triennium
664 2134 843 2209 Nicolaus
868 2135 1000 2209 Ursus,
1036 2131 1206 2196 Caesareae
1230 2130 1409 2213 Majestatis
1433 2131 1496 2192 dum

137 2222 254 2284 viveret
285 2223 537 2297 mathematicus,
569 2224 703 2287 libellum
732 2224 768 2284 de
792 2223 1020 2305 Hypothesibus
1048 2220 1267 2291 astronomicis,
1301 2222 1412 2302 inquo
1436 2240 1496 2282 cum

137 2312 295 2373 historiam
317 2313 469 2374 texuisset
491 2312 703 2394 hypothesium
726 2313 907 2394 tandemque
931 2313 971 2373 ad
990 2311 1164 2374 Helisaeum
1184 2310 1373 2386 Roeslinum‚
1398 2309 1497 2371 Medi-

138 2401 224 2462 cinae
248 2401 424 2474 Ductorem,
460 2404 589 2465 amicum
616 2421 713 2464 meum
742 2402 927 2481 singularem
956 2401 1143 2468 devenisset,
1177 2408 1209 2461 et
1237 2400 1276 2462 ad
1308 2400 1501 2461 refutandam

138 2491 202 2570 ejus
227 2487 405 2568 opinionem,
430 2492 563 2553 adducta
586 2492 713 2572 quadam
737 2491 872 2553 Euclidis
896 2491 1115 2570 propositione,
1147 2489 1295 2551 rationem
1318 2489 1500 2551 tradidisset

138 2598 176 2641 ex
200 2579 372 2640 dedomenis
401 2581 580 2643 necessariis
608 2580 793 2661 geometrica
820 2580 960 2642 methodo
989 2578 1226 2658 planetariorum
1249 2577 1365 2640 orbium
1390 2577 1503 2658 ampli-

137 2668 258 2730 tudines
289 2666 465 2732 dimetiendi
499 2671 577 2744 (rem
615 2671 719 2732 tritam
753 2671 831 2750 apud
861 2672 1081 2742 astronomos),
1116 2667 1286 2748 subjunxit,
1320 2686 1359 2729 ex
1392 2667 1503 2729 iisdem

138 2757 341 2819 llrudameutis
364 2759 457 2821 etiam
481 2759 645 2821 examinari
668 2778 760 2839 posse
784 2778 852 2820 mea
875 2758 998 2840 placita,
1024 2777 1100 2839 quae
1120 2776 1197 2819 auno
1216 2757 1314 2836 priore
1340 2757 1395 2819 sub
1412 2756 1506 2819 titulo

135 2846 275 2928 Mysterii
299 2845 546 2929 cosmographiui
575 2849 686 2929 publici
706 2849 783 2927 juris
807 2850 953 2919 feceram;
992 2867 1086 2927 eaque
1119 2846 1277 2908 occasione
1307 2855 1399 2926 capta
1435 2846 1506 2926 epi-

137 2935 245 2999 stolam
270 2939 429 3017 quandam,
455 2959 515 3019 qua
538 2938 657 3000 biennio
682 2947 753 3000 aute
779 2956 869 3016 super
892 2938 1064 2999 inventione
1079 2955 1146 2999 mea
1166 2937 1261 3015 ipsum
1277 2936 1507 3010 consulueram,

137 3024 237 3086 libello
262 3045 315 3087 suu
338 3025 473 3089 inseruit.
520 3028 688 3089 Pessimam
715 3028 834 3108 quidem
857 3027 913 3088 huc
937 3025 1053 3088 nomine
1077 3025 1208 3105 gratiam
1232 3024 1311 3104 apud
1335 3044 1384 3086 me
1402 3025 1510 3088 Ursus

136 3113 213 3175 iniit.
260 3113 457 3194 Scripseram,
484 3123 589 3196 utpote
611 3116 718 3193 viginti
744 3117 834 3178 trium
862 3134 1006 3177 annorum
1030 3115 1160 3194 juvenis,
1184 3115 1303 3175 minime
1327 3133 1403 3175 sane
1428 3134 1509 3194 gra-

136 3201 224 3264 viter.
270 3203 351 3265 Nam
374 3212 406 3264 et
428 3205 458 3266 in
480 3206 559 3269 Urso
585 3205 733 3266 laudando
758 3206 841 3267 etin
865 3224 911 3266 me
935 3203 979 3265 illi
1003 3203 1190 3284 subjiciendo
1215 3203 1335 3265 modum
1358 3204 1506 3283 utrinque

136 3291 262 3353 multum
285 3292 414 3355 excessi.
461 3293 677 3358 securissimus
706 3295 785 3355 enim
809 3295 846 3355 de
870 3295 926 3356 hoo
950 3300 1060 3354 eventu
1088 3294 1118 3355 id
1142 3292 1253 3354 saltem
1277 3292 1434 3373 spectari,
1468 3299 1512 3353 ut.

136 3399 313 3461 responsum
336 3381 537 3462 impetrarem.
582 3384 626 3446 Et
647 3383 684 3445 iis
707 3383 860 3445 ferebatur
884 3402 952 3444 esse
975 3383 1108 3445 muribus
1133 3383 1245 3456 Ursus,
1274 3382 1381 3444 uthis
1405 3382 1509 3444 armis

136 3489 211 3550 opus
231 3478 314 3533 esset
337 3472 374 3532 ad
399 3475 629 3553 expugnandum
652 3473 718 3552 ejus
742 3472 902 3534 silentium.
949 3472 994 3533 At
1022 3473 1048 3533 si
1072 3472 1178 3552 quibus
1203 3471 1239 3532 de
1262 3471 1408 3534 instituto
1433 3490 1507 3533 meo

136 3577 195 3620 uon
229 3567 364 3637 constat,
398 3561 418 3623 ii
451 3564 522 3625 mihi
550 3563 658 3625 merito
687 3561 920 3637 succensebunt,
956 3561 1034 3641 quod
1062 3560 1227 3622 immodicis
1258 3561 1328 3622 Ursi
1358 3560 1508 3623 laudibus

137 3647 275 3729 iujuriam
289 3651 393 3713 multis
407 3652 436 3714 iu
451 3651 575 3734 Europa
589 3651 773 3714 doctissimis
788 3650 1011 3713 mathematicis
1031 3651 1168 3725 secerim;
1191 3649 1381 3728 mirabuntur
1395 3651 1503 3724 etiam,

137 3737 186 3819 qni
214 3758 261 3800 me
294 3741 415 3820 propius
444 3751 565 3816 norunt,
600 3760 645 3802 me
676 3759 729 3821 pro
754 3741 916 3801 Maesulino
941 3741 1049 3803 Ursum
1078 3747 1307 3819 praeceptorem
1330 3739 1503 3813 celebrare,

137 3827 239 3907 illique
272 3830 489 3891 transscribere
514 3832 569 3893 hoc
594 3831 768 3910 quantulum
803 3836 851 3891 est
873 3829 1054 3909 cognitionis
1084 3829 1112 3890 in
1138 3828 1375 3903 mathematicis,
1411 3847 1504 3909 quem

136 3923 236 3977 tamen
260 3916 327 3981 nisi.
341 3918 370 3979 in
385 3920 613 3993 „Fundameuto
628 3939 681 3981 suu
697 3919 921 3980 astronomico“
944 3919 1115 3997 loquentem
1138 3937 1287 3999 uunquam
1312 3918 1503 3988 audiveram,

137 4024 286 4087 uunquam
310 4006 453 4070 videram.
502 4006 563 4070 Sed
587 4010 662 4087 haec
686 4009 782 4070 adhuc
806 4009 885 4069 levia
908 4007 1003 4069 videri
1026 4016 1167 4086 possunt;
1199 4009 1340 4086 graviora
1364 4026 1503 4086 sequun-

137 4101 195 4155 tur.
242 4095 321 4157 Nam
345 4095 403 4157 etsi
427 4097 523 4160 Ursus
546 4097 688 4159 honorem
712 4117 808 4160 meum
833 4097 932 4176 egisse
955 4096 1051 4158 videri
1076 4097 1140 4159 uult
1163 4096 1317 4177 publicata
1341 4117 1412 4159 mea
1432 4099 1504 4180 epi-

136 4183 226 4258 stola,
251 4184 318 4245 dum
343 4205 409 4246 eam
437 4187 502 4247 luce
528 4186 648 4265 dignam
672 4187 842 4267 praedicat:
867 4194 968 4246 tamen
984 4186 1053 4267 quid
1079 4186 1270 4266 quaesiverit,
1298 4206 1358 4248 non
1384 4187 1502 4249 ubscu-

136 4291 199 4334 rum
224 4273 355 4353 reliquit.
382 4306 423 4315 —
452 4275 583 4337 Primum
607 4276 637 4337 iu
661 4275 750 4338 titulo
772 4275 868 4338 libelli
891 4275 994 4337 Nobili
1023 4283 1054 4337 et
1077 4277 1190 4337 illustri
1210 4275 1339 4337 Domino
1362 4275 1506 4358 Tychoni

135 4361 236 4425 Brahe
255 4362 353 4438 Dauo,
378 4364 506 4426 Domino
525 4365 555 4426 iu
570 4364 766 4444 Kuudsturpp
791 4373 823 4426 et
837 4365 1010 4444 Urauiburg
1026 4365 1099 4438 duc,
1125 4365 1335 4444 hypothesium
1352 4385 1508 4428 novarum

137 4450 339 4514 inventionem
368 4453 515 4532 praeripit
540 4473 663 4534 eamque
693 4454 750 4516 sibi
779 4461 911 4534 arrogat.
924 4449 951 4527 ⁰)
996 4454 1122 4517 Putavit
1149 4455 1249 4533 itaque
1282 4455 1339 4515 hac
1369 4456 1515 4536 epistola.

136 4559 219 4616 mea,
248 4541 277 4602 in
303 4561 362 4621 qua
385 4542 459 4633 haec
483 4550 554 4604 sunt
582 4545 690 4605 verba:
718 4543 930 4626 „Hypotheses
958 4552 1027 4605 tuas
1058 4544 1157 4618 amo“,
1182 4545 1423 4607 demonstratum
1454 4545 1511 4617 iri,

137 4648 205 4692 esse
233 4637 264 4691 et
287 4631 438 4704 homines,
471 4633 520 4713 qui
543 4633 613 4696 Ursi
638 4633 802 4695 bonitatem
823 4652 932 4693 causae
962 4641 1141 4711 agnuscant,
1175 4652 1268 4714 eaque
1300 4634 1418 4695 ratione
1454 4651 1514 4696 me

137 4718 254 4781 alienae
277 4718 323 4781 liti
347 4719 509 4783 immiscuit
523 4728 554 4782 et
567 4722 773 4784 testimonium
783 4722 822 4784 ab
837 4723 941 4802 ignaru
956 4722 1093 4784 extorsit.
1139 4722 1255 4783 Deinde
1279 4741 1347 4785 uum
1371 4724 1401 4785 iu
1416 4724 1517 4786 calce

137 4807 218 4870 tituli
242 4808 438 4873 eruditionem
462 4830 547 4873 suam
574 4811 604 4873 iu
629 4813 685 4874 hoc
708 4812 810 4874 libello
838 4830 893 4873 ceu
924 4812 962 4874 ad
987 4829 1118 4893 agonem
1143 4812 1291 4892 quendam
1315 4813 1515 4894 olympicuul
