3278 5542
580 317 706 369 Praelatio
724 318 757 369 ad
775 318 900 369 lectorem.
1357 319 1419 387 109

118 476 279 556 rqnangulo
302 475 438 549 tertiam,
462 474 628 554 sexangulo
653 484 800 555 quartam.
848 473 983 556 Cumque
998 475 1092 538 etiam
1116 479 1195 540 oculi
1218 481 1421 543 reclamarent

118 564 245 626 ecunda
267 564 427 640 distantia,
452 582 529 643 quac
553 569 601 625 est
624 562 703 626 inter
721 565 830 626 Jovem
850 573 882 625 et
896 564 1043 638 Martem,
1066 566 1245 646 quadratum
1268 568 1419 649 triangulo

118 651 337 734 quinquangulo
361 651 494 731 adjunxi.
541 651 690 715 inlinitum
714 659 762 713 est
785 652 905 733 singula
926 655 1075 734 persequi.

142 738 189 802 Et
210 741 279 803 linis
302 741 392 821 hujus
416 740 493 802 irriti
516 749 644 802 conatus
669 740 727 803 fnit
750 740 842 815 idem,
878 742 928 820 qui
950 743 1093 821 postremi
1118 752 1149 804 et
1174 744 1270 806 felicis
1293 745 1418 809 initium.

118 846 172 910 ope
196 829 346 908 cogitavi,
370 829 426 891 hac
440 827 503 902 via,
528 829 674 908 siquidem
689 829 824 891 ordinem
847 830 926 891 iuter
948 832 1060 908 figuras
1077 831 1165 893 velim
1180 851 1315 909 servare,
1340 853 1419 896 nun-

118 937 147 979 m
172 936 220 978 me
243 926 456 998 perventurum
479 936 573 1000 nsque
588 919 627 979 ad
642 917 758 991 Solem,
783 937 878 998 neque
894 935 1017 980 cansam
1043 920 1227 994 habiturum,
1253 923 1419 1001 curpotius

120 1025 212 1081 -sex,
238 1026 327 1086 qnam
352 1007 458 1085 viginti
480 1007 529 1068 vel
553 1016 672 1068 centum
697 1007 786 1067 orbes
800 1007 937 1068 mobiles.
984 1008 1025 1068 Et
1039 1016 1139 1069 tamen
1164 1010 1326 1088 placebant
1340 1011 1418 1089 figu-

118 1143 123 1168 ,
146 1104 254 1174 utpote
278 1094 480 1173 quantitates,
507 1103 539 1156 et
560 1114 610 1156 res
633 1095 727 1156 coelis
750 1095 840 1174 prior.
888 1093 1054 1166 Quantitas
1075 1099 1151 1157 enim
1168 1097 1253 1158 initio
1268 1117 1334 1159 cum
1349 1117 1419 1159 cor-

118 1202 128 1246 r
159 1181 319 1257 creata²);
352 1184 429 1245 coeli
458 1184 555 1244 altero
580 1184 638 1245 die.
686 1180 774 1252 Quod
810 1185 835 1244 si
865 1184 1069 1263 (cogitabam)
1101 1204 1156 1265 pro
1190 1187 1360 1267 quantitate
1389 1196 1421 1247 et

118 1273 252 1352 portione
279 1291 332 1334 sex
356 1273 520 1346 coelorum,
545 1290 619 1351 quos
643 1273 754 1333 statuit
779 1270 982 1351 Copemicns‚
1015 1275 1143 1353 quinque
1167 1283 1284 1337 tantum
1308 1277 1420 1355 figurae

118 1380 136 1422 r
158 1361 295 1423 infinitas
318 1359 450 1439 reliquas
474 1361 599 1439 reperiri
623 1370 763 1440 possent,
795 1379 872 1439 quae
899 1381 972 1441 prae
996 1363 1106 1424 ceteris
1133 1364 1302 1441 peculiares
1326 1384 1419 1444 quas·

118 1469 127 1511 ι
160 1450 365 1530 proprietates
396 1449 556 1523 haberent,
590 1468 628 1510 ex
661 1461 731 1509 voto
764 1468 814 1510 res
847 1460 939 1511 esset.
986 1451 1081 1531 Atqui
1108 1471 1223 1513 rursum
1257 1453 1419 1516 instabam.

118 1539 138 1599 d
174 1539 285 1618 figurae
315 1537 423 1617 planae
455 1538 532 1598 inter
555 1538 668 1598 solidos
698 1537 810 1598 orbes?
857 1537 963 1600 Solida
988 1541 1088 1617 potius
1113 1559 1240 1620 corpora
1263 1542 1419 1604 adeantur.

118 1647 150 1702 e,
179 1627 287 1700 lector,
315 1626 468 1687 inventum
491 1626 548 1686 hoc
572 1634 604 1686 et
626 1626 784 1687 materiam
807 1627 901 1689 totius
917 1627 1003 1707 hujus
1018 1629 1161 1708 opusculi.
1209 1630 1287 1708 Nam
1307 1632 1333 1691 si
1354 1631 1420 1710 quis

118 1724 166 1778 ter
197 1714 380 1794 geometriae
409 1714 525 1792 peritus
549 1714 675 1775 totidem
705 1713 804 1775 verbis
830 1725 1000 1787 moneatur,
1034 1716 1077 1777 illi
1110 1717 1215 1778 statim
1247 1718 1276 1778 in
1301 1728 1420 1798 promtu

118 1813 127 1864 t
151 1805 282 1883 quinque
306 1803 458 1881 regularia
477 1821 604 1881 corpora
628 1822 693 1864 cum
717 1804 910 1881 proportione
935 1804 1049 1864 orbium
1068 1805 1359 1884 circumscriptorum
1383 1807 1421 1867 ad

118 1893 241 1971 riptos:
272 1892 313 1952 illi
340 1890 446 1951 statim
470 1891 508 1951 ob
532 1894 634 1951 oculos
660 1900 797 1951 versatur
821 1891 954 1952 scholion
985 1893 1058 1953 illud
1085 1892 1261 1956 Euclideurn
1286 1896 1323 1955 ad
1347 1914 1420 1975 pro-

118 1981 240 2044 itionem
268 1977 315 2042 18.
341 1979 391 2040 lib.
421 1976 468 2040 13.
505 1998 562 2058 quo
592 1981 818 2041 demonstratur
846 1981 1029 2059 impossibile
1064 2001 1148 2056 esse,
1182 1991 1214 2043 ut
1245 1984 1332 2061 plura
1360 1985 1422 2044 siut

133 2070 345 2149 excogitentur
375 2067 526 2146 regularia
549 2087 676 2147 corpora
700 2087 788 2149 quam
812 2069 950 2148 quinque.
999 2069 1060 2130 Res
1091 2069 1287 2131 admiratione
1318 2071 1419 2150 digna,

118 2178 126 2220 ι
149 2159 281 2219 nondum
305 2166 460 2217 constaret
483 2156 556 2217 mihi
580 2158 616 2217 de
640 2158 825 2236 singulorum
849 2176 1004 2237 corporum
1024 2159 1244 2237 praerogativis
1261 2160 1289 2221 in
1306 2161 1419 2233 ordine,

118 2265 146 2309 m
168 2265 217 2307 me
242 2246 362 2307 minime
387 2253 497 2323 arguta
520 2246 694 2324 conjectura
722 2265 759 2306 ex
782 2247 862 2307 notis
885 2247 1074 2324 planetarum
1102 2247 1256 2308 distantiis
1280 2248 1420 2321 deducta,

118 2335 289 2398 oieliciter
313 2352 435 2413 scopum
459 2333 597 2411 tetigisse
623 2336 651 2394 in
676 2335 780 2395 ordine
804 2354 973 2413 corporum,
1009 2343 1043 2396 ut
1064 2335 1138 2397 nihil
1162 2336 1191 2397 in
1216 2335 1276 2397 illis
1300 2345 1418 2415 postea,

118 2443 127 2486 r
153 2423 312 2503 exquisitis
343 2440 463 2501 agerem
491 2422 672 2496 rationibus,
707 2423 863 2485 immutare
892 2423 1050 2501 potuerim.
1097 2425 1146 2485 Ad
1180 2425 1223 2485 rei
1247 2425 1419 2486 memoriam

118 2513 178 2574 ribo
206 2512 261 2573 tihi
287 2511 488 2584 seutentiam,
522 2511 566 2571 ita
589 2513 631 2572 uti
656 2511 774 2584 incidit,
808 2521 839 2573 et
863 2531 898 2573 eo
933 2521 1080 2573 momento
1104 2512 1204 2575 verbis
1232 2522 1418 2593 conceptam.

118 2621 177 2664 erra
199 2609 248 2661 cst
267 2601 395 2660 circulus
410 2617 529 2660 mensor
543 2598 721 2673 omninmh:
747 2600 789 2661 illi
813 2600 1023 2662 circumscribe
1038 2601 1266 2665 dodecaedron:
1291 2602 1420 2664 circulus
1441 2598 1446 2605 ’

118 2735 119 2742 .
141 2688 394 2768 comprehendens
418 2687 477 2749 erit
499 2689 594 2751 Mars.
641 2688 734 2749 Marti
759 2688 972 2750 circumscribe
991 2691 1183 2751 tetraedron:
1213 2691 1341 2752 circulus
1364 2692 1420 2753 hoc

118 2778 314 2860 aprehendens
339 2777 397 2838 erit
419 2775 549 2854 Jupiter.
598 2777 667 2838 Jovi
692 2778 901 2840 circumscribe
925 2779 1050 2840 cubum:
1083 2779 1210 2840 circulus
1236 2781 1312 2841 hunc
1335 2799 1419 2842 com-

118 2868 249 2929 heudens
274 2867 332 2926 erit
355 2863 514 2927 Saturnus.
561 2864 632 2926 Jam
657 2866 768 2927 Terrae
801 2865 931 2928 inscribe
959 2866 1155 2928 icosaedror:
1190 2867 1232 2928 illi
1260 2866 1422 2947 inscriptus

118 2958 188 3018 :ulus
214 2954 272 3016 erit
295 2955 411 3014 Venus.
461 2954 573 3013 Veneri
598 2954 727 3016 inscribe
752 2957 936 3016 octaedron:
962 2955 1004 3017 illi
1029 2956 1189 3036 inscriptus
1213 2956 1341 3017 circulus
1364 2958 1424 3018 erit

118 3045 260 3107 rcurius“
307 3043 411 3104 Habes
435 3041 582 3103 rationem
607 3043 721 3104 numeri
743 3045 942 3122 planetarum.

148 3135 233 3194 Haec
258 3132 378 3193 occasio
403 3140 434 3192 et
457 3149 615 3192 successus
639 3132 726 3211 hujus
752 3132 873 3193 laboris.
922 3133 1001 3193 Vide
1036 3151 1112 3194 rrunc
1145 3133 1236 3194 etiam
1266 3152 1363 3195 meum
1395 3132 1423 3196 in

141 3224 216 3284 libro
241 3221 439 3302 propositum.
485 3218 529 3280 Et
552 3219 670 3299 quidem
694 3231 836 3300 quantam
865 3241 903 3281 ex
935 3221 1108 3283 inventione
1138 3222 1324 3303 voluptatem
1352 3242 1424 3302 per-

118 3312 210 3384 arim,
243 3328 392 3389 nunquam
422 3307 521 3369 verbis
551 3327 739 3388 expressero.
786 3310 854 3371 Non
879 3328 925 3370 me
950 3310 1059 3389 perditi
1082 3312 1227 3389 temporis
1251 3298 1427 3391 poeiritebat

118 3401 198 3480 plius,
225 3420 282 3460 non
306 3406 477 3477 pertaesum
502 3406 549 3457 cst
575 3397 696 3471 laboris,
722 3398 877 3459 molestias
902 3398 1010 3460 calculi
1036 3399 1134 3459 nullas
1157 3399 1336 3478 subterfugi,
1361 3397 1426 3461 dies

118 3501 225 3569 tesqua
250 3487 453 3567 computando,
473 3485 642 3547 consumsi:
668 3487 763 3548 donec
779 3505 940 3561 cernerem,
967 3497 1064 3548 utrum
1079 3493 1224 3566 concepta
1239 3488 1339 3550 uerbis
1354 3508 1426 3550 sen-

118 3579 158 3640 tia
183 3597 248 3639 cum
265 3575 424 3656 Copemici
444 3574 565 3635 orbibus
589 3575 785 3650 consentiret,
811 3595 848 3636 an
873 3595 944 3636 vero
969 3577 1082 3637 ferrent
1106 3595 1174 3636 mea
1196 3575 1309 3655 gaudia
1331 3577 1424 3638 venti.

118 3669 150 3730 td
175 3666 200 3726 si
226 3684 297 3740 rem,
323 3664 366 3726 uti
391 3683 458 3724 esse
482 3662 635 3742 putabam,
662 3664 925 3744 deprehenderem,
951 3672 1053 3726 votum
1077 3665 1142 3724 Deo
1159 3664 1231 3744 Opt.
1247 3664 1330 3725 Max.
1356 3665 1423 3739 feci,

130 3756 229 3836 prima
254 3753 412 3815 occasione
436 3753 492 3813 hoc
517 3752 692 3813 admirabile
722 3773 795 3814 suae
824 3753 993 3833 sapientiae
1017 3753 1167 3831 specimen
1192 3751 1318 3831 publicis
1343 3755 1425 3832 typis

118 3866 139 3909 rr
169 3844 305 3904 homines
334 3841 576 3903 enunciaturum:
612 3850 645 3902 ut
677 3842 812 3921 quamvis
846 3860 941 3922 neque
970 3843 1044 3902 haec
1074 3840 1261 3920 undiquaque
1286 3841 1426 3902 absoluta

118 3955 133 4008 ·,
158 3942 190 3993 et
214 3933 292 3993 iorte
317 3939 434 3992 restent
456 3930 607 4003 nonnulla,
634 3948 709 4009 quae
734 3950 771 3990 ex
796 3931 842 3991 his
866 3931 961 3991 fluant
983 3930 1147 4008 principiis,
1172 3947 1293 4008 quorum
1318 3930 1425 3991 inven-

117 4041 174 4084 rem
189 4020 262 4082 mihi
276 4037 432 4082 reservare
447 4037 583 4098 possem:
609 4026 708 4079 tamen
734 4019 795 4093 alii,
821 4020 870 4098 qui
893 4019 996 4079 valent
1020 4018 1148 4097 ingenio,
1174 4036 1262 4096 quam
1285 4018 1424 4098 plurima,

123 4111 361 4173 illustrationem
379 4107 505 4170 nominis
521 4105 622 4180 divini,
648 4107 742 4186 primo
767 4125 882 4186 quoque
907 4117 1041 4186 tempore
1061 4107 1153 4184 juxta
1176 4124 1222 4167 me
1247 4108 1425 4186 proferrent,

118 4200 232 4262 laudem
248 4196 472 4278 sapientissimo
489 4194 627 4257 Creatori
643 4215 700 4256 uuo
724 4214 775 4256 ore
800 4196 981 4258 accinerent.
1017 4193 1093 4257 Cum
1116 4194 1207 4275 igitur
1228 4197 1334 4274 paucis
1357 4205 1428 4275 post

118 4291 169 4351 bns
193 4308 241 4349 res
266 4287 462 4360 succederet,
498 4295 587 4363 atque
612 4303 667 4364 ego
692 4284 962 4362 deprehenderem,
999 4303 1087 4366 qnam
1111 4292 1181 4365 apte
1205 4303 1293 4345 unum
1318 4303 1426 4363 corpus

121 4387 135 4439 t
157 4377 239 4438 alind
264 4377 343 4437 inter
366 4394 437 4435 snos
461 4374 601 4452 planetas
626 4375 755 4446 sederet,
780 4382 935 4452 totumque
955 4372 1108 4452 negotium
1132 4373 1161 4434 iu
1186 4373 1312 4434 sormam
1335 4391 1426 4452 prae-

118 4468 160 4529 ,tis
184 4465 320 4545 opusculi
344 4463 527 4542 redigerem:
553 4469 642 4540 atque
667 4460 697 4522 id
721 4461 883 4523 Maestlino
908 4460 1019 4522 celebri
1044 4461 1257 4523 mathematico
1281 4460 1426 4541 probare-

126 4577 133 4616 :
163 4554 327 4634 intelligis,
359 4552 453 4613 amice
477 4552 607 4624 Lector,
637 4569 682 4611 me
707 4550 770 4610 voti
794 4569 895 4623 reum,
927 4568 1021 4628 neque
1045 4569 1135 4628 posse
1158 4568 1269 4611 morem
1295 4549 1426 4630 satyrico

118 4663 186 4718 ere,
212 4645 262 4723 qui
285 4661 396 4704 nonum
419 4639 448 4700 in
473 4657 582 4700 annum
602 4637 692 4718 jubet
716 4637 809 4699 libros
834 4636 978 4701 detinere.

155 4735 238 4795 Haec
263 4752 323 4794 una
345 4750 438 4793 cansa
462 4739 511 4790 est
534 4745 619 4788 meae
644 4727 873 4790 maturationis:
904 4726 953 4788 cui
979 4734 1015 4788 ut
1037 4743 1155 4787 omnem
1177 4725 1233 4787 tibi
1257 4725 1427 4805 scrupulum

119 4820 188 4885 istro
211 4821 386 4904 suspicandi
409 4818 540 4882 eximam
554 4814 607 4892 ¹¹),¹
624 4816 703 4879 addo
728 4815 833 4884 lubens
856 4823 888 4878 et
910 4816 1055 4890 alteram,
1084 4823 1116 4878 at
1139 4814 1232 4877 recito
1255 4813 1325 4893 tibi,
1355 4813 1428 4881 illud
