3278 5542
603 331 632 383 ln
651 330 832 384 dedicationem
851 330 966 381 editionis
986 330 1071 395 prlcrls

519 543 563 607 IN
588 541 914 607 DEDIOATIONEM
936 540 1166 615 ANTIQUAM

686 664 802 716 uorsa
821 663 999 717 lucrosus.

240 773 270 841 a)
291 780 372 829 Anno
396 773 484 837 1595,
515 774 559 828 die
586 776 613 830 9.
642 772 719 841 (19.)
745 774 813 828 Julii
843 774 976 843 postridie
997 773 1100 827 natalis
1129 771 1225 826 decimi
1245 770 1336 825 octavi
1358 771 1522 827 serenissimi

160 856 322 913 ferdinandi
337 854 510 917 Archiducis,
533 855 648 910 Roman.
666 872 738 908 nunc
752 854 928 923 Imperatoris
944 853 1074 924 Augusti,
1097 852 1316 923 Hungariaeque
1330 859 1362 906 ct
1375 852 1522 907 Bobemise

160 936 249 1009 regis:
271 934 349 1004 cuius
371 934 399 987 in
420 934 523 987 ditione
544 934 714 989 hereditaria
726 933 821 1003 Styria
841 940 908 987 tunc
921 935 1061 987 merebam
1082 932 1235 1007 stipendia,
1257 931 1349 985 inveni
1368 932 1423 986 hoc
1436 949 1522 987 secre-

160 1024 231 1073 tum:
262 1014 413 1083 statimque
440 1015 475 1067 ad
496 1014 564 1066 illud
585 1015 767 1068 excolendum
795 1030 960 1075 conversus,
989 1012 1101 1067 Octobri
1124 1018 1272 1083 sequente,
1303 1012 1331 1065 in
1352 1012 1523 1067 dedicatione

159 1094 330 1169 prognostici
351 1093 545 1156 anniversarii,
577 1097 648 1164 quod
669 1101 732 1147 erat
752 1110 790 1146 ex
810 1093 899 1146 officio
920 1093 1100 1154 scribendum.
1122 1092 1270 1146 editionem
1289 1090 1379 1145 libelli
1402 1092 1520 1162 promisi,

160 1184 194 1232 ut
212 1174 398 1247 significarem
422 1173 546 1242 publice,
578 1190 660 1244 quam
689 1172 785 1244 gravis
814 1173 880 1227 mihi
900 1173 1105 1242 philosophiam
1130 1171 1236 1227 amanti
1258 1178 1335 1225 esset
1355 1171 1415 1227 ista
1435 1171 1523 1241 coqje·

161 1254 255 1311 ctaudi
274 1252 436 1309 necessitas.
477 1253 524 1307 Ex
543 1270 577 1306 co
598 1254 738 1323 profectus
760 1252 788 1305 in
802 1252 1056 1323 wirtembergiam,
1081 1253 1153 1306 inter
1174 1251 1326 1305 domestica
1345 1252 1466 1324 negotis
1485 1250 1522 1305 ni·

162 1334 204 1391 bil
224 1350 314 1405 aeque
335 1331 414 1402 pensi
435 1331 534 1396 habui,
556 1349 590 1386 ac
611 1333 759 1387 editionem
779 1331 883 1396 libelli,
907 1350 978 1403 quae
999 1332 1064 1386 mihi
1081 1331 1243 1401 juvenculo,
1265 1330 1345 1383 nulla
1363 1330 1523 1385 eruditionis

163 1416 239 1470 ianua
258 1412 378 1484 publica,
401 1412 587 1483 typographis
608 1414 661 1467 sibi
682 1414 715 1466 de
737 1414 834 1466 damno
856 1412 1050 1475 metuentibus,
1072 1411 1218 1482 plurimum
1235 1409 1365 1465 exhibuit
1385 1410 1525 1466 molestis·

162 1510 235 1550 rum:
266 1498 296 1546 ct
316 1497 398 1545 erant
419 1491 464 1561 qui
492 1493 665 1547 absurditate
696 1491 761 1546 moti
793 1492 930 1562 dogmatis
958 1492 1139 1561 Copernicani
1168 1489 1313 1544 conatibus
1344 1491 1414 1545 meis
1444 1491 1525 1545 inter·

164 1574 303 1629 cederent.
345 1572 443 1641 ltaque
464 1572 571 1642 scripta
591 1572 763 1626 dedicatione
784 1571 841 1625 ista
862 1571 952 1625 ldibus
968 1571 1037 1640 Maji
1058 1570 1252 1633 Stnccardiae,
1276 1576 1342 1640 post
1362 1572 1433 1625 duos
1455 1586 1526 1624 men·

164 1670 209 1709 ses
228 1667 356 1708 reversus
378 1667 437 1704 sum
457 1651 485 1704 in
505 1650 636 1720 Styriam,
657 1651 757 1707 relicta
778 1651 926 1705 Maestlino
948 1652 1123 1721 praeceptori
1143 1667 1203 1705 meo
1224 1648 1353 1704 editionis
1374 1666 1444 1705 cura
1458 1667 1527 1721 pene

164 1735 323 1803 desperata.
364 1730 416 1784 llle
436 1747 502 1784 vero
524 1733 559 1784 ad
580 1734 783 1795 exornandum,
808 1732 1047 1785 commendandum
1069 1738 1098 1785 et
1119 1731 1192 1784 inter
1212 1728 1336 1783 homines
1357 1722 1533 1802 vulgandum'

165 1811 339 1884 opusculum,
370 1813 441 1880 quod
462 1811 570 1881 ingenti
592 1829 652 1866 cum
677 1811 869 1883 gratulatione
900 1811 1014 1880 primum
1036 1818 1204 1880 aspexerat,
1237 1809 1306 1862 nihil
1327 1810 1395 1864 iecit
1416 1809 1527 1880 reliqui:

166 1891 337 1963 perfecitque
358 1890 507 1959 prudentia
527 1898 556 1944 et
577 1891 713 1947 industria
733 1908 793 1953 sua,
817 1898 848 1944 ut
868 1891 981 1944 libellus
1003 1894 1113 1945 tandem
1134 1892 1263 1943 ederetur
1283 1890 1337 1942 fine
1359 1889 1427 1944 anni
1444 1889 1527 1951 1596,

165 1980 196 2028 et
215 1969 394 2043 sequentibus
416 1970 542 2024 nundinis
564 1973 723 2026 vernalibus
745 1970 811 2025 anni
835 1971 909 2024 1597
932 1971 1062 2041 catalogo
1085 1969 1308 2024 Francolurtensi
1341 1969 1526 2024 insereretur:

164 2054 232 2108 duro
252 2049 368 2106 nominis
389 2050 442 2104 mei
464 2049 537 2113 fato:
569 2068 631 2105 nam
660 2070 711 2123 pro
732 2051 856 2119 Keplerc
886 2059 1086 2119 expresserunt
1106 2049 1251 2118 Repleum.
1295 2049 1354 2110 Quo
1379 2049 1441 2120 ipso
1463 2058 1530 2107 teuc

163 2148 245 2204 pers,
274 2131 414 2201 flagrante
444 2131 519 2184 bello
540 2132 701 2203 Huugarico
732 2148 792 2185 cum
814 2130 922 2194 Turcis,
952 2133 985 2183 de
1016 2130 1162 2200 provinciis
1184 2128 1333 2182 limitaneis
1356 2128 1534 2183 Perdinando

161 2211 258 2267 heredi
287 2209 427 2264 tradendis
458 2210 550 2265 arduis
585 2210 831 2266 deliberationibus
871 2217 977 2274 actum,
1019 2211 1121 2280 quippe
1158 2209 1267 2263 exactis
1306 2208 1386 2263 annis
1418 2208 1528 2264 heredis

165 2288 347 2347 tutelaribus.

246 2370 313 2424 Cum
335 2367 422 2439 igitur
443 2384 523 2422 casus
545 2369 668 2438 quidam,
691 2357 791 2440 oppido
813 2385 895 2440 quam
917 2369 1045 2438 pulcher,
1074 2368 1154 2422 initia
1174 2367 1394 2438 speculationum
1416 2366 1611 2422 istarum-a

166 2466 227 2505 cnm
246 2447 457 2520 gubernationis
475 2449 694 2503 l'erdinendinae
717 2449 871 2520 primordiis
894 2449 1089 2511 connexuerit;
1112 2448 1172 2519 quis
1187 2454 1263 2500 vetet
1282 2446 1365 2501 etiam
1389 2453 1615 2501 successuffl

165 2529 286 2601 reliquos
308 2530 541 2581 commemorando
563 2529 691 2598 exsequi:
723 2532 795 2582 unde
815 2530 881 2582 fides
907 2529 1029 2583 brmetur
1056 2528 1115 2599 spei
1137 2528 1258 2597 optimae
1279 2527 1379 2597 plena,
1410 2544 1465 2581 nen
1488 2542 1618 2580 σι’-

166 2624 227 2665 sum
246 2623 367 2670 mcum,
390 2608 438 2660 sed
458 2607 570 2678 genium
591 2609 856 2678 perspicacissimum
878 2616 908 2662 et
921 2608 1164 2679 vigilantissimum
1178 2607 1272 2669 luisse,
1294 2607 1339 2677 qui
1359 2606 1435 2661 hanc
1448 2607 1623 2662 riten‘¹

166 2687 306 2745 imbellem
327 2686 456 2757 humique
477 2695 636 2757 serpentem
657 2689 736 2743 ulmis
758 2688 814 2742 illis
835 2688 998 2742 sublimibus
1020 2688 1205 2757 coaptaverit

245 2768 357 2822 Etenim
380 2766 482 2821 factum
504 2775 547 2821 est
568 2768 645 2822 illo
638 2786 698 2838 ipso
720 2786 793 2823 anno
818 2769 902 2831 1597,
926 2776 958 2823 ut
979 2769 1074 2838 Tycho
1095 2768 1237 2829 Braheus‚
1259 2766 1301 2820 rir
1322 2766 1426 2820 illustri
1448 2774 1628 2821 stem-⁷·

167 2854 243 2904 mate
263 2846 370 2903 Danicc
390 2855 562 2918 prognatus,
589 2848 763 2920 consiliisque
784 2851 984 2902 restaurandae
1006 2848 1191 2902 astronomiae
1212 2846 1348 2916 susceptis
1369 2846 1630 2902 celebratisae·

167 2928 261 2993 simus,
283 2943 420 2990 successu,
443 2930 533 2997 quoad
554 2928 637 2992 vixit,
660 2928 848 2993 felicissimus,
872 2935 904 2980 ut
924 2928 997 2980 hic'
990 2945 1100 2998 mquam
1120 2926 1214 2981 Dacia
1235 2926 1329 2997 patria
1349 2912 1463 2980 relicta
1475 2928 1632 2981 cufi

167 3008 240 3064 omni
262 3014 402 3078 apparatu
423 3008 605 3061 astronomiae
628 3008 762 3062 transiret
787 3008 816 3062 in
837 3008 1022 3061 Germaniam.
1065 3008 1132 3062 Cum
1161 3012 1254 3061 autem
1276 3005 1358 3075 hqjus
1380 3005 1433 3061 viri
1455 3006 1632 3061 insti-‘⁸

166 3094 232 3143 tuta
244 3086 311 3141 mihi
332 3103 369 3139 ex
389 3086 482 3140 relatu
503 3094 533 3140 et
553 3088 786 3179 praelectionibus
801 3087 944 3142 Maestlini
965 3088 1064 3141 dudum
1083 3094 1178 3140 essent
1192 3092 1268 3149 nota,
1291 3103 1349 3139 cum
1367 3086 1633 3159 mentienenss}

166 3166 243 3222 illius
263 3171 297 3220 ut
317 3165 413 3219 summi
434 3165 545 3219 artificis
566 3166 670 3236 passim
692 3167 718 3220 in
740 3167 800 3236 ipso
821 3167 918 3220 libello
939 3167 1083 3221 fecissem:
1109 3166 1253 3236 pulchrum
1274 3181 1447 3237 aequumque
1468 3160 1588 3221 mitri
1615 3148 1632 3201 ¹

169 3246 258 3301 risum
278 3250 336 3307 est,
367 3244 483 3314 primum
511 3253 595 3316 atque
621 3246 746 3315 libellum
767 3264 854 3300 meum
887 3248 1020 3317 catalogo
1042 3246 1265 3301 Francolurtensi
1296 3246 1432 3300 insertum
1459 3247 1630 3309 scin„-

169 3325 244 3381 inter
270 3331 377 3379 ceteros
402 3325 558 3378 matheseos
579 3325 750 3394 professores
779 3326 863 3379 etiam
885 3327 1049 3397 Tychonem
1081 3333 1113 3379 ut
1135 3325 1362 3418 antesignanum,
1390 3324 1631 3382 comana

169 3421 254 3476 super
274 3403 392 3458 materia
412 3404 514 3466 libelli,
546 3421 626 3475 quam
649 3422 709 3459 cum
738 3406 850 3476 proprio
887 3413 945 3459 tum
965 3407 1107 3460 Maestlini
1134 3405 1238 3475 judicio
1272 3405 1383 3459 maximi
1405 3385 1628 3461 mements3¹

168 3502 227 3540 rem
247 3501 309 3538 esse
331 3484 421 3537 rebar.
462 3485 501 3538 Et
521 3485 606 3537 ceteri
627 3485 736 3555 quidem
756 3492 863 3554 promte
886 3488 1098 3554 responderunt,
1127 3486 1272 3539 Galilacus
1292 3485 1427 3551 Pataris,
1451 3483 1623 3543 Ursusd

168 3566 272 3637 Praga,
293 3563 442 3618 Limnaeus
462 3559 575 3618 Jena:²
580 3558 604 3632 ⁸)
626 3566 661 3617 ad
675 3565 833 3634 Tychonem
853 3581 918 3617 vero
940 3566 1062 3634 epistola
1081 3582 1143 3620 mea
1163 3565 1270 3619 tardius
1291 3566 1396 3629 delata,
1419 3570 1494 3637 quod
1514 3563 1620 3620 ist

167 3646 257 3699 lecum
276 3642 437 3713 inscriptum
462 3644 571 3699 interea
591 3651 742 3709 mutasset,
773 3646 947 3715 voluptatem
974 3664 1012 3699 ex
1042 3662 1175 3716 responso
1200 3645 1272 3698 tanti
1298 3644 1348 3698 viri
1376 3646 1616 3702 secuerunt

167 3722 379 3795 per'integrum
399 3740 501 3778 annum
515 3723 646 3787 detinuit;
668 3725 750 3779 hausi
765 3726 876 3779 tandem
890 3724 967 3778 illam
982 3726 1088 3779 affatim
1110 3724 1280 3795 adjunxique
1301 3723 1429 3779 laetitiae
1443 3726 1560 3797 publi·-

168 3820 234 3869 cse,
256 3820 328 3874 quae
350 3810 415 3856 tunc
435 3805 557 3874 Styriam
579 3806 696 3858 tenebat
717 3806 752 3859 ob
773 3805 889 3859 exordia
909 3805 1120 3875 gubernationis
1142 3804 1321 3867 ferdinandi,
1347 3804 1537 3861 florentissimi

168 3883 307 3954 principis.
351 3882 513 3953 Quanquam
536 3884 646 3955 eclipsis
668 3901 772 3956 magna
786 3885 857 3939 Solis
880 3886 906 3938 in
928 3885 1146 3938 dodecotemorio
1169 3884 1292 3953 piscium,
1314 3882 1359 3954 qui
1377 3884 1456 3939 locus
1471 3886 1537 3941 Fer·

169 3962 287 4016 dinandc
309 3960 452 4024 culminat,
479 3964 621 4039 multoque
642 3965 732 4035 magis
754 3959 930 4034 intemperies
952 3964 1089 4017 hominum
1112 3970 1261 4027 certorum,
1289 3963 1349 4032 jam
1371 3964 1456 4036 signa
1476 3982 1541 4021 mec

164 4039 269 4111 judicic
289 4041 491 4110 praetulissent
512 4043 649 4096 aerumnis
671 4044 756 4113 paulo
777 4052 841 4113 post
862 4060 912 4114 per
933 4043 1089 4112 provincias
1111 4043 1176 4097 illas
1198 4042 1361 4098 consecutis.

249 4125 451 4190 Argumentum
472 4122 616 4176 literarum
637 4124 739 4176 Brahei
762 4123 813 4176 hoc
834 4131 905 4186 erat,
927 4123 968 4177 uti
990 4124 1132 4192 suspensis
1152 4118 1388 4193 speculationibus
1411 4140 1431 4179 a
1451 4124 1538 4196 priori

171 4200 399 4253 descendentibus
421 4201 538 4255 animum
560 4202 653 4270 potius
675 4205 709 4256 ed
731 4204 939 4257 observationes
960 4219 1029 4274 quas
1051 4203 1132 4257 simul
1152 4204 1295 4265 offerebat,
1322 4203 1538 4261 considerandas

171 4277 337 4348 adjicerem:
368 4279 450 4349 inque
477 4281 510 4334 iis
531 4281 618 4350 primo
639 4285 728 4351 gradu
750 4283 838 4345 lacto,
870 4292 971 4352 postea
991 4286 1096 4336 demum
1125 4285 1160 4336 ad
1186 4299 1286 4336 causas
1308 4286 1489 4340 ascenderem
1509 4294 1542 4339 et

170 4359 229 4414 tale
250 4359 314 4431 quid
335 4359 363 4411 in
384 4376 436 4413 sua
456 4361 548 4430 potius
569 4361 729 4430 hypothesi,
751 4379 832 4432 quam
854 4362 913 4431 ipse
934 4363 1087 4431 Cepernica
1108 4362 1241 4416 veriorem
1263 4363 1405 4427 censebat,
1427 4365 1538 4421 commi·

170 4438 304 4493 niscerer:
335 4439 468 4509 denique,
498 4447 531 4493 ut
551 4441 585 4493 ad
611 4440 700 4510 ipsum
720 4459 763 4513 me
794 4442 958 4504 conferrem,
990 4443 1090 4512 quippe
1113 4442 1158 4512 qui
1184 4442 1245 4510 jam
1271 4459 1346 4496 mare
1377 4445 1538 4499 transisset.

170 4518 292 4589 Cumque
313 4536 367 4572 non
389 4518 484 4572 statim
505 4537 559 4590 ego
580 4523 782 4590 responderem,
805 4521 930 4574 Brabeus
953 4523 1049 4574 codem
1070 4530 1235 4593 argumento
1257 4523 1350 4591 plures
1372 4525 1407 4576 ad
1422 4541 1467 4578 me
1488 4540 1540 4595 per

171 4615 272 4651 annum
293 4606 453 4668 sequentem
475 4599 584 4669 scripsit
606 4602 753 4671 epistolas,
784 4617 898 4672 quarum
921 4617 976 4655 una
1001 4608 1066 4670 post
1088 4602 1183 4665 aliam,
1216 4618 1267 4654 sua
1288 4603 1433 4671 quaelibet
1460 4620 1539 4660 mers

170 4677 344 4749 interposita,
366 4678 432 4732 mihi
453 4687 517 4733 sunt
537 4679 672 4737 redditae.
716 4682 827 4735 [nterim
849 4682 956 4735 Grastii
984 4681 1117 4750 dissipato
1144 4689 1238 4735 nostro
1261 4688 1341 4735 coetu
1362 4683 1536 4747 discentium,

171 4756 232 4829 ips'e
253 4758 399 4822 salarium,
421 4762 492 4831 quod
513 4759 657 4830 capiebam
680 4778 697 4814 a
716 4762 876 4831 proceribus
898 4761 1137 4831 provinciaesine
1159 4778 1261 4831 opera,
1289 4762 1359 4815 bene
1381 4764 1536 4819 collocatu-

170 4852 217 4895 rus
237 4838 381 4893 consilium
401 4841 513 4896 tandem
539 4840 617 4910 cepi,
647 4843 805 4935 Typhonem
825 4843 918 4896 Brahe
940 4841 1069 4896 visitandi
1091 4841 1174 4896 toties
1197 4841 1369 4898 invitantem.
1414 4844 1540 4900 Venerat
