<?xml version="1.0" encoding="UTF-8"?>
<!DOCTYPE html PUBLIC "-//W3C//DTD XHTML 1.0 Transitional//EN"
    "http://www.w3.org/TR/xhtml1/DTD/xhtml1-transitional.dtd">
<html xmlns="http://www.w3.org/1999/xhtml" xml:lang="en" lang="en">
 <head>
  <title>
</title>
<meta http-equiv="Content-Type" content="text/html;charset=utf-8" />
  <meta name='ocr-system' content='tesseract 3.04.00' />
  <meta name='ocr-capabilities' content='ocr_page ocr_carea ocr_par ocr_line ocrx_word'/>
</head>
<body>
  <div class='ocr_page' id='page_1' title='image "./joanniskepleria17frisgoog_0151.png"; bbox 0 0 3278 5542; ppageno 0'>
   <div class='ocr_carea' id='block_1_1' title="bbox 140 322 982 391">
    <p class='ocr_par' dir='ltr' id='par_1_1' title="bbox 140 322 982 391">
     <span class='ocr_line' id='line_1_1' title="bbox 140 322 982 391; baseline -0.012 -4"><span class='ocrx_word' id='word_1_1' title='bbox 140 322 203 389; x_wconf 77' lang='lat'><strong>128</strong></span> <span class='ocrx_word' id='word_1_2' title='bbox 648 322 762 388; x_wconf 59' lang='lat' dir='ltr'><strong>anaor</strong></span> <span class='ocrx_word' id='word_1_3' title='bbox 782 324 982 391; x_wconf 51' lang='lat' dir='ltr'><strong>commuue</strong></span> 
     </span>
    </p>
   </div>
   <div class='ocr_carea' id='block_1_2' title="bbox 103 481 1492 1986">
    <p class='ocr_par' dir='ltr' id='par_1_2' title="bbox 103 481 1492 1986">
     <span class='ocr_line' id='line_1_2' title="bbox 138 481 1490 564; baseline 0.001 -19"><span class='ocrx_word' id='word_1_4' title='bbox 138 482 281 545; x_wconf 88' lang='lat' dir='ltr'><strong>cundaria</strong></span> <span class='ocrx_word' id='word_1_5' title='bbox 303 490 429 563; x_wconf 89' lang='lat' dir='ltr'><strong>quatuor</strong></span> <span class='ocrx_word' id='word_1_6' title='bbox 451 490 504 543; x_wconf 88' lang='lat' dir='ltr'><strong>aut</strong></span> <span class='ocrx_word' id='word_1_7' title='bbox 527 483 655 563; x_wconf 88' lang='lat' dir='ltr'><strong>quinque</strong></span> <span class='ocrx_word' id='word_1_8' title='bbox 683 484 783 564; x_wconf 87' lang='lat' dir='ltr'><strong>planis</strong></span> <span class='ocrx_word' id='word_1_9' title='bbox 811 484 841 546; x_wconf 88' lang='lat' dir='ltr'><strong>in</strong></span> <span class='ocrx_word' id='word_1_10' title='bbox 872 504 960 546; x_wconf 92' lang='lat' dir='ltr'><strong>unum</strong></span> <span class='ocrx_word' id='word_1_11' title='bbox 983 483 1111 547; x_wconf 89' lang='lat' dir='ltr'><strong>solidum</strong></span> <span class='ocrx_word' id='word_1_12' title='bbox 1135 484 1320 546; x_wconf 86' lang='lat' dir='ltr'><strong>adsciscunt.</strong></span> <span class='ocrx_word' id='word_1_13' title='bbox 1368 481 1406 559; x_wconf 79' lang='grc'><strong>4)</strong></span> <span class='ocrx_word' id='word_1_14' title='bbox 1429 484 1490 546; x_wconf 90' lang='lat' dir='ltr'><strong>Pri·</strong></span> 
     </span>
     <span class='ocr_line' id='line_1_3' title="bbox 138 571 1491 654; baseline 0.001 -20"><span class='ocrx_word' id='word_1_15' title='bbox 138 573 233 634; x_wconf 88' lang='lat' dir='ltr'><strong>maria</strong></span> <span class='ocrx_word' id='word_1_16' title='bbox 265 571 372 632; x_wconf 91' lang='lat' dir='ltr'><strong>nemini</strong></span> <span class='ocrx_word' id='word_1_17' title='bbox 406 590 490 633; x_wconf 92' lang='lat' dir='ltr'><strong>suum</strong></span> <span class='ocrx_word' id='word_1_18' title='bbox 519 572 631 634; x_wconf 93' lang='lat' dir='ltr'><strong>debent</strong></span> <span class='ocrx_word' id='word_1_19' title='bbox 658 573 802 652; x_wconf 85' lang='lat' dir='ltr'>originem</span> <span class='ocrx_word' id='word_1_20' title='bbox 831 581 862 634; x_wconf 88' lang='lat' dir='ltr'><strong>et</strong></span> <span class='ocrx_word' id='word_1_21' title='bbox 890 573 1112 654; x_wconf 79' lang='lat' dir='ltr'><strong>proprietates:</strong></span> <span class='ocrx_word' id='word_1_22' title='bbox 1147 573 1326 635; x_wconf 88' lang='lat' dir='ltr'><strong>secundaria</strong></span> <span class='ocrx_word' id='word_1_23' title='bbox 1354 573 1491 654; x_wconf 84' lang='lat' dir='ltr'><strong>pleraque</strong></span> 
     </span>
     <span class='ocr_line' id='line_1_4' title="bbox 138 660 1490 743; baseline -0.002 -17"><span class='ocrx_word' id='word_1_24' title='bbox 138 682 174 726; x_wconf 82' lang='lat' dir='ltr'><strong>ex</strong></span> <span class='ocrx_word' id='word_1_25' title='bbox 198 660 366 742; x_wconf 87' lang='lat' dir='ltr'><strong>primariis,</strong></span> <span class='ocrx_word' id='word_1_26' title='bbox 401 660 483 722; x_wconf 83' lang='lat' dir='ltr'><strong>facta</strong></span> <span class='ocrx_word' id='word_1_27' title='bbox 513 661 764 735; x_wconf 88' lang='lat' dir='ltr'><strong>commutatione,</strong></span> <span class='ocrx_word' id='word_1_28' title='bbox 798 662 911 741; x_wconf 86' lang='lat' dir='ltr'><strong>adepta</strong></span> <span class='ocrx_word' id='word_1_29' title='bbox 939 669 1027 734; x_wconf 88' lang='lat' dir='ltr'><strong>sunt,</strong></span> <span class='ocrx_word' id='word_1_30' title='bbox 1060 670 1091 723; x_wconf 92' lang='lat' dir='ltr'><strong>et</strong></span> <span class='ocrx_word' id='word_1_31' title='bbox 1121 662 1206 742; x_wconf 86' lang='lat' dir='ltr'><strong>qnasi</strong></span> <span class='ocrx_word' id='word_1_32' title='bbox 1237 662 1344 743; x_wconf 87' lang='lat' dir='ltr'><strong>genita</strong></span> <span class='ocrx_word' id='word_1_33' title='bbox 1368 662 1490 724; x_wconf 86' lang='lat' dir='ltr'><strong>exiliis.</strong></span> 
     </span>
     <span class='ocr_line' id='line_1_5' title="bbox 138 749 1492 831; baseline -0.002 -16"><span class='ocrx_word' id='word_1_34' title='bbox 138 752 173 823; x_wconf 83' lang='lat'><strong>5)</strong></span> <span class='ocrx_word' id='word_1_35' title='bbox 202 749 347 813; x_wconf 88' lang='lat' dir='ltr'><strong>Primaria</strong></span> <span class='ocrx_word' id='word_1_36' title='bbox 371 768 428 810; x_wconf 91' lang='lat' dir='ltr'><strong>non</strong></span> <span class='ocrx_word' id='word_1_37' title='bbox 453 750 565 811; x_wconf 86' lang='lat' dir='ltr'><strong>moveri</strong></span> <span class='ocrx_word' id='word_1_38' title='bbox 593 749 735 812; x_wconf 80' lang='lat' dir='ltr'>concinne</span> <span class='ocrx_word' id='word_1_39' title='bbox 765 760 910 829; x_wconf 81' lang='lat' dir='ltr'>possunt,</span> <span class='ocrx_word' id='word_1_40' title='bbox 944 751 1001 812; x_wconf 88' lang='lat' dir='ltr'><strong>nisi</strong></span> <span class='ocrx_word' id='word_1_41' title='bbox 1035 759 1106 812; x_wconf 86' lang='lat' dir='ltr'><strong>acta</strong></span> <span class='ocrx_word' id='word_1_42' title='bbox 1135 751 1282 813; x_wconf 89' lang='lat' dir='ltr'><strong>diametro</strong></span> <span class='ocrx_word' id='word_1_43' title='bbox 1315 766 1373 831; x_wconf 89' lang='lat' dir='ltr'><strong>per</strong></span> <span class='ocrx_word' id='word_1_44' title='bbox 1396 758 1492 812; x_wconf 68' lang='lat' dir='ltr'><strong>centa</strong></span> 
     </span>
     <span class='ocr_line' id='line_1_6' title="bbox 138 838 1492 921; baseline -0.001 -19"><span class='ocrx_word' id='word_1_45' title='bbox 138 841 223 903; x_wconf 88' lang='lat' dir='ltr'><strong>unius</strong></span> <span class='ocrx_word' id='word_1_46' title='bbox 238 838 508 917; x_wconf 89' lang='lat' dir='ltr'><strong>autoppositorum</strong></span> <span class='ocrx_word' id='word_1_47' title='bbox 523 839 697 918; x_wconf 88' lang='lat' dir='ltr'><strong>planorum:</strong></span> <span class='ocrx_word' id='word_1_48' title='bbox 723 840 901 900; x_wconf 86' lang='lat' dir='ltr'><strong>secundaria</strong></span> <span class='ocrx_word' id='word_1_49' title='bbox 924 858 995 901; x_wconf 80' lang='lat' dir='ltr'><strong>vero</strong></span> <span class='ocrx_word' id='word_1_50' title='bbox 1020 848 1091 903; x_wconf 88' lang='lat' dir='ltr'><strong>acta</strong></span> <span class='ocrx_word' id='word_1_51' title='bbox 1114 858 1168 920; x_wconf 90' lang='lat' dir='ltr'><strong>per</strong></span> <span class='ocrx_word' id='word_1_52' title='bbox 1191 838 1348 920; x_wconf 89' lang='lat' dir='ltr'><strong>oppositos</strong></span> <span class='ocrx_word' id='word_1_53' title='bbox 1374 838 1492 921; x_wconf 87' lang='lat' dir='ltr'><strong>angelos</strong></span> 
     </span>
     <span class='ocr_line' id='line_1_7' title="bbox 137 924 1492 1009; baseline -0.003 -18"><span class='ocrx_word' id='word_1_54' title='bbox 137 931 294 991; x_wconf 90' lang='lat' dir='ltr'><strong>diametro.</strong></span> <span class='ocrx_word' id='word_1_55' title='bbox 333 924 368 1000; x_wconf 90' lang='grc'><strong>6)</strong></span> <span class='ocrx_word' id='word_1_56' title='bbox 392 927 603 990; x_wconf 90' lang='lat' dir='ltr'><strong>Primariorum</strong></span> <span class='ocrx_word' id='word_1_57' title='bbox 627 937 675 990; x_wconf 90' lang='lat' dir='ltr'><strong>est</strong></span> <span class='ocrx_word' id='word_1_58' title='bbox 697 927 847 1007; x_wconf 91' lang='lat' dir='ltr'><strong>proprium</strong></span> <span class='ocrx_word' id='word_1_59' title='bbox 872 937 972 990; x_wconf 86' lang='lat' dir='ltr'><strong>stare:</strong></span> <span class='ocrx_word' id='word_1_60' title='bbox 999 929 1240 991; x_wconf 88' lang='lat' dir='ltr'><strong>secundariorum</strong></span> <span class='ocrx_word' id='word_1_61' title='bbox 1255 927 1400 1009; x_wconf 85' lang='lat' dir='ltr'><strong>pendere.</strong></span> <span class='ocrx_word' id='word_1_62' title='bbox 1429 926 1492 990; x_wconf 77' lang='lat' dir='ltr'><strong>Sive</strong></span> 
     </span>
     <span class='ocr_line' id='line_1_8' title="bbox 136 1015 1492 1098; baseline 0 -20"><span class='ocrx_word' id='word_1_63' title='bbox 136 1018 214 1080; x_wconf 89' lang='lat' dir='ltr'><strong>enirn</strong></span> <span class='ocrx_word' id='word_1_64' title='bbox 237 1018 312 1078; x_wconf 91' lang='lat' dir='ltr'><strong>haec</strong></span> <span class='ocrx_word' id='word_1_65' title='bbox 336 1015 365 1077; x_wconf 89' lang='lat' dir='ltr'><strong>io</strong></span> <span class='ocrx_word' id='word_1_66' title='bbox 389 1017 475 1078; x_wconf 88' lang='lat' dir='ltr'><strong>basin</strong></span> <span class='ocrx_word' id='word_1_67' title='bbox 500 1018 680 1096; x_wconf 85' lang='lat' dir='ltr'><strong>provolvas,</strong></span> <span class='ocrx_word' id='word_1_68' title='bbox 714 1017 777 1078; x_wconf 83' lang='lat' dir='ltr'><strong>sive</strong></span> <span class='ocrx_word' id='word_1_69' title='bbox 806 1017 860 1078; x_wconf 89' lang='lat' dir='ltr'><strong>illa</strong></span> <span class='ocrx_word' id='word_1_70' title='bbox 884 1019 911 1078; x_wconf 91' lang='lat' dir='ltr'><strong>in</strong></span> <span class='ocrx_word' id='word_1_71' title='bbox 937 1019 1079 1097; x_wconf 88' lang='lat' dir='ltr'><strong>angulum</strong></span> <span class='ocrx_word' id='word_1_72' title='bbox 1101 1016 1221 1098; x_wconf 83' lang='lat' dir='ltr'>erigas,</span> <span class='ocrx_word' id='word_1_73' title='bbox 1253 1018 1337 1080; x_wconf 83' lang='lat' dir='ltr'><strong>risus</strong></span> <span class='ocrx_word' id='word_1_74' title='bbox 1361 1016 1492 1097; x_wconf 87' lang='lat' dir='ltr'><strong>utrinque</strong></span> 
     </span>
     <span class='ocr_line' id='line_1_9' title="bbox 137 1104 1492 1189; baseline -0.001 -20"><span class='ocrx_word' id='word_1_75' title='bbox 137 1107 361 1169; x_wconf 82' lang='lat' dir='ltr'><strong>deformitatem</strong></span> <span class='ocrx_word' id='word_1_76' title='bbox 386 1115 527 1184; x_wconf 90' lang='lat' dir='ltr'><strong>aspectus</strong></span> <span class='ocrx_word' id='word_1_77' title='bbox 551 1106 691 1185; x_wconf 80' lang='lat' dir='ltr'><strong>refugiet.</strong></span> <span class='ocrx_word' id='word_1_78' title='bbox 739 1104 774 1178; x_wconf 85' lang='grc'><strong>7)</strong></span> <span class='ocrx_word' id='word_1_79' title='bbox 805 1107 894 1168; x_wconf 84' lang='lat' dir='ltr'><strong>Adde</strong></span> <span class='ocrx_word' id='word_1_80' title='bbox 918 1107 1064 1186; x_wconf 84' lang='lat' dir='ltr'><strong>denique,</strong></span> <span class='ocrx_word' id='word_1_81' title='bbox 1096 1108 1174 1189; x_wconf 91' lang='lat' dir='ltr'><strong>quod</strong></span> <span class='ocrx_word' id='word_1_82' title='bbox 1197 1107 1341 1186; x_wconf 88' lang='lat' dir='ltr'><strong>primaria</strong></span> <span class='ocrx_word' id='word_1_83' title='bbox 1365 1107 1492 1186; x_wconf 86' lang='lat' dir='ltr'><strong>perfecto</strong></span> 
     </span>
     <span class='ocr_line' id='line_1_10' title="bbox 137 1194 1491 1277; baseline -0.002 -19"><span class='ocrx_word' id='word_1_84' title='bbox 137 1203 259 1258; x_wconf 88' lang='lat' dir='ltr'><strong>nurnero</strong></span> <span class='ocrx_word' id='word_1_85' title='bbox 284 1194 344 1256; x_wconf 89' lang='lat' dir='ltr'><strong>tria</strong></span> <span class='ocrx_word' id='word_1_86' title='bbox 367 1203 456 1255; x_wconf 91' lang='lat' dir='ltr'><strong>sunt:</strong></span> <span class='ocrx_word' id='word_1_87' title='bbox 490 1195 668 1256; x_wconf 86' lang='lat' dir='ltr'><strong>secundaria</strong></span> <span class='ocrx_word' id='word_1_88' title='bbox 701 1195 877 1274; x_wconf 88' lang='lat' dir='ltr'><strong>imperfecto</strong></span> <span class='ocrx_word' id='word_1_89' title='bbox 910 1195 986 1268; x_wconf 92' lang='lat' dir='ltr'><strong>duo,</strong></span> <span class='ocrx_word' id='word_1_90' title='bbox 1021 1197 1157 1277; x_wconf 91' lang='lat' dir='ltr'><strong>quodque</strong></span> <span class='ocrx_word' id='word_1_91' title='bbox 1186 1197 1240 1258; x_wconf 90' lang='lat' dir='ltr'><strong>illa</strong></span> <span class='ocrx_word' id='word_1_92' title='bbox 1268 1214 1376 1257; x_wconf 87' lang='lat' dir='ltr'><strong>omnes</strong></span> <span class='ocrx_word' id='word_1_93' title='bbox 1400 1195 1491 1274; x_wconf 87' lang='lat' dir='ltr'><strong>anguli</strong></span> 
     </span>
     <span class='ocr_line' id='line_1_11' title="bbox 138 1283 1491 1365; baseline -0.001 -19"><span class='ocrx_word' id='word_1_94' title='bbox 138 1286 255 1365; x_wconf 84' lang='lat' dir='ltr'><strong>species</strong></span> <span class='ocrx_word' id='word_1_95' title='bbox 279 1284 400 1357; x_wconf 89' lang='lat' dir='ltr'><strong>habent,</strong></span> <span class='ocrx_word' id='word_1_96' title='bbox 427 1283 519 1343; x_wconf 88' lang='lat' dir='ltr'><strong>cubus</strong></span> <span class='ocrx_word' id='word_1_97' title='bbox 543 1291 665 1357; x_wconf 89' lang='lat' dir='ltr'><strong>rectum,</strong></span> <span class='ocrx_word' id='word_1_98' title='bbox 690 1284 821 1365; x_wconf 84' lang='lat' dir='ltr'><strong>pyramis</strong></span> <span class='ocrx_word' id='word_1_99' title='bbox 841 1292 970 1357; x_wconf 90' lang='lat' dir='ltr'><strong>acutum,</strong></span> <span class='ocrx_word' id='word_1_100' title='bbox 996 1285 1215 1346; x_wconf 72' lang='lat' dir='ltr'><strong>dodecabdmm</strong></span> <span class='ocrx_word' id='word_1_101' title='bbox 1239 1285 1402 1346; x_wconf 89' lang='lat' dir='ltr'><strong>obtusum:</strong></span> <span class='ocrx_word' id='word_1_102' title='bbox 1427 1284 1491 1345; x_wconf 85' lang='lat' dir='ltr'><strong>haec</strong></span> 
     </span>
     <span class='ocr_line' id='line_1_12' title="bbox 139 1371 1490 1454; baseline -0.001 -20"><span class='ocrx_word' id='word_1_103' title='bbox 139 1393 208 1436; x_wconf 89' lang='lat' dir='ltr'><strong>vero</strong></span> <span class='ocrx_word' id='word_1_104' title='bbox 234 1373 321 1434; x_wconf 90' lang='lat' dir='ltr'><strong>ambo</strong></span> <span class='ocrx_word' id='word_1_105' title='bbox 345 1372 374 1433; x_wconf 90' lang='lat' dir='ltr'><strong>in</strong></span> <span class='ocrx_word' id='word_1_106' title='bbox 400 1371 499 1433; x_wconf 90' lang='lat' dir='ltr'><strong>obtusi</strong></span> <span class='ocrx_word' id='word_1_107' title='bbox 523 1374 616 1434; x_wconf 91' lang='lat' dir='ltr'><strong>solius</strong></span> <span class='ocrx_word' id='word_1_108' title='bbox 639 1392 748 1452; x_wconf 87' lang='lat' dir='ltr'><strong>genere</strong></span> <span class='ocrx_word' id='word_1_109' title='bbox 773 1383 941 1436; x_wconf 86' lang='lat' dir='ltr'><strong>versantur.</strong></span> <span class='ocrx_word' id='word_1_110' title='bbox 988 1374 1031 1435; x_wconf 89' lang='lat' dir='ltr'><strong>Et</strong></span> <span class='ocrx_word' id='word_1_111' title='bbox 1058 1374 1192 1436; x_wconf 69' lang='lat' dir='ltr'><strong>octaedri</strong></span> <span class='ocrx_word' id='word_1_112' title='bbox 1222 1373 1343 1454; x_wconf 92' lang='lat' dir='ltr'><strong>quidem</strong></span> <span class='ocrx_word' id='word_1_113' title='bbox 1372 1373 1490 1453; x_wconf 87' lang='lat' dir='ltr'><strong>angulus</strong></span> 
     </span>
     <span class='ocr_line' id='line_1_13' title="bbox 138 1461 1492 1544; baseline -0.001 -20"><span class='ocrx_word' id='word_1_114' title='bbox 138 1483 192 1544; x_wconf 89' lang='lat' dir='ltr'><strong>per</strong></span> <span class='ocrx_word' id='word_1_115' title='bbox 215 1481 317 1523; x_wconf 88' lang='lat' dir='ltr'><strong>omnes</strong></span> <span class='ocrx_word' id='word_1_116' title='bbox 342 1468 405 1522; x_wconf 88' lang='lat' dir='ltr'><strong>tres</strong></span> <span class='ocrx_word' id='word_1_117' title='bbox 429 1462 546 1540; x_wconf 89' lang='lat' dir='ltr'><strong>species</strong></span> <span class='ocrx_word' id='word_1_118' title='bbox 570 1470 706 1540; x_wconf 87' lang='lat' dir='ltr'><strong>vagatur,</strong></span> <span class='ocrx_word' id='word_1_119' title='bbox 733 1462 761 1523; x_wconf 91' lang='lat' dir='ltr'><strong>in</strong></span> <span class='ocrx_word' id='word_1_120' title='bbox 782 1463 924 1541; x_wconf 86' lang='lat' dir='ltr'><strong>junctura</strong></span> <span class='ocrx_word' id='word_1_121' title='bbox 947 1464 1074 1524; x_wconf 90' lang='lat' dir='ltr'><strong>laterum</strong></span> <span class='ocrx_word' id='word_1_122' title='bbox 1098 1463 1233 1536; x_wconf 89' lang='lat' dir='ltr'><strong>obtusus,</strong></span> <span class='ocrx_word' id='word_1_123' title='bbox 1258 1462 1337 1525; x_wconf 85' lang='lat' dir='ltr'><strong>inter</strong></span> <span class='ocrx_word' id='word_1_124' title='bbox 1361 1461 1492 1524; x_wconf 81' lang='lat' dir='ltr'><strong>coeuntia</strong></span> 
     </span>
     <span class='ocr_line' id='line_1_14' title="bbox 103 1550 1490 1631; baseline -0.001 -19"><span class='ocrx_word' id='word_1_125' title='bbox 103 1560 108 1571; x_wconf 87' lang='lat'>&#39;</span> <span class='ocrx_word' id='word_1_126' title='bbox 138 1554 195 1613; x_wconf 93' lang='lat' dir='ltr'><strong>duo</strong></span> <span class='ocrx_word' id='word_1_127' title='bbox 220 1551 318 1612; x_wconf 90' lang='lat' dir='ltr'><strong>latera</strong></span> <span class='ocrx_word' id='word_1_128' title='bbox 340 1568 377 1610; x_wconf 85' lang='lat' dir='ltr'><strong>ex</strong></span> <span class='ocrx_word' id='word_1_129' title='bbox 401 1550 540 1629; x_wconf 88' lang='lat' dir='ltr'><strong>opposito</strong></span> <span class='ocrx_word' id='word_1_130' title='bbox 565 1559 678 1622; x_wconf 90' lang='lat' dir='ltr'><strong>rectus,</strong></span> <span class='ocrx_word' id='word_1_131' title='bbox 703 1551 766 1629; x_wconf 89' lang='lat' dir='ltr'><strong>ipse</strong></span> <span class='ocrx_word' id='word_1_132' title='bbox 790 1570 861 1611; x_wconf 87' lang='lat' dir='ltr'><strong>vero</strong></span> <span class='ocrx_word' id='word_1_133' title='bbox 887 1552 1001 1613; x_wconf 91' lang='lat' dir='ltr'><strong>solidus</strong></span> <span class='ocrx_word' id='word_1_134' title='bbox 1026 1559 1143 1613; x_wconf 86' lang='lat' dir='ltr'><strong>acutus.</strong></span> <span class='ocrx_word' id='word_1_135' title='bbox 1182 1550 1259 1614; x_wconf 83' lang='lat' dir='ltr'><strong>Cum</strong></span> <span class='ocrx_word' id='word_1_136' title='bbox 1281 1550 1379 1631; x_wconf 89' lang='lat' dir='ltr'><strong>igitur</strong></span> <span class='ocrx_word' id='word_1_137' title='bbox 1402 1551 1490 1612; x_wconf 85' lang='lat' dir='ltr'><strong>maui-</strong></span> 
     </span>
     <span class='ocr_line' id='line_1_15' title="bbox 140 1630 1489 1721; baseline -0.001 -19"><span class='ocrx_word' id='word_1_138' title='bbox 140 1644 249 1702; x_wconf 79' lang='lat' dir='ltr'><strong>festum</strong></span> <span class='ocrx_word' id='word_1_139' title='bbox 274 1630 356 1702; x_wconf 74' lang='lat' dir='ltr'><strong>es&#39;set</strong></span> <span class='ocrx_word' id='word_1_140' title='bbox 378 1632 536 1700; x_wconf 76' lang='lat' dir='ltr'><strong>discrimen</strong></span> <span class='ocrx_word' id='word_1_141' title='bbox 561 1639 640 1700; x_wconf 91' lang='lat' dir='ltr'><strong>inter</strong></span> <span class='ocrx_word' id='word_1_142' title='bbox 664 1657 802 1719; x_wconf 85' lang='lat' dir='ltr'><strong>corpora,</strong></span> <span class='ocrx_word' id='word_1_143' title='bbox 833 1641 1059 1702; x_wconf 86' lang='lat' dir='ltr'><strong>convenientius</strong></span> <span class='ocrx_word' id='word_1_144' title='bbox 1083 1640 1144 1703; x_wconf 88' lang='lat' dir='ltr'><strong>fieri</strong></span> <span class='ocrx_word' id='word_1_145' title='bbox 1169 1640 1243 1703; x_wconf 91' lang='lat' dir='ltr'><strong>nihil</strong></span> <span class='ocrx_word' id='word_1_146' title='bbox 1265 1641 1382 1719; x_wconf 90' lang='lat' dir='ltr'><strong>potnit,</strong></span> <span class='ocrx_word' id='word_1_147' title='bbox 1413 1657 1489 1721; x_wconf 85' lang='lat' dir='ltr'><strong>quero</strong></span> 
     </span>
     <span class='ocr_line' id='line_1_16' title="bbox 139 1727 1489 1811; baseline -0.002 -19"><span class='ocrx_word' id='word_1_148' title='bbox 139 1739 171 1792; x_wconf 89' lang='lat' dir='ltr'><strong>ut</strong></span> <span class='ocrx_word' id='word_1_149' title='bbox 186 1729 289 1791; x_wconf 86' lang='lat' dir='ltr'><strong>Tellus</strong></span> <span class='ocrx_word' id='word_1_150' title='bbox 305 1734 418 1803; x_wconf 89' lang='lat' dir='ltr'><strong>nostra,</strong></span> <span class='ocrx_word' id='word_1_151' title='bbox 444 1728 538 1790; x_wconf 90' lang='lat' dir='ltr'><strong>totius</strong></span> <span class='ocrx_word' id='word_1_152' title='bbox 563 1728 663 1789; x_wconf 89' lang='lat' dir='ltr'><strong>mundi</strong></span> <span class='ocrx_word' id='word_1_153' title='bbox 688 1748 803 1790; x_wconf 90' lang='lat' dir='ltr'><strong>summa</strong></span> <span class='ocrx_word' id='word_1_154' title='bbox 826 1737 859 1789; x_wconf 85' lang='lat' dir='ltr'><strong>et</strong></span> <span class='ocrx_word' id='word_1_155' title='bbox 877 1730 1082 1808; x_wconf 80' lang='lat' dir='ltr'><strong>compendium</strong></span> <span class='ocrx_word' id='word_1_156' title='bbox 1106 1738 1197 1811; x_wconf 89' lang='lat' dir='ltr'><strong>atque</strong></span> <span class='ocrx_word' id='word_1_157' title='bbox 1221 1729 1298 1791; x_wconf 90' lang='lat' dir='ltr'><strong>adeo</strong></span> <span class='ocrx_word' id='word_1_158' title='bbox 1323 1727 1489 1810; x_wconf 84' lang='lat' dir='ltr'><strong>dignissime</strong></span> 
     </span>
     <span class='ocr_line' id='line_1_17' title="bbox 139 1816 1487 1899; baseline -0.003 -18"><span class='ocrx_word' id='word_1_159' title='bbox 139 1818 294 1881; x_wconf 84' lang='lat' dir='ltr'><strong>stellarum</strong></span> <span class='ocrx_word' id='word_1_160' title='bbox 319 1816 478 1891; x_wconf 89' lang='lat' dir='ltr'><strong>mobilium,</strong></span> <span class='ocrx_word' id='word_1_161' title='bbox 505 1817 575 1878; x_wconf 90' lang='lat' dir='ltr'><strong>orbe</strong></span> <span class='ocrx_word' id='word_1_162' title='bbox 600 1837 652 1877; x_wconf 89' lang='lat' dir='ltr'><strong>suo</strong></span> <span class='ocrx_word' id='word_1_163' title='bbox 677 1817 755 1878; x_wconf 91' lang='lat' dir='ltr'><strong>inter</strong></span> <span class='ocrx_word' id='word_1_164' title='bbox 769 1817 867 1878; x_wconf 87' lang='lat' dir='ltr'><strong>dictos</strong></span> <span class='ocrx_word' id='word_1_165' title='bbox 883 1818 1002 1881; x_wconf 83' lang='lat' dir='ltr'><strong>ordines</strong></span> <span class='ocrx_word' id='word_1_166' title='bbox 1018 1818 1224 1898; x_wconf 78' lang='lat' dir='ltr'><strong>distingueret,</strong></span> <span class='ocrx_word' id='word_1_167' title='bbox 1251 1818 1409 1899; x_wconf 85' lang='lat' dir='ltr'><strong>locumque</strong></span> <span class='ocrx_word' id='word_1_168' title='bbox 1433 1836 1487 1878; x_wconf 91' lang='lat' dir='ltr'><strong>eun</strong></span> 
     </span>
     <span class='ocr_line' id='line_1_18' title="bbox 138 1906 887 1986; baseline -0.001 -16"><span class='ocrx_word' id='word_1_169' title='bbox 138 1908 309 1979; x_wconf 88' lang='lat' dir='ltr'><strong>sortiretur,</strong></span> <span class='ocrx_word' id='word_1_170' title='bbox 335 1925 421 1986; x_wconf 89' lang='lat' dir='ltr'><strong>quem</strong></span> <span class='ocrx_word' id='word_1_171' title='bbox 446 1907 501 1986; x_wconf 90' lang='lat' dir='ltr'><strong>ipsi</strong></span> <span class='ocrx_word' id='word_1_172' title='bbox 525 1907 661 1986; x_wconf 90' lang='lat' dir='ltr'><strong>superius</strong></span> <span class='ocrx_word' id='word_1_173' title='bbox 686 1906 887 1969; x_wconf 90' lang='lat' dir='ltr'><strong>attribuimus.</strong></span> 
     </span>
    </p>
   </div>
   <div class='ocr_carea' id='block_1_3' title="bbox 725 2142 908 2155">
    <p class='ocr_par' dir='ltr' id='par_1_3' title="bbox 725 2142 908 2155">
     <span class='ocr_line' id='line_1_19' title="bbox 725 2142 908 2155; baseline -0.022 0"><span class='ocrx_word' id='word_1_174' title='bbox 725 2142 865 2155; x_wconf 49' lang='lat' dir='ltr'><strong>m..</strong></span> <span class='ocrx_word' id='word_1_175' title='bbox 875 2145 908 2151; x_wconf 72' lang='grc' dir='ltr'><strong>-ι</strong></span> 
     </span>
    </p>
   </div>
   <div class='ocr_carea' id='block_1_4' title="bbox 711 2312 920 2411">
    <p class='ocr_par' dir='ltr' id='par_1_4' title="bbox 711 2312 920 2411">
     <span class='ocr_line' id='line_1_20' title="bbox 711 2312 920 2411; baseline 0 -26"><span class='ocrx_word' id='word_1_176' title='bbox 711 2312 831 2411; x_wconf 87' lang='lat' dir='ltr'><strong>Caput</strong></span> <span class='ocrx_word' id='word_1_177' title='bbox 858 2312 920 2385; x_wconf 91' lang='lat' dir='ltr'><strong>IV.</strong></span> 
     </span>
    </p>
   </div>
   <div class='ocr_carea' id='block_1_5' title="bbox 266 2434 1380 2555">
    <p class='ocr_par' dir='ltr' id='par_1_5' title="bbox 266 2434 1380 2555">
     <span class='ocr_line' id='line_1_21' title="bbox 266 2434 1380 2555; baseline -0.003 -18"><span class='ocrx_word' id='word_1_178' title='bbox 266 2475 376 2553; x_wconf 79' lang='lat' dir='ltr'><strong>Quare</strong></span> <span class='ocrx_word' id='word_1_179' title='bbox 398 2473 463 2537; x_wconf 85' lang='lat' dir='ltr'><strong>trr&#39;a</strong></span> <span class='ocrx_word' id='word_1_180' title='bbox 487 2491 619 2554; x_wconf 79' lang='lat' dir='ltr'><strong>corpora</strong></span> <span class='ocrx_word' id='word_1_181' title='bbox 646 2471 780 2533; x_wconf 77' lang='lat' dir='ltr'><strong>Terram</strong></span> <span class='ocrx_word' id='word_1_182' title='bbox 803 2472 958 2543; x_wconf 79' lang='lat' dir='ltr'><strong>ambiant,</strong></span> <span class='ocrx_word' id='word_1_183' title='bbox 981 2434 1044 2535; x_wconf 69' lang='lat' dir='ltr'><strong>aaa</strong></span> <span class='ocrx_word' id='word_1_184' title='bbox 1067 2470 1194 2555; x_wconf 72' lang='lat' dir='ltr'><strong>reliqua</strong></span> <span class='ocrx_word' id='word_1_185' title='bbox 1216 2470 1380 2535; x_wconf 70' lang='lat' dir='ltr'><strong>induant?</strong></span> 
     </span>
    </p>
   </div>
   <div class='ocr_carea' id='block_1_6' title="bbox 105 2612 1503 4919">
    <p class='ocr_par' dir='ltr' id='par_1_6' title="bbox 105 2612 1503 4919">
     <span class='ocr_line' id='line_1_22' title="bbox 228 2612 1491 2695; baseline -0.006 -17"><span class='ocrx_word' id='word_1_186' title='bbox 228 2618 339 2678; x_wconf 91' lang='lat' dir='ltr'><strong>Patere</strong></span> <span class='ocrx_word' id='word_1_187' title='bbox 364 2635 456 2691; x_wconf 91' lang='lat' dir='ltr'><strong>nunc,</strong></span> <span class='ocrx_word' id='word_1_188' title='bbox 482 2615 577 2676; x_wconf 90' lang='lat' dir='ltr'><strong>lector</strong></span> <span class='ocrx_word' id='word_1_189' title='bbox 601 2614 792 2694; x_wconf 87' lang='lat' dir='ltr'><strong>aequanime,</strong></span> <span class='ocrx_word' id='word_1_190' title='bbox 817 2621 852 2674; x_wconf 93' lang='lat' dir='ltr'><strong>ut</strong></span> <span class='ocrx_word' id='word_1_191' title='bbox 875 2613 974 2674; x_wconf 90' lang='lat' dir='ltr'><strong>ludam</strong></span> <span class='ocrx_word' id='word_1_192' title='bbox 999 2614 1218 2695; x_wconf 81' lang='lat' dir='ltr'><strong>aliquantisper</strong></span> <span class='ocrx_word' id='word_1_193' title='bbox 1239 2613 1268 2674; x_wconf 90' lang='lat' dir='ltr'><strong>in</strong></span> <span class='ocrx_word' id='word_1_194' title='bbox 1291 2632 1325 2674; x_wconf 91' lang='lat' dir='ltr'><strong>re</strong></span> <span class='ocrx_word' id='word_1_195' title='bbox 1349 2612 1444 2686; x_wconf 89' lang='lat' dir='ltr'><strong>seria,</strong></span> <span class='ocrx_word' id='word_1_196' title='bbox 1464 2618 1491 2671; x_wconf 86' lang='lat' dir='ltr'><strong>et</strong></span> 
     </span>
     <span class='ocr_line' id='line_1_23' title="bbox 140 2694 1492 2785; baseline -0.005 -17"><span class='ocrx_word' id='word_1_197' title='bbox 140 2706 271 2768; x_wconf 91' lang='lat' dir='ltr'><strong>nonnihil</strong></span> <span class='ocrx_word' id='word_1_198' title='bbox 295 2705 448 2785; x_wconf 89' lang='lat' dir='ltr'><strong>allegoriis</strong></span> <span class='ocrx_word' id='word_1_199' title='bbox 473 2704 654 2783; x_wconf 82' lang='lat' dir='ltr'><strong>indulgeam.</strong></span> <span class='ocrx_word' id='word_1_200' title='bbox 701 2694 822 2764; x_wconf 80' lang='lat' dir='ltr'><strong>Etenim</strong></span> <span class='ocrx_word' id='word_1_201' title='bbox 851 2703 989 2765; x_wconf 85' lang='lat' dir='ltr'><strong>existimo</strong></span> <span class='ocrx_word' id='word_1_202' title='bbox 1021 2723 1058 2765; x_wconf 83' lang='lat' dir='ltr'><strong>ex</strong></span> <span class='ocrx_word' id='word_1_203' title='bbox 1086 2722 1185 2766; x_wconf 90' lang='lat' dir='ltr'><strong>amore</strong></span> <span class='ocrx_word' id='word_1_204' title='bbox 1209 2702 1267 2764; x_wconf 91' lang='lat' dir='ltr'><strong>Dei</strong></span> <span class='ocrx_word' id='word_1_205' title='bbox 1297 2700 1492 2764; x_wconf 90' lang='lat' dir='ltr'><strong>inhominem</strong></span> 
     </span>
     <span class='ocr_line' id='line_1_24' title="bbox 140 2791 1491 2873; baseline -0.006 -16"><span class='ocrx_word' id='word_1_206' title='bbox 140 2815 249 2858; x_wconf 92' lang='lat' dir='ltr'><strong>causas</strong></span> <span class='ocrx_word' id='word_1_207' title='bbox 278 2815 375 2857; x_wconf 90' lang='lat' dir='ltr'><strong>rerurn</strong></span> <span class='ocrx_word' id='word_1_208' title='bbox 404 2794 433 2855; x_wconf 89' lang='lat' dir='ltr'><strong>in</strong></span> <span class='ocrx_word' id='word_1_209' title='bbox 462 2795 571 2855; x_wconf 88' lang='lat' dir='ltr'><strong>mundo</strong></span> <span class='ocrx_word' id='word_1_210' title='bbox 600 2792 744 2871; x_wconf 89' lang='lat' dir='ltr'><strong>plurimas</strong></span> <span class='ocrx_word' id='word_1_211' title='bbox 775 2792 881 2853; x_wconf 90' lang='lat' dir='ltr'><strong>deduci</strong></span> <span class='ocrx_word' id='word_1_212' title='bbox 909 2810 1009 2871; x_wconf 89' lang='lat' dir='ltr'><strong>posse.</strong></span> <span class='ocrx_word' id='word_1_213' title='bbox 1058 2792 1149 2854; x_wconf 85' lang='lat' dir='ltr'><strong>Certe</strong></span> <span class='ocrx_word' id='word_1_214' title='bbox 1174 2791 1310 2873; x_wconf 90' lang='lat' dir='ltr'><strong>equidem</strong></span> <span class='ocrx_word' id='word_1_215' title='bbox 1334 2809 1423 2852; x_wconf 86' lang='lat' dir='ltr'><strong>nemo</strong></span> <span class='ocrx_word' id='word_1_216' title='bbox 1444 2807 1491 2851; x_wconf 91' lang='lat' dir='ltr'><strong>ne-</strong></span> 
     </span>
     <span class='ocr_line' id='line_1_25' title="bbox 138 2879 1493 2965; baseline -0.004 -20"><span class='ocrx_word' id='word_1_217' title='bbox 138 2885 237 2965; x_wconf 89' lang='lat' dir='ltr'><strong>gabit,</strong></span> <span class='ocrx_word' id='word_1_218' title='bbox 267 2885 295 2946; x_wconf 92' lang='lat' dir='ltr'><strong>in</strong></span> <span class='ocrx_word' id='word_1_219' title='bbox 325 2882 475 2945; x_wconf 91' lang='lat' dir='ltr'><strong>domicilio</strong></span> <span class='ocrx_word' id='word_1_220' title='bbox 504 2882 605 2944; x_wconf 88' lang='lat' dir='ltr'><strong>mundi</strong></span> <span class='ocrx_word' id='word_1_221' title='bbox 634 2881 805 2942; x_wconf 83' lang='lat' dir='ltr'><strong>exornando</strong></span> <span class='ocrx_word' id='word_1_222' title='bbox 828 2881 926 2941; x_wconf 89' lang='lat' dir='ltr'><strong>Deum</strong></span> <span class='ocrx_word' id='word_1_223' title='bbox 950 2882 988 2942; x_wconf 88' lang='lat' dir='ltr'><strong>ad</strong></span> <span class='ocrx_word' id='word_1_224' title='bbox 1017 2881 1144 2943; x_wconf 88' lang='lat' dir='ltr'><strong>incolam</strong></span> <span class='ocrx_word' id='word_1_225' title='bbox 1175 2884 1305 2943; x_wconf 89' lang='lat' dir='ltr'><strong>futurum</strong></span> <span class='ocrx_word' id='word_1_226' title='bbox 1336 2879 1493 2941; x_wconf 87' lang='lat' dir='ltr'><strong>identidem</strong></span> 
     </span>
     <span class='ocr_line' id='line_1_26' title="bbox 139 2968 1493 3053; baseline -0.005 -17"><span class='ocrx_word' id='word_1_227' title='bbox 139 2974 320 3053; x_wconf 87' lang='lat' dir='ltr'><strong>respexisse.</strong></span> <span class='ocrx_word' id='word_1_228' title='bbox 367 2973 452 3034; x_wconf 87' lang='lat' dir='ltr'><strong>Finis</strong></span> <span class='ocrx_word' id='word_1_229' title='bbox 477 2972 610 3043; x_wconf 86' lang='lat' dir='ltr'><strong>enimet</strong></span> <span class='ocrx_word' id='word_1_230' title='bbox 639 2970 738 3031; x_wconf 88' lang='lat' dir='ltr'><strong>mundi</strong></span> <span class='ocrx_word' id='word_1_231' title='bbox 765 2977 795 3029; x_wconf 89' lang='lat' dir='ltr'><strong>et</strong></span> <span class='ocrx_word' id='word_1_232' title='bbox 824 2970 920 3030; x_wconf 87' lang='lat' dir='ltr'><strong>omnis</strong></span> <span class='ocrx_word' id='word_1_233' title='bbox 948 2970 1109 3032; x_wconf 88' lang='lat' dir='ltr'><strong>creationis</strong></span> <span class='ocrx_word' id='word_1_234' title='bbox 1140 2971 1240 3031; x_wconf 90' lang='lat' dir='ltr'><strong>homo</strong></span> <span class='ocrx_word' id='word_1_235' title='bbox 1269 2979 1328 3031; x_wconf 91' lang='lat' dir='ltr'><strong>est.</strong></span> <span class='ocrx_word' id='word_1_236' title='bbox 1375 2968 1493 3030; x_wconf 83' lang='lat' dir='ltr'><strong>Terram</strong></span> 
     </span>
     <span class='ocr_line' id='line_1_27' title="bbox 139 3056 1494 3142; baseline -0.004 -19"><span class='ocrx_word' id='word_1_237' title='bbox 139 3063 244 3142; x_wconf 83' lang='lat' dir='ltr'><strong>igitur,</strong></span> <span class='ocrx_word' id='word_1_238' title='bbox 271 3082 347 3142; x_wconf 89' lang='lat' dir='ltr'><strong>quae</strong></span> <span class='ocrx_word' id='word_1_239' title='bbox 370 3061 528 3141; x_wconf 83' lang='lat' dir='ltr'><strong>genuinam</strong></span> <span class='ocrx_word' id='word_1_240' title='bbox 555 3058 709 3122; x_wconf 88' lang='lat' dir='ltr'><strong>Creatoris</strong></span> <span class='ocrx_word' id='word_1_241' title='bbox 733 3058 894 3136; x_wconf 84' lang='lat' dir='ltr'><strong>imaginem</strong></span> <span class='ocrx_word' id='word_1_242' title='bbox 917 3059 1026 3121; x_wconf 89' lang='lat' dir='ltr'><strong>datura</strong></span> <span class='ocrx_word' id='word_1_243' title='bbox 1049 3068 1081 3121; x_wconf 92' lang='lat' dir='ltr'><strong>et</strong></span> <span class='ocrx_word' id='word_1_244' title='bbox 1103 3059 1215 3121; x_wconf 87' lang='lat' dir='ltr'><strong>alitura</strong></span> <span class='ocrx_word' id='word_1_245' title='bbox 1237 3066 1334 3132; x_wconf 89' lang='lat' dir='ltr'><strong>esset,</strong></span> <span class='ocrx_word' id='word_1_246' title='bbox 1359 3056 1494 3119; x_wconf 81' lang='lat' dir='ltr'><strong>existimo</strong></span> 
     </span>
     <span class='ocr_line' id='line_1_28' title="bbox 138 3145 1496 3229; baseline -0.003 -17"><span class='ocrx_word' id='word_1_247' title='bbox 138 3152 260 3229; x_wconf 86' lang='lat' dir='ltr'><strong>dignam</strong></span> <span class='ocrx_word' id='word_1_248' title='bbox 284 3149 386 3211; x_wconf 87' lang='lat' dir='ltr'><strong>aDeo</strong></span> <span class='ocrx_word' id='word_1_249' title='bbox 410 3150 566 3222; x_wconf 86' lang='lat' dir='ltr'><strong>censitam,</strong></span> <span class='ocrx_word' id='word_1_250' title='bbox 592 3167 668 3228; x_wconf 89' lang='lat' dir='ltr'><strong>quae</strong></span> <span class='ocrx_word' id='word_1_251' title='bbox 692 3147 864 3209; x_wconf 91' lang='lat' dir='ltr'><strong>circumiret</strong></span> <span class='ocrx_word' id='word_1_252' title='bbox 885 3147 964 3209; x_wconf 91' lang='lat' dir='ltr'><strong>inter</strong></span> <span class='ocrx_word' id='word_1_253' title='bbox 985 3147 1100 3210; x_wconf 91' lang='lat' dir='ltr'><strong>medios</strong></span> <span class='ocrx_word' id='word_1_254' title='bbox 1124 3149 1263 3227; x_wconf 83' lang='lat' dir='ltr'><strong>planetas</strong></span> <span class='ocrx_word' id='word_1_255' title='bbox 1288 3147 1342 3222; x_wconf 89' lang='lat' dir='ltr'><strong>sic,</strong></span> <span class='ocrx_word' id='word_1_256' title='bbox 1368 3153 1403 3207; x_wconf 92' lang='lat' dir='ltr'><strong>nt</strong></span> <span class='ocrx_word' id='word_1_257' title='bbox 1427 3145 1496 3208; x_wconf 88' lang='lat' dir='ltr'><strong>toti·</strong></span> 
     </span>
     <span class='ocr_line' id='line_1_29' title="bbox 140 3234 1497 3316; baseline -0.004 -15"><span class='ocrx_word' id='word_1_258' title='bbox 140 3241 209 3301; x_wconf 91' lang='lat' dir='ltr'><strong>dem</strong></span> <span class='ocrx_word' id='word_1_259' title='bbox 232 3240 285 3300; x_wconf 90' lang='lat' dir='ltr'><strong>illa</strong></span> <span class='ocrx_word' id='word_1_260' title='bbox 308 3239 434 3300; x_wconf 87' lang='lat' dir='ltr'><strong>haberet</strong></span> <span class='ocrx_word' id='word_1_261' title='bbox 458 3238 538 3300; x_wconf 90' lang='lat' dir='ltr'><strong>intra</strong></span> <span class='ocrx_word' id='word_1_262' title='bbox 562 3237 642 3298; x_wconf 92' lang='lat' dir='ltr'><strong>orbis</strong></span> <span class='ocrx_word' id='word_1_263' title='bbox 666 3236 712 3297; x_wconf 89' lang='lat' dir='ltr'><strong>sui</strong></span> <span class='ocrx_word' id='word_1_264' title='bbox 737 3236 931 3315; x_wconf 78' lang='lat' dir='ltr'><strong>complexum,</strong></span> <span class='ocrx_word' id='word_1_265' title='bbox 957 3245 1029 3316; x_wconf 88' lang='lat' dir='ltr'><strong>quot</strong></span> <span class='ocrx_word' id='word_1_266' title='bbox 1052 3245 1140 3298; x_wconf 86' lang='lat' dir='ltr'><strong>extra</strong></span> <span class='ocrx_word' id='word_1_267' title='bbox 1163 3237 1303 3299; x_wconf 90' lang='lat' dir='ltr'><strong>habitura</strong></span> <span class='ocrx_word' id='word_1_268' title='bbox 1328 3244 1424 3299; x_wconf 88' lang='lat' dir='ltr'><strong>esset.</strong></span> <span class='ocrx_word' id='word_1_269' title='bbox 1458 3234 1497 3297; x_wconf 83' lang='lat' dir='ltr'><strong>Ut</strong></span> 
     </span>
     <span class='ocr_line' id='line_1_30' title="bbox 139 3322 1498 3405; baseline -0.004 -15"><span class='ocrx_word' id='word_1_270' title='bbox 139 3329 195 3390; x_wconf 89' lang='lat' dir='ltr'><strong>hoc</strong></span> <span class='ocrx_word' id='word_1_271' title='bbox 219 3327 303 3389; x_wconf 91' lang='lat' dir='ltr'><strong>Deus</strong></span> <span class='ocrx_word' id='word_1_272' title='bbox 326 3328 494 3400; x_wconf 89' lang='lat' dir='ltr'><strong>obtineret,</strong></span> <span class='ocrx_word' id='word_1_273' title='bbox 527 3326 629 3387; x_wconf 90' lang='lat' dir='ltr'><strong>Solem</strong></span> <span class='ocrx_word' id='word_1_274' title='bbox 652 3325 776 3405; x_wconf 90' lang='lat' dir='ltr'><strong>reliquis</strong></span> <span class='ocrx_word' id='word_1_275' title='bbox 800 3322 928 3405; x_wconf 90' lang='lat' dir='ltr'><strong>quinque</strong></span> <span class='ocrx_word' id='word_1_276' title='bbox 952 3325 1051 3387; x_wconf 90' lang='lat' dir='ltr'><strong>stellis</strong></span> <span class='ocrx_word' id='word_1_277' title='bbox 1082 3327 1251 3400; x_wconf 80' lang='lat' dir='ltr'><strong>accensuit,</strong></span> <span class='ocrx_word' id='word_1_278' title='bbox 1283 3324 1425 3404; x_wconf 83' lang='lat' dir='ltr'><strong>quamvis</strong></span> <span class='ocrx_word' id='word_1_279' title='bbox 1452 3323 1498 3385; x_wconf 91' lang='lat' dir='ltr'><strong>ille</strong></span> 
     </span>
     <span class='ocr_line' id='line_1_31' title="bbox 141 3414 1499 3498; baseline -0.004 -19"><span class='ocrx_word' id='word_1_280' title='bbox 141 3425 205 3479; x_wconf 93' lang='lat' dir='ltr'><strong>toto</strong></span> <span class='ocrx_word' id='word_1_281' title='bbox 229 3436 339 3498; x_wconf 89' lang='lat' dir='ltr'><strong>genere</strong></span> <span class='ocrx_word' id='word_1_282' title='bbox 362 3416 557 3497; x_wconf 87' lang='lat' dir='ltr'><strong>discreparet.</strong></span> <span class='ocrx_word' id='word_1_283' title='bbox 592 3416 685 3495; x_wconf 87' lang='lat' dir='ltr'><strong>quue</strong></span> <span class='ocrx_word' id='word_1_284' title='bbox 710 3434 745 3476; x_wconf 91' lang='lat' dir='ltr'><strong>eo</strong></span> <span class='ocrx_word' id='word_1_285' title='bbox 769 3414 865 3492; x_wconf 89' lang='lat' dir='ltr'><strong>magis</strong></span> <span class='ocrx_word' id='word_1_286' title='bbox 885 3432 1047 3476; x_wconf 87' lang='lat' dir='ltr'><strong>consonum</strong></span> <span class='ocrx_word' id='word_1_287' title='bbox 1063 3415 1190 3490; x_wconf 84' lang='lat' dir='ltr'><strong>videtur,</strong></span> <span class='ocrx_word' id='word_1_288' title='bbox 1216 3414 1387 3494; x_wconf 89' lang='lat' dir='ltr'><strong>quodcum</strong></span> <span class='ocrx_word' id='word_1_289' title='bbox 1412 3430 1499 3493; x_wconf 75' lang='lat' dir='ltr'><strong>supra</strong></span> 
     </span>
     <span class='ocr_line' id='line_1_32' title="bbox 140 3500 1499 3585; baseline -0.004 -16"><span class='ocrx_word' id='word_1_290' title='bbox 140 3505 193 3569; x_wconf 88' lang='lat' dir='ltr'><strong>Sol</strong></span> <span class='ocrx_word' id='word_1_291' title='bbox 217 3506 274 3568; x_wconf 91' lang='lat' dir='ltr'><strong>Dei</strong></span> <span class='ocrx_word' id='word_1_292' title='bbox 296 3506 394 3585; x_wconf 86' lang='lat' dir='ltr'><strong>patrie</strong></span> <span class='ocrx_word' id='word_1_293' title='bbox 419 3505 517 3585; x_wconf 82' lang='lat' dir='ltr'><strong>imago</strong></span> <span class='ocrx_word' id='word_1_294' title='bbox 547 3504 654 3579; x_wconf 84' lang='lat' dir='ltr'><strong>fuerit,</strong></span> <span class='ocrx_word' id='word_1_295' title='bbox 688 3504 829 3565; x_wconf 89' lang='lat' dir='ltr'><strong>credibile</strong></span> <span class='ocrx_word' id='word_1_296' title='bbox 863 3510 929 3576; x_wconf 90' lang='lat' dir='ltr'><strong>est,</strong></span> <span class='ocrx_word' id='word_1_297' title='bbox 964 3504 1020 3566; x_wconf 90' lang='lat' dir='ltr'><strong>hac</strong></span> <span class='ocrx_word' id='word_1_298' title='bbox 1050 3504 1253 3565; x_wconf 88' lang='lat' dir='ltr'><strong>associatione</strong></span> <span class='ocrx_word' id='word_1_299' title='bbox 1282 3520 1349 3565; x_wconf 92' lang='lat' dir='ltr'><strong>cum</strong></span> <span class='ocrx_word' id='word_1_300' title='bbox 1379 3500 1499 3583; x_wconf 85' lang='lat' dir='ltr'><strong>reliquis</strong></span> 
     </span>
     <span class='ocr_line' id='line_1_33' title="bbox 139 3590 1499 3675; baseline -0.004 -17"><span class='ocrx_word' id='word_1_301' title='bbox 139 3596 237 3658; x_wconf 89' lang='lat' dir='ltr'><strong>stellis</strong></span> <span class='ocrx_word' id='word_1_302' title='bbox 262 3603 439 3675; x_wconf 86' lang='lat' dir='ltr'><strong>argumenta</strong></span> <span class='ocrx_word' id='word_1_303' title='bbox 461 3602 588 3657; x_wconf 82' lang='lat' dir='ltr'><strong>venturo</strong></span> <span class='ocrx_word' id='word_1_304' title='bbox 612 3594 718 3654; x_wconf 92' lang='lat' dir='ltr'><strong>colono</strong></span> <span class='ocrx_word' id='word_1_305' title='bbox 740 3592 885 3671; x_wconf 91' lang='lat' dir='ltr'><strong>praebere</strong></span> <span class='ocrx_word' id='word_1_306' title='bbox 909 3592 1049 3654; x_wconf 90' lang='lat' dir='ltr'><strong>debuisse</strong></span> <span class='ocrx_word' id='word_1_307' title='bbox 1073 3596 1298 3673; x_wconf 66' lang='lat' dir='ltr'><strong>palardpomrar</strong></span> <span class='ocrx_word' id='word_1_308' title='bbox 1326 3598 1359 3653; x_wconf 88' lang='lat' dir='ltr'><strong>et</strong></span> <span class='ocrx_word' id='word_1_309' title='bbox 1384 3590 1499 3672; x_wconf 69' lang='grc' dir='ltr'><strong><em>ἀνθρω-</em></strong></span> 
     </span>
     <span class='ocr_line' id='line_1_34' title="bbox 139 3678 1500 3765; baseline -0.005 -17"><span class='ocrx_word' id='word_1_310' title='bbox 139 3689 320 3759; x_wconf 77' lang='grc' dir='ltr'><strong><em>ποπαθειας,</em></strong></span> <span class='ocrx_word' id='word_1_311' title='bbox 346 3703 434 3765; x_wconf 88' lang='lat' dir='ltr'><strong>quam</strong></span> <span class='ocrx_word' id='word_1_312' title='bbox 457 3683 540 3745; x_wconf 91' lang='lat' dir='ltr'><strong>Deus</strong></span> <span class='ocrx_word' id='word_1_313' title='bbox 564 3689 760 3762; x_wconf 89' lang='lat' dir='ltr'><strong>usurpaturus</strong></span> <span class='ocrx_word' id='word_1_314' title='bbox 786 3689 852 3743; x_wconf 91' lang='lat' dir='ltr'><strong>erat</strong></span> <span class='ocrx_word' id='word_1_315' title='bbox 877 3699 950 3759; x_wconf 87' lang='lat' dir='ltr'><strong>erga</strong></span> <span class='ocrx_word' id='word_1_316' title='bbox 967 3681 1112 3757; x_wconf 87' lang='lat' dir='ltr'><strong>homines,</strong></span> <span class='ocrx_word' id='word_1_317' title='bbox 1138 3683 1175 3742; x_wconf 89' lang='lat' dir='ltr'><strong>ad</strong></span> <span class='ocrx_word' id='word_1_318' title='bbox 1195 3680 1394 3744; x_wconf 87' lang='lat' dir='ltr'><strong>domesticam</strong></span> <span class='ocrx_word' id='word_1_319' title='bbox 1412 3678 1500 3743; x_wconf 88' lang='lat' dir='ltr'><strong>fami·</strong></span> 
     </span>
     <span class='ocr_line' id='line_1_35' title="bbox 105 3768 1500 3855; baseline -0.006 -18"><span class='ocrx_word' id='word_1_320' title='bbox 105 3775 304 3837; x_wconf 86' lang='lat' dir='ltr'><strong>&#39;liaritatem</strong></span> <span class='ocrx_word' id='word_1_321' title='bbox 329 3793 422 3855; x_wconf 87' lang='lat' dir='ltr'><strong>nsque</strong></span> <span class='ocrx_word' id='word_1_322' title='bbox 446 3792 514 3834; x_wconf 88' lang='lat' dir='ltr'><strong>sese</strong></span> <span class='ocrx_word' id='word_1_323' title='bbox 539 3772 712 3833; x_wconf 88' lang='lat' dir='ltr'><strong>demittens.</strong></span> <span class='ocrx_word' id='word_1_324' title='bbox 759 3770 837 3831; x_wconf 85' lang='lat' dir='ltr'><strong>Nam</strong></span> <span class='ocrx_word' id='word_1_325' title='bbox 869 3770 898 3829; x_wconf 90' lang='lat' dir='ltr'><strong>in</strong></span> <span class='ocrx_word' id='word_1_326' title='bbox 927 3770 1023 3832; x_wconf 88' lang='lat' dir='ltr'><strong>veteri</strong></span> <span class='ocrx_word' id='word_1_327' title='bbox 1047 3771 1242 3833; x_wconf 83' lang='lat' dir='ltr'><strong>Testamenta</strong></span> <span class='ocrx_word' id='word_1_328' title='bbox 1273 3770 1449 3849; x_wconf 88' lang='lat' dir='ltr'><strong>frequenter</strong></span> <span class='ocrx_word' id='word_1_329' title='bbox 1473 3768 1500 3831; x_wconf 92' lang='lat' dir='ltr'><strong>in</strong></span> 
     </span>
     <span class='ocr_line' id='line_1_36' title="bbox 141 3856 1501 3934; baseline -0.004 -9"><span class='ocrx_word' id='word_1_330' title='bbox 141 3883 294 3925; x_wconf 90' lang='lat' dir='ltr'><strong>numerum</strong></span> <span class='ocrx_word' id='word_1_331' title='bbox 318 3862 469 3925; x_wconf 88' lang='lat' dir='ltr'><strong>hominum</strong></span> <span class='ocrx_word' id='word_1_332' title='bbox 497 3862 594 3934; x_wconf 82' lang='lat' dir='ltr'><strong>venit,</strong></span> <span class='ocrx_word' id='word_1_333' title='bbox 625 3869 658 3921; x_wconf 89' lang='lat' dir='ltr'><strong>et</strong></span> <span class='ocrx_word' id='word_1_334' title='bbox 680 3859 847 3921; x_wconf 86' lang='lat' dir='ltr'><strong>Abrahami</strong></span> <span class='ocrx_word' id='word_1_335' title='bbox 872 3859 985 3920; x_wconf 88' lang='lat' dir='ltr'><strong>amicus</strong></span> <span class='ocrx_word' id='word_1_336' title='bbox 1013 3860 1117 3921; x_wconf 90' lang='lat' dir='ltr'><strong>audire</strong></span> <span class='ocrx_word' id='word_1_337' title='bbox 1146 3860 1255 3931; x_wconf 90' lang='lat' dir='ltr'><strong>voluit,</strong></span> <span class='ocrx_word' id='word_1_338' title='bbox 1283 3858 1376 3920; x_wconf 90' lang='lat' dir='ltr'><strong>sicuti</strong></span> <span class='ocrx_word' id='word_1_339' title='bbox 1400 3856 1501 3920; x_wconf 86' lang='lat' dir='ltr'><strong>Solem</strong></span> 
     </span>
     <span class='ocr_line' id='line_1_37' title="bbox 141 3946 1500 4020; baseline -0.002 -8"><span class='ocrx_word' id='word_1_340' title='bbox 141 3952 278 4014; x_wconf 90' lang='lat' dir='ltr'><strong>videmus</strong></span> <span class='ocrx_word' id='word_1_341' title='bbox 302 3952 331 4013; x_wconf 92' lang='lat' dir='ltr'><strong>in</strong></span> <span class='ocrx_word' id='word_1_342' title='bbox 356 3970 508 4014; x_wconf 90' lang='lat' dir='ltr'><strong>numerum</strong></span> <span class='ocrx_word' id='word_1_343' title='bbox 533 3949 685 4012; x_wconf 89' lang='lat' dir='ltr'><strong>mobilium</strong></span> <span class='ocrx_word' id='word_1_344' title='bbox 708 3949 820 4009; x_wconf 89' lang='lat' dir='ltr'><strong>venire.</strong></span> <span class='ocrx_word' id='word_1_345' title='bbox 864 3946 940 4009; x_wconf 88' lang='lat' dir='ltr'><strong>Cum</strong></span> <span class='ocrx_word' id='word_1_346' title='bbox 964 3956 1064 4009; x_wconf 90' lang='lat' dir='ltr'><strong>autem</strong></span> <span class='ocrx_word' id='word_1_347' title='bbox 1090 3947 1143 4011; x_wconf 88' lang='lat' dir='ltr'><strong>Sol</strong></span> <span class='ocrx_word' id='word_1_348' title='bbox 1169 3969 1187 4010; x_wconf 91' lang='lat' dir='ltr'><strong>a</strong></span> <span class='ocrx_word' id='word_1_349' title='bbox 1210 3949 1304 4010; x_wconf 87' lang='lat' dir='ltr'><strong>Terra</strong></span> <span class='ocrx_word' id='word_1_350' title='bbox 1327 3946 1500 4020; x_wconf 80' lang='lat' dir='ltr'><strong>ambiretur,</strong></span> 
     </span>
     <span class='ocr_line' id='line_1_38' title="bbox 142 4036 1501 4122; baseline -0.004 -20"><span class='ocrx_word' id='word_1_351' title='bbox 142 4041 263 4122; x_wconf 90' lang='lat' dir='ltr'><strong>positis,</strong></span> <span class='ocrx_word' id='word_1_352' title='bbox 288 4059 364 4121; x_wconf 89' lang='lat' dir='ltr'><strong>quae</strong></span> <span class='ocrx_word' id='word_1_353' title='bbox 388 4040 470 4101; x_wconf 91' lang='lat' dir='ltr'><strong>dicta</strong></span> <span class='ocrx_word' id='word_1_354' title='bbox 494 4047 579 4113; x_wconf 88' lang='lat' dir='ltr'><strong>sunt,</strong></span> <span class='ocrx_word' id='word_1_355' title='bbox 605 4037 776 4100; x_wconf 89' lang='lat' dir='ltr'><strong>necessario</strong></span> <span class='ocrx_word' id='word_1_356' title='bbox 801 4036 852 4098; x_wconf 89' lang='lat' dir='ltr'><strong>ille</strong></span> <span class='ocrx_word' id='word_1_357' title='bbox 876 4037 949 4097; x_wconf 90' lang='lat' dir='ltr'><strong>ordo</strong></span> <span class='ocrx_word' id='word_1_358' title='bbox 973 4055 1128 4117; x_wconf 90' lang='lat' dir='ltr'><strong>corporum</strong></span> <span class='ocrx_word' id='word_1_359' title='bbox 1154 4038 1233 4099; x_wconf 88' lang='lat' dir='ltr'><strong>intra</strong></span> <span class='ocrx_word' id='word_1_360' title='bbox 1256 4037 1382 4099; x_wconf 87' lang='lat' dir='ltr'><strong>&#39;ferram</strong></span> <span class='ocrx_word' id='word_1_361' title='bbox 1404 4036 1501 4099; x_wconf 86' lang='lat' dir='ltr'><strong>inclu-</strong></span> 
     </span>
     <span class='ocr_line' id='line_1_39' title="bbox 140 4124 1501 4208; baseline -0.002 -17"><span class='ocrx_word' id='word_1_362' title='bbox 140 4129 256 4191; x_wconf 86' lang='lat' dir='ltr'><strong>dendus</strong></span> <span class='ocrx_word' id='word_1_363' title='bbox 280 4128 351 4203; x_wconf 90' lang='lat' dir='ltr'><strong>fuit,</strong></span> <span class='ocrx_word' id='word_1_364' title='bbox 381 4128 429 4208; x_wconf 91' lang='lat' dir='ltr'><strong>qui</strong></span> <span class='ocrx_word' id='word_1_365' title='bbox 454 4128 512 4189; x_wconf 89' lang='lat' dir='ltr'><strong>duo</strong></span> <span class='ocrx_word' id='word_1_366' title='bbox 536 4127 645 4189; x_wconf 90' lang='lat' dir='ltr'><strong>saltem</strong></span> <span class='ocrx_word' id='word_1_367' title='bbox 673 4126 902 4205; x_wconf 87' lang='lat' dir='ltr'><strong>complectitur:</strong></span> <span class='ocrx_word' id='word_1_368' title='bbox 937 4145 1042 4206; x_wconf 93' lang='lat' dir='ltr'><strong>nempe</strong></span> <span class='ocrx_word' id='word_1_369' title='bbox 1066 4135 1100 4188; x_wconf 90' lang='lat' dir='ltr'><strong>ut</strong></span> <span class='ocrx_word' id='word_1_370' title='bbox 1122 4126 1246 4189; x_wconf 89' lang='lat' dir='ltr'><strong>mobilia</strong></span> <span class='ocrx_word' id='word_1_371' title='bbox 1269 4126 1328 4187; x_wconf 90' lang='lat' dir='ltr'><strong>duo</strong></span> <span class='ocrx_word' id='word_1_372' title='bbox 1351 4144 1422 4188; x_wconf 86' lang='lat' dir='ltr'><strong>cum</strong></span> <span class='ocrx_word' id='word_1_373' title='bbox 1444 4124 1501 4188; x_wconf 89' lang='lat' dir='ltr'><strong>im-</strong></span> 
     </span>
     <span class='ocr_line' id='line_1_40' title="bbox 141 4212 1502 4299; baseline -0.004 -19"><span class='ocrx_word' id='word_1_374' title='bbox 141 4218 242 4280; x_wconf 88' lang='lat' dir='ltr'><strong>mobili</strong></span> <span class='ocrx_word' id='word_1_375' title='bbox 266 4215 339 4279; x_wconf 85' lang='lat' dir='ltr'><strong>Sole</strong></span> <span class='ocrx_word' id='word_1_376' title='bbox 363 4217 488 4278; x_wconf 88' lang='lat' dir='ltr'><strong>eundern</strong></span> <span class='ocrx_word' id='word_1_377' title='bbox 518 4218 668 4277; x_wconf 90' lang='lat' dir='ltr'><strong>efficerent</strong></span> <span class='ocrx_word' id='word_1_378' title='bbox 695 4234 846 4276; x_wconf 91' lang='lat' dir='ltr'><strong>numerum</strong></span> <span class='ocrx_word' id='word_1_379' title='bbox 876 4216 1057 4290; x_wconf 88' lang='lat' dir='ltr'><strong>ternarium,</strong></span> <span class='ocrx_word' id='word_1_380' title='bbox 1092 4215 1142 4295; x_wconf 87' lang='lat' dir='ltr'><strong>qui</strong></span> <span class='ocrx_word' id='word_1_381' title='bbox 1170 4223 1218 4299; x_wconf 80' lang='lat' dir='ltr'><strong>est</strong></span> <span class='ocrx_word' id='word_1_382' title='bbox 1244 4214 1274 4276; x_wconf 92' lang='lat' dir='ltr'><strong>in</strong></span> <span class='ocrx_word' id='word_1_383' title='bbox 1303 4214 1438 4278; x_wconf 83' lang='lat' dir='ltr'><strong>exclusis</strong></span> <span class='ocrx_word' id='word_1_384' title='bbox 1465 4212 1502 4275; x_wconf 78' lang='lat' dir='ltr'><strong>ab</strong></span> 
     </span>
     <span class='ocr_line' id='line_1_41' title="bbox 140 4303 1502 4384; baseline -0.002 -16"><span class='ocrx_word' id='word_1_385' title='bbox 140 4307 211 4369; x_wconf 91' lang='lat' dir='ltr'><strong>orbe</strong></span> <span class='ocrx_word' id='word_1_386' title='bbox 235 4307 356 4368; x_wconf 88' lang='lat' dir='ltr'><strong>Terrae.</strong></span> <span class='ocrx_word' id='word_1_387' title='bbox 404 4304 456 4367; x_wconf 90' lang='lat' dir='ltr'><strong>Sic</strong></span> <span class='ocrx_word' id='word_1_388' title='bbox 487 4304 596 4384; x_wconf 88' lang='lat' dir='ltr'><strong>igitur,</strong></span> <span class='ocrx_word' id='word_1_389' title='bbox 631 4305 717 4366; x_wconf 88' lang='lat' dir='ltr'><strong>Luna</strong></span> <span class='ocrx_word' id='word_1_390' title='bbox 748 4305 927 4384; x_wconf 90' lang='lat' dir='ltr'><strong>praesertim</strong></span> <span class='ocrx_word' id='word_1_391' title='bbox 951 4306 1076 4366; x_wconf 90' lang='lat' dir='ltr'><strong>Terram</strong></span> <span class='ocrx_word' id='word_1_392' title='bbox 1107 4305 1285 4378; x_wconf 89' lang='lat' dir='ltr'><strong>ambeunte,</strong></span> <span class='ocrx_word' id='word_1_393' title='bbox 1319 4303 1502 4367; x_wconf 87' lang='lat' dir='ltr'><strong>domicilium</strong></span> 
     </span>
     <span class='ocr_line' id='line_1_42' title="bbox 140 4390 1503 4475; baseline -0.003 -18"><span class='ocrx_word' id='word_1_394' title='bbox 140 4405 273 4458; x_wconf 90' lang='lat' dir='ltr'><strong>nostrum</strong></span> <span class='ocrx_word' id='word_1_395' title='bbox 298 4394 427 4475; x_wconf 86' lang='lat' dir='ltr'><strong>optimus</strong></span> <span class='ocrx_word' id='word_1_396' title='bbox 452 4393 580 4457; x_wconf 86' lang='lat' dir='ltr'><strong>Creator</strong></span> <span class='ocrx_word' id='word_1_397' title='bbox 603 4394 632 4454; x_wconf 88' lang='lat' dir='ltr'><strong>in</strong></span> <span class='ocrx_word' id='word_1_398' title='bbox 661 4394 758 4455; x_wconf 88' lang='lat' dir='ltr'><strong>medio</strong></span> <span class='ocrx_word' id='word_1_399' title='bbox 787 4400 904 4471; x_wconf 92' lang='lat' dir='ltr'><strong>septem</strong></span> <span class='ocrx_word' id='word_1_400' title='bbox 932 4394 1122 4472; x_wconf 89' lang='lat' dir='ltr'><strong>planetamm</strong></span> <span class='ocrx_word' id='word_1_401' title='bbox 1153 4393 1324 4455; x_wconf 86' lang='lat' dir='ltr'><strong>collocavit.</strong></span> <span class='ocrx_word' id='word_1_402' title='bbox 1372 4390 1503 4456; x_wconf 86' lang='lat' dir='ltr'><strong>Namei</strong></span> 
     </span>
     <span class='ocr_line' id='line_1_43' title="bbox 140 4480 1502 4565; baseline -0.002 -17"><span class='ocrx_word' id='word_1_403' title='bbox 140 4486 230 4548; x_wconf 92' lang='lat' dir='ltr'><strong>trium</strong></span> <span class='ocrx_word' id='word_1_404' title='bbox 251 4484 430 4565; x_wconf 88' lang='lat' dir='ltr'><strong>reliquorum</strong></span> <span class='ocrx_word' id='word_1_405' title='bbox 454 4483 525 4545; x_wconf 90' lang='lat' dir='ltr'><strong>ordo</strong></span> <span class='ocrx_word' id='word_1_406' title='bbox 557 4483 596 4544; x_wconf 92' lang='lat' dir='ltr'><strong>ad</strong></span> <span class='ocrx_word' id='word_1_407' title='bbox 619 4480 721 4544; x_wconf 89' lang='lat' dir='ltr'><strong>Solem</strong></span> <span class='ocrx_word' id='word_1_408' title='bbox 752 4482 953 4557; x_wconf 89' lang='lat' dir='ltr'><strong>accessisset,</strong></span> <span class='ocrx_word' id='word_1_409' title='bbox 989 4482 1119 4544; x_wconf 87' lang='lat' dir='ltr'><strong>fuissent</strong></span> <span class='ocrx_word' id='word_1_410' title='bbox 1150 4482 1242 4562; x_wconf 88' lang='lat' dir='ltr'><strong>igitur</strong></span> <span class='ocrx_word' id='word_1_411' title='bbox 1271 4481 1353 4543; x_wconf 85' lang='lat' dir='ltr'><strong>intra</strong></span> <span class='ocrx_word' id='word_1_412' title='bbox 1376 4482 1502 4545; x_wconf 77' lang='lat' dir='ltr'><strong>Terram</strong></span> 
     </span>
     <span class='ocr_line' id='line_1_44' title="bbox 140 4566 1502 4653; baseline -0.004 -17"><span class='ocrx_word' id='word_1_413' title='bbox 140 4594 207 4636; x_wconf 87' lang='lat' dir='ltr'><strong>cum</strong></span> <span class='ocrx_word' id='word_1_414' title='bbox 230 4572 302 4635; x_wconf 87' lang='lat' dir='ltr'><strong>Sole</strong></span> <span class='ocrx_word' id='word_1_415' title='bbox 326 4583 454 4653; x_wconf 89' lang='lat' dir='ltr'><strong>quatuor</strong></span> <span class='ocrx_word' id='word_1_416' title='bbox 482 4572 609 4646; x_wconf 88' lang='lat' dir='ltr'><strong>stellae,</strong></span> <span class='ocrx_word' id='word_1_417' title='bbox 645 4573 722 4633; x_wconf 90' lang='lat' dir='ltr'><strong>duae</strong></span> <span class='ocrx_word' id='word_1_418' title='bbox 750 4590 821 4633; x_wconf 91' lang='lat' dir='ltr'><strong>vero</strong></span> <span class='ocrx_word' id='word_1_419' title='bbox 850 4578 968 4631; x_wconf 91' lang='lat' dir='ltr'><strong>tantum</strong></span> <span class='ocrx_word' id='word_1_420' title='bbox 999 4579 1096 4633; x_wconf 86' lang='lat' dir='ltr'><strong>extra.</strong></span> <span class='ocrx_word' id='word_1_421' title='bbox 1144 4569 1231 4642; x_wconf 84' lang='lat' dir='ltr'><strong>Quae</strong></span> <span class='ocrx_word' id='word_1_422' title='bbox 1255 4570 1371 4632; x_wconf 91' lang='lat' dir='ltr'><strong>numeri</strong></span> <span class='ocrx_word' id='word_1_423' title='bbox 1395 4566 1502 4644; x_wconf 57' lang='lat' dir='ltr'><strong>drabe</strong></span> 
     </span>
     <span class='ocr_line' id='line_1_45' title="bbox 140 4657 1500 4740; baseline -0.002 -16"><span class='ocrx_word' id='word_1_424' title='bbox 140 4681 208 4724; x_wconf 90' lang='lat' dir='ltr'><strong>cum</strong></span> <span class='ocrx_word' id='word_1_425' title='bbox 229 4662 346 4724; x_wconf 89' lang='lat' dir='ltr'><strong>ratione</strong></span> <span class='ocrx_word' id='word_1_426' title='bbox 375 4668 497 4736; x_wconf 90' lang='lat' dir='ltr'><strong>careat,</strong></span> <span class='ocrx_word' id='word_1_427' title='bbox 529 4662 644 4723; x_wconf 88' lang='lat' dir='ltr'><strong>omissa</strong></span> <span class='ocrx_word' id='word_1_428' title='bbox 672 4669 720 4722; x_wconf 89' lang='lat' dir='ltr'><strong>est</strong></span> <span class='ocrx_word' id='word_1_429' title='bbox 743 4681 762 4720; x_wconf 92' lang='lat' dir='ltr'><strong>a</strong></span> <span class='ocrx_word' id='word_1_430' title='bbox 786 4657 942 4722; x_wconf 82' lang='lat' dir='ltr'><strong>Creatore.</strong></span> <span class='ocrx_word' id='word_1_431' title='bbox 990 4657 1065 4721; x_wconf 84' lang='lat' dir='ltr'><strong>Cum</strong></span> <span class='ocrx_word' id='word_1_432' title='bbox 1089 4660 1162 4721; x_wconf 91' lang='lat' dir='ltr'><strong>item</strong></span> <span class='ocrx_word' id='word_1_433' title='bbox 1186 4660 1340 4721; x_wconf 90' lang='lat' dir='ltr'><strong>continere</strong></span> <span class='ocrx_word' id='word_1_434' title='bbox 1363 4659 1410 4720; x_wconf 88' lang='lat' dir='ltr'><strong>sit</strong></span> <span class='ocrx_word' id='word_1_435' title='bbox 1430 4677 1500 4740; x_wconf 90' lang='lat' dir='ltr'><strong>per·</strong></span> 
     </span>
     <span class='ocr_line' id='line_1_46' title="bbox 140 4749 1501 4830; baseline -0.004 -16"><span class='ocrx_word' id='word_1_436' title='bbox 140 4750 285 4827; x_wconf 90' lang='lat' dir='ltr'><strong>fectioris,</strong></span> <span class='ocrx_word' id='word_1_437' title='bbox 306 4751 444 4821; x_wconf 87' lang='lat' dir='ltr'><strong>utactio,</strong></span> <span class='ocrx_word' id='word_1_438' title='bbox 464 4750 608 4812; x_wconf 89' lang='lat' dir='ltr'><strong>contineri</strong></span> <span class='ocrx_word' id='word_1_439' title='bbox 628 4757 663 4811; x_wconf 90' lang='lat' dir='ltr'><strong>ut</strong></span> <span class='ocrx_word' id='word_1_440' title='bbox 682 4749 785 4830; x_wconf 87' lang='lat' dir='ltr'><strong>passio</strong></span> <span class='ocrx_word' id='word_1_441' title='bbox 809 4749 1048 4827; x_wconf 88' lang='lat' dir='ltr'><strong>imperfectioris,</strong></span> <span class='ocrx_word' id='word_1_442' title='bbox 1071 4749 1216 4828; x_wconf 88' lang='lat' dir='ltr'><strong>primaria</strong></span> <span class='ocrx_word' id='word_1_443' title='bbox 1229 4766 1301 4809; x_wconf 90' lang='lat' dir='ltr'><strong>vero</strong></span> <span class='ocrx_word' id='word_1_444' title='bbox 1319 4749 1501 4828; x_wconf 80' lang='lat' dir='ltr'><strong>perfectiora</strong></span> 
     </span>
     <span class='ocr_line' id='line_1_47' title="bbox 139 4837 1500 4919; baseline -0.003 -14"><span class='ocrx_word' id='word_1_445' title='bbox 139 4841 201 4907; x_wconf 88' lang='lat' dir='ltr'><strong>sint</strong></span> <span class='ocrx_word' id='word_1_446' title='bbox 223 4839 342 4917; x_wconf 86' lang='lat' dir='ltr'><strong>ceteris,</strong></span> <span class='ocrx_word' id='word_1_447' title='bbox 366 4839 515 4915; x_wconf 88' lang='lat' dir='ltr'><strong>convenit,</strong></span> <span class='ocrx_word' id='word_1_448' title='bbox 540 4846 574 4904; x_wconf 93' lang='lat' dir='ltr'><strong>ut</strong></span> <span class='ocrx_word' id='word_1_449' title='bbox 596 4838 687 4903; x_wconf 89' lang='lat' dir='ltr'><strong>trium</strong></span> <span class='ocrx_word' id='word_1_450' title='bbox 706 4839 778 4901; x_wconf 89' lang='lat' dir='ltr'><strong>ordo</strong></span> <span class='ocrx_word' id='word_1_451' title='bbox 793 4837 962 4900; x_wconf 91' lang='lat' dir='ltr'><strong>contineret</strong></span> <span class='ocrx_word' id='word_1_452' title='bbox 976 4839 1110 4916; x_wconf 88' lang='lat' dir='ltr'><strong>Terram,</strong></span> <span class='ocrx_word' id='word_1_453' title='bbox 1135 4838 1252 4919; x_wconf 88' lang='lat' dir='ltr'><strong>reliqna</strong></span> <span class='ocrx_word' id='word_1_454' title='bbox 1274 4838 1500 4901; x_wconf 83' lang='lat' dir='ltr'><strong>continerentur</strong></span> 
     </span>
    </p>
   </div>
   <div class='ocr_carea' id='block_1_7' title="bbox 0 0 1649 5542">
    <p class='ocr_par' dir='ltr' id='par_1_7' title="bbox 0 0 1649 5542">
     <span class='ocr_line' id='line_1_48' title="bbox 0 0 1649 5542; baseline 0 0"><span class='ocrx_word' id='word_1_455' title='bbox 0 0 1649 5542; x_wconf 95' lang='lat' dir='ltr'><strong> </strong></span> 
     </span>
    </p>
   </div>
  </div>
 </body>
</html>
