3278 5542
143 315 208 382 202
601 315 631 365 12
649 315 794 379 1132122122
814 316 1047 382 Cosmograplsieum

142 481 207 535 lnde
223 479 241 533 2
256 479 434 548 imperfectae
456 477 518 550 59
538 479 588 534 dra
607 497 694 552 rpsmr
713 480 789 541 dura,
814 478 870 547 91
889 478 1041 552 diasprum
1061 477 1167 532 mollia:
1189 477 1275 546 plane
1295 480 1331 531 ut
1351 483 1384 530 et
1402 475 1432 530 in
1451 492 1502 530 eor·

142 560 255 631 poribus
277 559 447 614 interlocutis
469 559 611 612 discrimen
634 568 685 613 331.
728 558 782 612 Sed
804 576 856 612 non
878 566 947 628 puto
976 559 1024 613 tibi
1054 559 1118 629 plus
1145 556 1314 627 placituram
1339 558 1417 610 12223
1435 557 1501 611 auri·

143 640 263 693 cularem
284 639 468 701 harmoniam,
496 639 618 709 quamvis
639 654 866 712 μουσικωτεραν,
896 655 976 709 quam
998 638 1075 692 illam
1097 636 1325 699 astronomicam,
1350 636 1403 690 ubi
1424 652 1501 706 propo

143 736 269 774 numeros
291 718 492 788 Cepernicenos
514 719 631 772 venitur.
674 719 727 772 Sed
756 727 847 772 tamen
874 719 992 788 plurium
1018 716 1273 772 concordantiarum
1300 715 1425 771 13212113
1445 733 1500 769 con·

141 799 217 853 ducit
236 817 278 862 32,
300 806 332 852 21
352 797 499 861 indicetur,
523 816 605 869 quam
626 800 679 852 cito
701 799 799 870 ingens
821 800 884 868 quid
904 807 1035 868 peccetur
1055 799 1083 852 12
1104 796 1281 858 astronomia.
1305 795 1330 849 si
1350 812 1407 849 232
1427 793 1501 864 ipsis-

141 879 210 933 sima
230 879 375 932 harmonia
395 879 533 932 coelerum
549 887 714 933 assumatur.
744 879 789 932 Ex
812 896 845 932 eo
865 879 954 948 liquet
974 875 1154 947 postmodum,
1177 892 1257 946 quam
1276 875 1350 929 baec
1363 874 1501 929 harmonia

107 970 113 980 ·
141 958 296 1029 propinqua
316 959 353 1012 311
374 959 534 1029 Copernicc.
578 959 647 1021 Quid
669 966 699 1012 tu
716 958 796 1026 jam?
838 960 934 1013 Nonne
955 959 1078 1011 videmur
1102 957 1181 1011 nobis
1209 955 1438 1009 ecooutricitaso·
1457 954 1500 1009 122·

140 1040 226 1092 bere?
256 1039 374 1093 Praesto
395 1046 460 1092 sunt
480 1038 630 1093 distantiae
650 1040 765 1101 mediae,
788 1047 853 1092 sunt
874 1045 904 1092 et
924 1038 1062 1092 cavitates
1082 1038 1155 1091 inter
1172 1036 1251 1090 binos
1266 1035 1349 1088 orbes
1365 1033 1499 1105 cognitae.

141 1121 211 1189 quod
232 1118 311 1173 nobis
332 1118 508 1188 relinquitur,
538 1119 609 1173 inter
635 1120 716 1173 orbes
738 1119 816 1172 binos
837 1118 939 1171 vicinos
965 1117 1160 1171 distribuamus
1181 1133 1231 1185 pro
1252 1131 1348 1169 eorum
1369 1112 1499 1169 1222221113.

140 1199 257 1252 'lentari
279 1214 349 1260 rem,
380 1200 427 1250 sed
454 1198 548 1252 videor
569 1199 673 1252 habere
695 1215 774 1252 avem
795 1200 846 1252 sub
868 1199 965 1267 capaci
986 1198 1082 1252 modio.
1124 1196 1252 1264 Propone
1273 1193 1325 1247 tibi
1347 1194 1436 1247 etiam
1453 1193 1498 1247 bar

141 1285 198 1331 tres
219 1277 428 1331 concordantias
449 1278 661 1343 examinandas,
690 1296 805 1349 quarum
827 1278 937 1332 tertiam
959 1277 1053 1333 musici
1075 1275 1194 1331 maxime
1216 1273 1409 1344 probaverint.
1450 1274 1497 1329 12-

140 1358 207 1412 meri
228 1357 271 1421 hi,

194 1569 345 1639 inprime:
406 1558 920 1633 52m213556598510.
1030 1427 1336 1719 {Pis-³35³:

193 1649 220 1702 in
241 1650 376 1703 secunda:
436 1648 462 1711 3,
522 1648 548 1710 4,
611 1651 637 1711 6,
700 1648 727 1710 8,
774 1649 816 1711 10,
876 1649 920 1702 12.

194 1728 345 1783 insertio:
433 1729 460 1793 2,
521 1728 547 1791 3,
609 1730 637 1791 4,
700 1728 726 1791 5,
790 1723 816 1791 6,
892 1729 920 1784 8.

219 2005 324 2057 Horum
344 2004 482 2057 modorum
504 2004 639 2056 secundus
661 2019 720 2056 cum
735 2004 813 2056 modo
828 2004 926 2072 posito,
949 2005 1049 2058 tertius
1064 2020 1124 2059 cum
1138 2003 1187 2058 1112
1201 2004 1298 2074 primo,
1320 2018 1404 2074 quem
1417 2001 1497 2055 solum

138 2099 193 2155 ego
214 2084 315 2153 probo,
346 2084 539 2153 cognationem
568 2083 668 2143 habet,
701 2083 843 2153 solumque
872 2083 897 2135 in
925 2080 982 2143 tlt
1010 2089 1100 2139 mutat
1127 2082 1274 2138 dist-antias
1296 2081 1411 2138 medias.
1450 2080 1498 2136 Sed

139 2164 257 2217 scribam
278 2170 371 2217 tamen
393 2163 467 2232 ipsos
489 2163 573 2216 211222
595 2178 741 2216 numeros:

178 2330 262 2379 Trium
282 2331 381 2393 primus
468 2326 605 2378 Secundus.
656 2283 660 2369 i
705 2293 885 2430 cogas
867 2284 886 2439 »Ι
944 2331 1049 2381 Tm„
1126 2295 1318 2429 malma
1368 2291 1475 2427 :offla

185 2453 267 2508 32.
284 2454 381 2509 23323
466 2452 627 2508 322432
711 2453 884 2540 amere¹
917 2456 1111 2517 2222223
1162 2453 1301 2509 322322
1369 2454 1467 2509 32343

177 2532 200 2594 1
241 2533 381 2589 332323
466 2535 492 2588 4.
529 2532 659 2595 32333
710 2500 884 2589 3142423
882 2538 943 2593 3.
981 2498 1111 2615 222321
1162 2533 1304 2590 242443
1369 2533 1467 2590 32233

178 2609 381 2672 3323323
465 2612 659 2666 3..24132
711 2614 884 2684 322232
916 2618 942 2669 4.
984 2616 1111 2681 23322,
1161 2611 1303 2669 323342
1372 2612 1467 2668 23233

180 2685 381 2758 3323333
465 2690 492 2747 2.
531 2675 659 2769 233331
710 2693 884 2748 223333
916 2696 942 2750 3
982 2697 1077 2750 23333
1146 2696 1189 2749 ιο
1208 2694 1304 2749 23333
1371 2693 1467 2748 23333

180 2764 267 2834 92.
303 2772 415 2828 2232
449 2771 492 2824 23.
549 2771 736 2849 2223123.
774 2771 943 2863 arseio.
1000 2775 1074 2831 232ι
1145 2775 1189 2828 22.
1226 2771 1301 2828 2322
1390 2772 1468 2827 2233

179 2844 267 2913 ero.
304 2853 414 2907 4323
412 2848 491 2904 ι2.
548 2851 659 2912 33242
692 2853 736 2906 22
773 2852 884 2913 3324
917 2854 1111 2922 23233
1146 2855 1189 2908 23.
1225 2852 1303 2908 3233
1390 2851 1467 2908 3333

208 2947 297 2997 Nullus
315 2948 414 3012 propius
434 2946 467 2996 21
480 2945 642 3010 (1332213222
661 2948 767 3005 accedit,
787 2962 861 3011 qnam
880 2904 988 2998 ultimus.
1018 2948 1085 2999 Nam
1103 2940 1243 3014 1212369
1261 2949 1283 3001 21
1300 2947 1421 3012 possibile
1438 2952 1502 2999 33221

137 3020 254 3069 minorem
272 3033 364 3082 ponere
382 3019 561 3082 proportionem
580 3018 697 3067 virtutum
715 3020 878 3075 moventium,
898 3035 972 3083 quam
991 3028 1030 3070 est
1051 3018 1099 3078 ³l„
1122 3027 1188 3070 33331
1207 3019 1250 3069 illa
1269 3018 1429 3078 adhibenda,
1448 3034 1501 3069 curu

138 3090 214 3139 etiam
232 3091 258 3139 12
276 3090 324 3140 1223
342 3090 444 3138 minima
463 3089 544 3138 adhuc
563 3089 740 3152 grandiuscula
757 3089 862 3152 prodeat
880 3091 1001 3141 distantia
1018 3091 1109 3142 223112.

217 3215 256 3268 Et
280 3208 309 3276 1.
339 3215 483 3284 pulchram
509 3215 598 3268 habet
624 3215 818 3285 cognationem
846 3233 906 3269 cum
934 3216 1077 3271 icosaddro
1105 3207 1261 3278 12132111
1286 3216 1392 3269 133213.
1434 3217 1501 3270 Nam

137 3293 248 3363 scriptia
269 3293 418 3348 123123212
440 3296 457 3349 6
479 3295 642 3366 triangulis,
677 3295 895 3349 5assumuntur
919 3299 953 3349 ad
979 3297 1094 3351 solidum
1117 3297 1250 3368 angulum
1271 3295 1418 3349 iccsaedri.
1459 3296 1501 3349 Ab

137 3373 287 3428 1233121112
309 3374 474 3446 progressis,
497 3374 563 3444 quia
584 3375 711 3444 proxima
732 3373 867 3429 distantia
888 3383 932 3429 est
952 3376 1024 3430 12133
1046 3375 1071 3435 d
1091 3369 1125 3441 ὁ,
1148 3384 1179 3430 31
1199 3391 1297 3446 corpus
1319 3373 1501 3429 interlocutur

138 3454 313 3524 aequealtum
335 3455 490 3518 icosasdro,
513 3456 645 3509 sumenda
665 3455 719 3509 erit
739 3456 880 3525 proportio
901 3456 1030 3525 proxima
1050 3459 1093 3510 rel
1115 3456 1206 3526 potius
1228 3456 1340 3516 eadem,
1364 3453 1389 3507 si
1408 3462 1501 3525 posset

137 3533 249 3588 retineri
271 3535 460 3598 consonantia,
483 3552 520 3588 sc.
544 3527 586 3596 1.
628 3536 665 3589 Et
686 3534 757 3588 haec
777 3535 907 3589 divisio
901 3553 928 3588 22
950 3537 966 3590 5
989 3537 1183 3608 cognationem
1203 3551 1311 3606 quoque
1331 3533 1422 3588 habet
1443 3551 1500 3588 eum

1362 3620 1371 3649 1

136 3659 242 3730 angulo
263 3658 350 3713 solido
371 3659 546 3723 dodecoedn,
575 3659 620 3730 qui
642 3659 781 3713 clauditur
807 3659 894 3713 tribus
921 3660 1153 3734 quinquangmlis,
1182 3658 1228 3730 3221
1253 3667 1396 3713 3221-
1338 3616 1393 3761 461·
1422 3658 1500 3713 det

136 3778 1502 3854 233112.121212133121213312222212222113122112,112312221223223321131(31

137 3857 261 3922 31322112
285 3864 348 3918 sola
367 3882 421 3918 non
443 3865 512 3920 12311
530 3865 676 3936 figuram
669 3883 696 3918 1n
718 3863 834 3926 circulo,
862 3866 909 3917 sed
931 3864 1046 3928 lineam,
1074 3865 1114 3918 313
1139 3867 1310 3920 tetrabdrum
1336 3865 1428 3921 solum
1449 3881 1501 3920 232

137 3942 225 3997 babet
243 3943 384 4011 oppositos
400 3942 541 4015 angnrlos),
567 3945 790 4015 quemadmodum
811 3944 868 3997 et
861 3962 889 3997 1n
909 3944 971 4012 ejus
992 3944 1080 3999 solido
1101 3947 1207 4016 angulo
1228 3960 1335 3999 summa
1356 3945 1500 4015 plaucruu

136 4028 182 4075 321
205 4015 234 4079 'ir
258 4023 292 4075 13
314 4023 445 4077 trectis.
477 4021 1033 4094 113213231212211321233132123,
1056 4024 1134 4093 cujus
1156 4025 1278 4096 angulus
1300 4024 1500 4116 quadrangulis

137 4100 283 4163 clauditur,
306 4103 433 4157 convenit
454 4111 488 4158 ut
508 4103 618 4158 intersit
639 4111 668 4157 et
689 4104 829 4174 proportio
850 4106 937 4158 fluens
959 4123 996 4158 ex
1018 4105 1220 4175 quadrangulo.
1255 4108 1295 4157 At
1315 4103 1384 4176 quia
1404 4106 1433 4159 12
1453 4121 1500 4159 an·

137 4180 206 4251 gulo
227 4181 314 4235 solido
335 4189 380 4236 est
399 4199 505 4237 summa
524 4185 669 4254 planorum
694 4178 723 4242 'ri
746 4185 780 4237 13
803 4185 821 4238 4
841 4184 933 4247 rectis,
957 4185 1017 4237 ideo
1040 4185 1158 4239 interest
1177 4201 1257 4255 prop.
1273 4201 1328 4239 222
1345 4177 1379 4244 'lu
1394 4186 1443 4239 231
1460 4177 1499 4242 ’lo

137 4260 196 4314 Nec
217 4276 284 4315 sane
307 4263 365 4316 alia
389 4263 524 4317 interesse
550 4269 660 4333 posset,
688 4263 784 4332 positis
811 4265 1013 4356 superioribus,
1043 4265 1107 4335 3212
1132 4266 1295 4319 turbaretur
1320 4264 1501 4319 consonantia

136 4345 300 4395 ceterarum.
345 4343 464 4413 Oportet
484 4343 556 4398 22122
577 4360 669 4397 omnes
691 4360 751 4397 cnm
773 4344 897 4397 omnibus
919 4344 1072 4401 concinere.
1117 4345 1220 4399 Restat
1240 4344 1319 4398 23113
1337 4346 1498 4409 Mercurius,

136 4420 216 4490 cujus
237 4438 297 4475 cum
318 4422 356 4475 311
375 4439 394 4476 a
416 4412 440 4483 Q
464 4422 599 4477 distantia
619 4440 705 4494 prope
727 4426 836 4489 2321322,
859 4440 929 4494 quae
951 4423 966 4477 s
987 4427 1063 4487 211,
1086 4441 1146 4478 cum
1170 4425 1207 4479 sit
1227 4424 1424 4481 interlocutum
1444 4440 1500 4480 oar·

136 4518 188 4571 pua
210 4504 388 4571 aequenltum
408 4504 486 4567 cubo,
509 4503 657 4574 requiritur
677 4506 774 4558 eadem
795 4521 902 4607 323323
924 4512 977 4558 aut
994 4504 1123 4574 proxima
1143 4505 1294 4596 propurga.
1329 4509 1374 4560 Ac
1394 4506 1419 4561 si
1439 4522 1500 4561 conv

137 4576 301 4642 23223311,
325 4600 384 4637 cum
401 4583 500 4636 ceteris
514 4583 635 4653 positis,
644 4584 817 4654 assignarem
832 4583 872 4637 1111
893 4577 919 4644 1
943 4591 1102 4654 propterea,
1126 4585 1190 4655 quia
1210 4584 1271 4654 ejus
1292 4587 1417 4656 angulus
1438 4583 1500 4641 2311·

135 4660 187 4713 dns
206 4661 295 4716 122121
313 4678 445 4717 summam
464 4663 611 4732 planorum
636 4657 664 4723 ‘ir
689 4666 722 4717 de
737 4665 756 4718 4
770 4664 876 4718 rectis..
894 4664 949 4718 Sed
970 4665 1035 4734 3213
1056 4665 1217 4741 turbaretur
1238 4665 1424 4723 consonantia
1442 4680 1501 4721 3221

136 4739 244 4802 ceteris,
266 4742 380 4796 obvenit
401 4732 572 4803 Quercens
593 4736 806 4807 harmoniai«,
828 4760 937 4836 3223
922 4743 978 4803 ill.
1020 4746 1078 4798 Nec
1098 4745 1205 4798 omnino
1225 4745 1348 4801 alienum
1369 4753 1416 4802 eat
1435 4761 1501 4817 quae

135 4821 301 4895 drangulum
321 4823 359 4881 ab
380 4824 520 4891 33121133,
542 4830 573 4883 31
592 4825 744 4901 derogatur
763 4822 834 4881 illi
825 4842 854 4881 1u
867 4824 920 4880 1233
935 4842 998 4889 223,
1021 4826 1092 4899 3231
1106 4832 1204 4883 contra
1224 4841 1328 4885 morem
1346 4833 1502 4889 amorra
