3278 5542
661 119 825 173 m
1373 116 1417 183 he

52 280 96 342 de
118 279 181 342 hac
203 299 256 343 re:
279 287 314 343 at
334 281 407 362 quia
426 281 606 362 perturbata
627 280 690 344 siut
712 280 847 356 consilia,
872 285 996 360 propter
1017 280 1159 361 expirans
1181 278 1327 351 salarium
1340 276 1417 362 Sty·

54 368 176 431 riacnm
199 369 387 442 (renuntiavi
414 369 513 443 enim,
545 369 643 433 iturus
670 370 700 432 in
726 369 858 450 patriam
886 375 919 430 et
941 368 1032 431 adum
1054 368 1206 434 dominum
1229 367 1418 448 quaesiturus

57 459 171 532 libere)
195 459 304 521 suadet
325 460 527 529 vehementer,
553 467 585 522 ut
608 459 720 522 omissa
734 457 970 538 wirtembergia
992 458 1020 521 iu
1039 457 1216 521 Bohemiam
1239 475 1328 537 quam
1351 457 1416 539 pri-
1502 464 1506 479 '

56 568 141 609 mum
165 550 306 612 venirem.
351 550 488 613 Incertus
511 548 630 610 haereo.
677 547 729 612 Sic
752 554 852 610 tamen
876 547 1020 621 meditor,
1049 548 1186 610 Lincium
1208 546 1343 629 iralcnm
1367 547 1417 611 fa·

57 637 154 708 milia,
178 638 273 718 erique
296 639 338 702 ibi
359 639 468 701 relicta
489 639 619 719 Pragam
644 646 748 727 petere
770 638 862 709 solus,
887 644 919 698 et
936 656 992 719 quo
1017 638 1083 700 loco
1107 638 1162 699 sim
1187 636 1313 711 iuturus,
1339 637 1424 718 quod·

58 727 217 789 habiturus
241 728 394 802 salarium,
418 747 507 809 quam
528 747 613 809 spem
631 729 695 808 ejus
714 726 918 808 extorquendi,
944 726 1127 805 provisurus,
1151 733 1295 806 qnantum
1317 725 1419 789 divina

62 816 162 894 gratia
184 817 256 880 mihi
279 818 447 881 indulserit.
493 817 587 880 Atei
610 836 721 898 magna
745 817 806 879 sint
827 816 1015 878 incommoda
1038 817 1151 891 lotura,
1179 833 1318 877 reversus
1340 815 1418 879 Lin-

61 909 136 969 cium
162 927 229 970 cnm
253 907 369 970 familia
391 925 445 987 per
466 905 638 969 Danubium
660 906 699 968 ad
721 924 776 967 vos
799 905 994 980 contendam,
1019 906 1084 980 Deo
1107 905 1202 967 vitam
1224 912 1416 984 prorogante.

59 988 231 1060 Medicinae
246 1016 365 1059 cursum
379 996 567 1077 suspicabor,
592 995 704 1058 dabitis
723 995 793 1058 mihi
809 996 939 1057 fortasse
953 994 1242 1075 professiuncnlam:
1267 993 1337 1073 quia
1351 1012 1418 1055 me·

58 1087 182 1148 hercule
207 1106 245 1149 ex
268 1086 361 1149 divite
383 1085 413 1148 in
436 1104 490 1166 spe
515 1085 614 1148 factus
637 1105 702 1148 snm
725 1085 930 1165 pauperrimus
949 1102 980 1146 re
1000 1083 1075 1165 ipsa.
1107 1084 1242 1148 Uxorem
1256 1083 1333 1145 enim
1348 1082 1420 1147 duxi

57 1196 95 1238 ex
109 1176 263 1256 locuplete
279 1177 385 1251 domo;
409 1175 494 1255 cujus
513 1183 581 1236 tota
598 1176 739 1256 cognatio
762 1175 793 1237 in
816 1173 922 1236 eadem
946 1181 994 1237 est
1015 1173 1095 1236 navi.
1119 1174 1175 1238 ‚At
1196 1181 1264 1234 tota
1286 1172 1419 1252 ipsorum

57 1265 234 1327 substantia
257 1274 305 1327 est
327 1265 358 1327 in
380 1264 588 1338 immobilibus,
614 1283 690 1346 quae
713 1272 783 1327 suut
804 1263 969 1343 vilissima,
994 1262 1083 1327 immo
1107 1281 1143 1324 ne
1168 1262 1286 1347 quidem
1310 1260 1418 1324 vendi-

58 1355 143 1416 bilia.
193 1353 305 1418 Omnes
328 1354 389 1417 illis
411 1353 528 1416 inhiant
550 1352 616 1416 siue
639 1354 747 1434 pretio.
791 1351 921 1417 Cautum
945 1352 1023 1414 enim
1046 1360 1096 1414 est
1118 1352 1240 1414 decreto
1264 1350 1417 1431 principis,

57 1464 93 1505 ue
118 1443 188 1524 quis
212 1463 250 1505 ea
273 1444 359 1519 bona,
385 1462 461 1524 quae
484 1461 541 1504 non
565 1442 735 1505 vendiderit
759 1443 839 1504 intra
854 1438 904 1504 45
928 1442 1002 1514 dies,
1027 1441 1117 1504 alicui
1139 1440 1291 1522 pontificio
1315 1440 1416 1503 locare

57 1533 166 1612 possit.
201 1531 280 1596 Sunt
293 1534 369 1595 haec
384 1532 503 1615 qnidam
527 1531 642 1611 gravia.
680 1531 726 1594 Αι
742 1551 800 1594 nou
821 1531 1026 1606 credidissem,
1051 1531 1126 1594 adeo
1151 1530 1237 1592 dulce
1261 1549 1339 1605 esse,
1363 1546 1417 1609 pro

58 1623 215 1700 religione,
239 1641 292 1703 pro
314 1620 428 1686 Christi
451 1622 579 1697 honore,
603 1641 670 1685 cnm
694 1621 878 1702 aliquantulo
902 1630 990 1683 coetu
1014 1621 1140 1684 fratrum
1164 1620 1283 1693 damna,
1308 1626 1417 1680 contn-

59 1713 166 1775 melias
189 1712 265 1792 pati,
289 1713 403 1786 domos,
422 1730 528 1789 agros,
553 1711 680 1786 amicos,
707 1711 838 1792 patriam
861 1710 1010 1773 deserere.
1058 1708 1093 1772 Si
1111 1728 1219 1771 verum
1241 1709 1418 1790 martyrium

59 1815 86 1863 et
110 1802 196 1863 vitae
215 1802 337 1881 jactura
360 1800 554 1882 proportione
578 1802 707 1881 quadam
730 1800 908 1879 respondet,
939 1808 973 1861 ιιι
996 1819 1053 1880 quo
1077 1799 1173 1879 majus
1197 1798 1337 1861 damnum
1360 1797 1417 1885 hoc

59 1892 153 1971 major
177 1891 296 1969 laetitia
318 1892 379 1953 sit:
412 1889 501 1953 lacile
529 1897 577 1951 est
600 1899 631 1953 et
653 1890 728 1952 mori
750 1908 805 1969 pro
828 1889 983 1968 religione.
1031 1888 1093 1952 Sed
1121 1889 1196 1950 haec
1224 1887 1334 1960 fusius,
1366 1884 1418 1948 obi

59 1980 295 2042 convenerimus.
341 1981 411 2042 Non
439 1998 525 2042 cesso
555 1987 654 2041 tamen
684 1979 790 2042 luctari
819 1985 850 2040 et
878 1997 945 2040 cum
974 1977 1168 2040 incommodis
1192 1976 1417 2054 temporalibus,

60 2077 86 2132 ιι
110 2070 214 2131 banno
239 2069 349 2143 solvar,
373 2089 410 2132 ne
434 2067 619 2131 decimentur
640 2069 721 2132 bona
743 2068 844 2130 uxoris
868 2086 973 2129 meae:
998 2075 1175 2148 argumento
1194 2086 1213 2126 a
1234 2084 1301 2128 mea
1324 2063 1417 2126 resti-

61 2158 174 2221 tutione
199 2167 298 2238 capto,
323 2178 359 2219 ne
383 2159 426 2221 sit
448 2177 485 2218 ea
508 2157 579 2220 mihi
602 2158 700 2221 fraudi
723 2157 948 2241 potiusquam
970 2156 1059 2219 bono.
1096 2156 1176 2220 Nam
1196 2155 1222 2215 si
1239 2161 1308 2216 ante
1328 2154 1417 2216 bieu-

61 2248 137 2309 uium
161 2267 220 2308 nou
245 2248 413 2321 rediissem,
437 2246 667 2310 decimationem
681 2245 853 2327 effugissem
867 2252 899 2308 et
914 2248 1010 2309 multa
1029 2246 1097 2309 alia.
1135 2245 1186 2307 Sic
1206 2251 1278 2305 sunt
1299 2241 1419 2325 ἑχθρων

61 2336 162 2416 ἄδωρα
188 2341 281 2415 dopo,
306 2336 410 2417 etqui
434 2344 518 2398 amat
539 2337 669 2418 patriam
693 2344 725 2398 et
746 2336 839 2409 bona,
865 2335 985 2398 amittet
1007 2336 1079 2398 illa:
1106 2334 1184 2416 qnod
1208 2333 1279 2395 mihi
1303 2333 1351 2394 sas
1376 2330 1417 2395 sit

62 2427 85 2486 iu
109 2427 190 2487 hunc
214 2445 334 2488 sensum
359 2427 546 2506 detorquere.
584 2426 629 2488 Tu
653 2424 679 2488 si
702 2427 810 2487 mede
834 2425 924 2486 rebus
947 2425 1096 2506 aliquibus
1115 2423 1272 2487 certiorem
1291 2422 1417 2484 reddere

63 2515 113 2589 vis,
139 2513 277 2576 Lincinm
300 2516 386 2577 mitte
407 2516 512 2578 literas
532 2515 570 2576 ad
589 2515 746 2579 emeritum
760 2522 908 2577 rectorem
923 2514 1141 2577 Memhardnm.
1175 2512 1248 2575 Inde
1268 2510 1298 2573 in
1312 2512 1415 2574 Bobe-

64 2605 149 2665 niam
174 2604 254 2664 mitti
278 2612 427 2683 poterunt,
453 2612 506 2665 ant
527 2605 612 2667 uxori
636 2623 722 2667 meac
749 2604 839 2665 tradi.
886 2604 965 2664 Vale
990 2612 1022 2666 et
1044 2596 1108 2684 pro'
1122 2602 1208 2664 nobis
1232 2620 1294 2662 ora.

147 2689 179 2756 9.
207 2688 256 2756 19.
282 2693 368 2774 Sept.
397 2689 492 2758 1600.
705 2693 745 2755 Η.
770 2693 806 2755 Τ.
854 2691 940 2756 Grat
966 2693 1129 2773 discipulus

1116 2781 1162 2845 M.
1186 2780 1219 2844 J.
1241 2774 1371 2860 Kepler.
1401 2807 1404 2812 ·

651 2921 833 2934 Μ

661 3029 695 3094 S.
720 3032 754 3094 P.
780 3032 818 3093 D.

146 3137 271 3201 Literas
289 3146 368 3212 tuas,
394 3134 568 3200 Clarissimo
586 3137 642 3213 vir,
666 3138 850 3218 Praeceptor
868 3137 1050 3212 honorande,
1075 3155 1110 3198 eo
1130 3136 1189 3211 die,
1213 3153 1270 3223 quo
1285 3133 1417 3214 Pragam

62 3229 135 3303 reni,
161 3247 206 3288 sc.
232 3224 262 3291 9.
290 3223 340 3290 19.
366 3223 435 3288 Oct.
460 3226 591 3306 scriptas
615 3229 684 3299 (ese
708 3227 863 3289 Maestlini
887 3227 993 3291 literae
1018 3227 1151 3300 desunt),
1176 3222 1279 3304 accepi
1298 3221 1417 3303 Pragae

61 3314 88 3379 9.
113 3316 301 3379 Decembris.
346 3315 427 3378 Nam
453 3317 498 3378 ita
525 3323 707 3379 convenerat
734 3336 800 3379 cum
827 3315 1012 3395 Schillingo,
1046 3325 1080 3378 ut
1107 3314 1205 3378 Liucii
1235 3313 1418 3394 relinqueret

61 3408 181 3478 literae,
207 3407 232 3467 si
257 3425 303 3468 me
328 3403 436 3467 Gratio
461 3404 639 3467 discessisse
663 3407 761 3468 Lincii
786 3406 992 3485 comperisset.
1039 3403 1173 3485 Cumque
1197 3423 1244 3466 me
1269 3409 1417 3483 quartana

66 3496 206 3558 invaserit
229 3495 258 3557 in
282 3493 398 3569 itinere,
424 3493 482 3557 dici
506 3514 564 3558 non
587 3503 705 3575 potest,
731 3515 820 3577 quam
841 3494 1086 3557 melancholicum
1109 3493 1181 3556 mihi
1203 3509 1418 3574 paroxysmum

67 3586 215 3648 eiecerint
237 3592 307 3646 tuae
331 3583 451 3659 literas,
481 3584 559 3663 quod
587 3603 704 3647 omnem
732 3585 808 3665 adeo
837 3584 974 3664 spemin
1003 3583 1159 3645 academia
1186 3589 1291 3644 vestra
1312 3579 1414 3659 proci·

63 3674 176 3736 derunt.
210 3673 291 3736 Nam
306 3672 353 3735 hic
367 3673 485 3754 Pragae
509 3673 609 3736 inveni
632 3675 733 3735 omnia
754 3673 953 3736 incertissima
977 3682 1008 3736 et
1031 3673 1068 3734 de
1087 3691 1152 3733 meo
1175 3671 1263 3732 vivo:
1287 3686 1415 3732 manen·

62 3763 126 3826 dum
145 3783 220 3825 vero
240 3763 309 3824 dum
327 3764 538 3849 convalescam
554 3769 607 3824 aut
620 3763 739 3826 moriar.
773 3760 885 3825 Omnia
908 3763 1073 3846 quadruplo
1097 3768 1168 3823 suut
1189 3758 1297 3847 pretio.
1331 3756 1415 3818 Tan-

62 3861 120 3915 tum
144 3851 249 3915 uxoris
272 3872 319 3914 me
343 3852 475 3926 miseret,
501 3871 590 3932 quam
614 3871 728 3921 mecum
752 3852 859 3916 habeo.
892 3851 1023 3933 Pragam
1037 3870 1108 3914 vero
1123 3850 1172 3927 ivi,
1197 3856 1249 3911 aut
1267 3855 1302 3910 ut
1323 3865 1416 3927 prae-

63 3951 174 4004 starem
189 3941 323 4023 Tychoni
338 3941 416 4023 quod
438 3941 571 4022 promisi,
596 3941 623 4004 si
646 3942 744 4004 victus
768 3942 864 4017 detur,
890 3948 942 4003 ant
964 3949 999 4003 ut
1020 3939 1246 4022 praecipuarum
1269 3938 1416 4001 observa·

63 4032 174 4093 tionum
199 4049 322 4111 compos
344 4031 455 4093 fierem.
504 4031 539 4093 ld
569 4031 609 4092 ad
635 4031 786 4116 minimum
816 4049 914 4111 spero.
962 4029 998 4094 Si
1020 4050 1150 4111 uuquam
1174 4029 1211 4090 ad
1241 4027 1332 4090 tede
1356 4025 1416 4088 tuis

65 4121 199 4201 epistolis
221 4119 411 4200 publicandis
434 4119 552 4202 scripsi,
577 4139 624 4182 me
647 4121 744 4200 ipsum
767 4121 959 4184 vehementer
982 4121 1081 4195 miror,
1106 4121 1192 4181 unius
1214 4117 1306 4180 horae
1329 4116 1417 4195 Kep-

64 4209 155 4272 lerum
179 4210 255 4271 adeo
284 4209 434 4272 diversum
462 4230 529 4273 esse
558 4209 596 4272 ab
625 4209 754 4273 omnium
781 4210 919 4272 horarum
943 4209 1087 4290 Keplerq.
1132 4209 1308 4289 Nunquam,
1339 4203 1418 4284 quod

66 4300 166 4370 sciam,
192 4300 322 4361 animum
345 4299 463 4372 induxi,
490 4308 525 4362 ut
548 4299 579 4361 id
602 4300 747 4374 facerem,
773 4318 922 4380 nunquam
946 4299 1018 4361 mihi
1041 4317 1105 4361 mos
1127 4299 1186 4360 iste
1209 4294 1336 4376 placuit,
1361 4311 1417 4355 nec

67 4389 219 4449 verborum
242 4387 370 4449 merniui.
417 4389 463 4451 Ac
487 4407 599 4470 quaeso
623 4389 729 4465 verba,
758 4396 889 4468 tempus,
919 4390 1033 4463 locum,
1062 4388 1110 4450 vel
1133 4385 1234 4468 potius
1256 4383 1418 4473 epistolam

68 4483 159 4539 totam
182 4478 220 4538 ad
243 4496 290 4538 me
314 4478 409 4540 mitte.

139 4566 198 4645 ¹De
222 4567 281 4628 filio
305 4566 360 4630 tibi
383 4565 528 4630 condoleo
553 4583 591 4627 ex
615 4564 722 4639 animo,
747 4566 802 4628 sed
826 4585 883 4628 non
907 4566 1023 4629 infirma
1045 4583 1099 4644 spe
1122 4583 1198 4640 sum,
1223 4561 1273 4631 obi
1296 4560 1416 4637 viderit,

71 4665 178 4734 quanto
192 4654 437 4722 incommoditate
451 4654 571 4719 vivatur
585 4656 664 4736 apud
679 4664 809 4732 exteros,
834 4655 1008 4729 rediturum,
1031 4662 1085 4717 aut
1102 4653 1130 4715 si
1147 4652 1275 4718 maxime
1294 4649 1419 4717 servitia
