3278 5542
139 333 184 404 60
732 331 894 390 Prooemium.

137 498 279 580 generale
304 504 387 560 esset
409 497 577 572 decretum,
594 498 734 579 princeps
758 499 889 560 officium
911 516 1008 560 meum
1031 497 1166 560 neutrale
1186 514 1254 558 esse
1269 503 1421 559 eremium
1438 495 1492 557 de-

139 589 279 663 clararet,
303 607 341 649 ue
355 587 408 649 illo
423 588 543 649 decreto
558 588 677 650 veniam
690 588 720 650 in
743 588 917 669 periculum,
942 587 968 648 si
982 605 1080 649 morer
1097 587 1127 648 in
1142 586 1305 666 provincia.
1349 585 1492 665 Respon-

137 696 204 739 sum
226 685 273 739 est
296 676 344 739 hie
367 676 482 738 verbis:
508 677 717 752 ,lhrDurchl
733 677 840 739 vvdlleu
862 697 933 739 ause
956 677 1084 738 sondern
1108 675 1226 755 gnaden
1249 674 1411 754 verwilligt
1435 674 1491 735 ha-

136 768 215 841 ben,
253 767 325 827 dass
349 764 529 845 Supplicant
551 767 712 845 Ungeacht
736 766 790 828 der
812 767 935 847 general
965 766 1178 844 ausschaffung
1205 772 1263 826 etc.
1290 764 1366 825 noch
1391 765 1494 842 lenger

138 855 228 917 allhie
253 855 423 917 verbleiben
448 864 544 934 mige.
592 857 677 918 Doch
701 856 757 918 soll
782 875 815 917 er
838 856 900 917 sich
917 854 1120 916 allenthalben
1140 851 1489 933 gebirlicherBeschai-

138 944 261 1007 denheit
290 944 477 1025 gebraucheu
512 945 570 1006 und
603 944 666 1007 sich
700 946 764 1007 also
797 944 1034 1006 Vuverveislich
1065 943 1236 1019 verhalten,
1270 942 1367 1004 dumit
1389 943 1430 1004 Ir.
1453 940 1489 1003 D.

138 1034 260 1098 solliche
284 1034 363 1114 guad
378 1029 478 1095 'wider
501 1034 684 1096 auizuheben
710 1035 752 1096 nit
777 1034 953 1097 verursacht
971 1033 1099 1096 verde.“
1137 1032 1255 1095 Dicitur
1272 1032 1414 1112 princeps
1438 1031 1489 1092 de·

139 1122 246 1186 lectari
268 1123 344 1185 meis
367 1122 596 1198 inventionibus,
622 1131 654 1185 et
676 1123 834 1187 Monechiu
858 1123 978 1203 quidam
1001 1120 1189 1184 consiliarius
1208 1122 1287 1183 solet
1301 1122 1340 1182 ad
1354 1139 1401 1182 me
1417 1118 1490 1181 scri·

137 1212 322 1282 bere,·uude
346 1213 499 1274 faventem
521 1211 618 1272 haheo
643 1212 752 1276 aulam.
800 1211 880 1284 Quid
904 1208 1023 1273 autern?
1047 1210 1235 1274 Manebone?
1266 1210 1313 1272 At
1334 1229 1372 1271 ex
1395 1208 1489 1270 omni·

54 1306 57 1316 “
137 1303 194 1363 bus
217 1297 313 1364 tribus
335 1300 498 1381 provinciis
527 1301 625 1363 exacti
655 1301 784 1365 ministri
812 1300 934 1382 publici.
981 1300 1095 1362 Latent
1126 1299 1194 1361 hino
1227 1298 1295 1361 inde
1321 1298 1434 1380 privati
1463 1297 1489 1359 in

33 1407 38 1421 ·
138 1390 267 1453 arcibus.
314 1389 358 1452 At
382 1389 407 1452 si
431 1389 497 1470 quis
520 1389 577 1452 civi
601 1391 744 1471 principis
767 1390 899 1453 venienti
921 1388 1037 1470 petenti
1060 1389 1187 1470 porrigit
1209 1396 1440 1455 sacramentum,
1463 1396 1489 1446 et

138 1480 204 1561 ipse
227 1479 358 1559 pellitur.
406 1477 529 1541 Civibus
555 1480 705 1559 imperata
728 1477 780 1543 26.
805 1481 884 1544 Nov.
908 1478 1051 1559 parochia
1074 1479 1165 1552 urbis,
1191 1484 1403 1558 aquapetant
1418 1477 1490 1555 bap·

137 1570 269 1644 tismum,
295 1567 519 1630 benedictiones
543 1569 749 1648 conjugiorum
774 1568 852 1643 „und
877 1568 987 1628 andere
1012 1566 1202 1646 dergleicheu
1217 1566 1362 1628 heilsame
1379 1564 1489 1628 Sacra·

138 1666 237 1720 mente
259 1658 318 1718 und
336 1655 812 1738 Gottesdienstbesuechungen“.
848 1657 900 1718 lbo
925 1656 1037 1736 igitur?
1072 1658 1118 1718 At
1140 1675 1215 1718 uror
1237 1656 1384 1718 adhaeret
1406 1653 1491 1716 bonis

138 1747 203 1810 suis
228 1755 259 1809 et
282 1746 346 1827 spei
370 1746 512 1808 bonorum
532 1746 704 1827 patriorum.
742 1748 891 1809 Videntur
914 1745 1012 1807 omnia
1035 1746 1209 1820 deserenda,
1235 1753 1324 1826 atque
1348 1745 1417 1824 ipsa
1440 1742 1492 1804 ad·

141 1855 177 1898 eo
200 1835 339 1916 privigna
357 1856 426 1898 mea
448 1833 469 1899 8
494 1854 646 1909 annorum,
670 1836 759 1915 paulo
774 1845 845 1916 post
858 1834 983 1915 papatui
998 1835 1152 1910 initianda,
1178 1835 1203 1897 si
1219 1843 1347 1896 matrem
1362 1834 1492 1895 amittat.

138 1925 213 1988 'ihm
238 1925 304 2006 quis
328 1925 395 1997 scit,
421 1924 469 2005 qui
493 1933 594 1986 status
617 1944 672 1986 vos
697 1926 738 1987 sit
760 1927 923 2006 posthaec
947 1933 1136 2006 excepturus.
1174 1923 1323 1987 Maturuit
1345 1921 1495 1985 vindemia

137 2014 200 2077 irae
224 2014 281 2075 Dei
306 2014 397 2077 etiam
421 2015 502 2095 apud
524 2033 590 2076 vos.
638 2015 871 2077 Tumultuautur
894 2014 1002 2076 omnia.
1051 2015 1169 2093 ltaque,
1194 2013 1272 2094 quod
1296 2012 1494 2093 jampridem

138 2119 214 2185 ago,
248 2122 338 2184 agere
360 2122 497 2186 pergam.
544 2104 649 2183 Neque
673 2103 925 2185 Wirtembergico
950 2103 1144 2182 supplicabo,
1177 2103 1351 2184 priusquam
1375 2101 1494 2182 penitus

139 2194 291 2267 extrudar,
316 2211 410 2272 neque
435 2192 460 2255 si
485 2212 544 2274 qua
567 2191 747 2255 Stuccardia
769 2193 840 2256 mihi
864 2193 1000 2255 imminet
1023 2190 1151 2266 vocatio,
1176 2191 1336 2272 impediam
1359 2197 1416 2253 ‘aut
1439 2189 1493 2251 im-

138 2283 273 2364 peditam
297 2281 419 2362 optabo.
465 2281 545 2345 Nam
569 2282 595 2343 si
618 2282 690 2343 talis
714 2302 808 2344 causa
830 2281 977 2363 horologii
1000 2280 1119 2342 vocatio
1139 2281 1266 2354 venerit,
1291 2298 1410 2360 semper
1426 2277 1491 2341 mihi

140 2372 198 2433 erit
221 2371 379 2451 integrum,
406 2369 572 2433 deliberare
597 2371 633 2431 de
658 2371 869 2451 amplectenda
891 2382 944 2433 eut
967 2370 1147 2432 declinanda
1169 2371 1232 2432 illa.
1278 2368 1347 2433 Nisi
1368 2368 1494 2430 aliudtu

139 2468 172 2522 et
186 2458 330 2540 Collegae
354 2466 386 2520 et
399 2459 438 2520 D.
454 2460 660 2521 Hafereiierns
686 2461 862 2534 consulatis,
887 2478 1011 2541 quorum
1034 2458 1162 2522 omnium
1185 2458 1311 2521 consiliu
1333 2458 1393 2520 etsi
1410 2457 1497 2520 foeda

137 2548 196 2612 hac
217 2568 308 2610 mauu
330 2555 362 2609 et
376 2547 494 2628 pictura
508 2548 627 2624 literae,
652 2568 689 2610 ex
708 2550 805 2612 auimo
821 2558 921 2636 tamen
938 2557 969 2611 et
983 2567 1050 2610 cum
1064 2546 1168 2611 debita
1182 2546 1353 2610 reverentia
1368 2554 1496 2627 expeto:

137 2645 312 2720 praestetue
346 2655 391 2698 me
423 2637 472 2699 hic
506 2656 596 2717 agere
625 2639 889 2713 mathematicum,
923 2638 1164 2721 qualemTycho
1196 2637 1331 2710 (ratione
1357 2636 1416 2699 loci
1441 2653 1498 2697 nou

139 2726 331 2800 eruditionis)
353 2725 381 2787 iu
396 2726 505 2800 Dauia,
531 2726 698 2790 solitarium
723 2747 767 2791 sc.
793 2746 848 2790 uec
871 2728 929 2790 nisi
945 2727 1066 2808 scriptis
1081 2727 1153 2788 olim
1167 2727 1347 2808 loquentem,
1373 2744 1412 2785 au
1429 2743 1499 2786 vero

138 2817 242 2879 venari
265 2815 439 2878 occasiones
463 2815 602 2896 loquendi
632 2817 669 2877 de
703 2818 848 2880 cathedra
876 2816 905 2878 in
935 2818 1036 2898 aliqua
1064 2817 1140 2878 forte
1174 2814 1354 2878 academia?
1400 2811 1500 2885 Quam

138 2905 345 2988 quaestionem
383 2906 448 2970 loco
482 2905 692 2968 valedictionis
721 2915 753 2969 et
781 2906 933 2969 officiosae
966 2905 1158 2969 salutationis
1186 2904 1324 2967 omuibus
1353 2921 1499 2984 propono.

139 2995 270 3072 Valete,
292 3013 347 3075 pro
370 2995 457 3057 uobis
480 3001 575 3057 orate.
622 2990 653 3058 9.
678 2996 802 3059 Decem.
849 3005 889 3058 st.
900 3016 929 3058 n.
954 2992 1007 3060 98.

417 3084 475 3146 Ex.
500 3084 535 3146 T.
581 3083 681 3147 Notus
1111 3082 1158 3145 M.
1182 3079 1317 3165 Kepier,

919 3172 1081 3235 Procerum
1106 3169 1228 3253 Styriae
1251 3170 1499 3232 Mathematicus.

141 3342 142 3346 ¹
211 3348 381 3413 Koplerus,
400 3350 430 3398 ut
447 3362 521 3412 supra
530 3347 663 3400 Maestlino
682 3351 821 3414 scripserat,
841 3350 989 3401 Galileeo
1007 3347 1168 3400 Prodromnm
1186 3364 1257 3400 snum
1273 3345 1407 3398 Patavium
1425 3347 1500 3403 misit,

140 3422 182 3488 qui
199 3421 294 3487 gratier
313 3421 365 3486 egit
384 3436 427 3485 pro
445 3435 547 3471 munere
565 3421 604 3471 his
622 3421 717 3471 verbis:

210 3526 311 3578 Librum
328 3534 414 3583 tuum,
432 3526 572 3577 doctissime
591 3528 641 3588 vir,
662 3541 678 3578 a
695 3526 723 3577 P.
743 3528 894 3593 Ambergero
913 3528 946 3578 ed
963 3542 1004 3578 mc
1022 3529 1122 3577 missum
1141 3527 1245 3590 accepi,
1264 3540 1313 3576 non
1332 3523 1434 3588 quidem
1449 3520 1497 3573 dia·

140 3599 195 3656 tm,
213 3599 258 3650 sed
274 3600 361 3664 paucis
379 3597 469 3649 abhinc
486 3597 566 3656 horio3
587 3613 690 3664 cumque
709 3599 774 3649 idom
786 3598 879 3668 Paulus
899 3599 929 3650 de
948 3614 992 3649 sno
1010 3600 1091 3649 reditu
1108 3600 1135 3648 in
1145 3598 1415 3652 Germaniammecnnr
1428 3593 1501 3645 rerba

141 3666 250 3728 iecerat,
269 3671 360 3736 ingrati
378 3671 487 3734 proiecto
506 3671 581 3720 animi
599 3670 709 3720 futurum
728 3685 781 3722 esse
800 3671 950 3740 existimavi,
975 3672 1022 3720 nisi
1040 3671 1109 3722 hisce
1128 3671 1204 3720 literis
1222 3669 1266 3718 tibi
1285 3669 1316 3719 do
1334 3679 1438 3716 munere
1458 3679 1501 3716 eo·

143 3743 214 3808 'copto
233 3744 328 3808 gratias
347 3756 454 3807 agerem.
492 3744 547 3806 Ago
565 3743 640 3808 igitur
658 3748 684 3792 et
702 3757 785 3792 rursus
803 3756 877 3807 qnam
895 3744 1017 3793 maximas
1036 3757 1093 3809 ego,
1112 3742 1176 3808 quod
1194 3755 1234 3791 mo
1253 3739 1298 3790 teli
1317 3743 1465 3803 argumento
1477 3737 1503 3786 in

142 3817 212 3865 tuem
231 3815 366 3864 amicitiam
384 3826 519 3864 conuocare
537 3813 570 3862 sis
589 3814 713 3878 dignatus.
751 3813 787 3863 Ex
805 3814 866 3864 libro
885 3816 921 3865 nil
939 3815 1021 3864 adhuc
1039 3814 1104 3872 vidi,
1123 3815 1170 3863 nisi
1188 3812 1383 3876 praelationem.
1404 3824 1436 3859 ex
1454 3821 1504 3873 qua

142 3893 227 3936 tamen
246 3885 487 3949 quantulumcunque
505 3892 575 3937 tuam
592 3887 691 3950 percepi
708 3887 888 3943 intentionem,
909 3893 935 3936 et
952 3887 1060 3949 proiecto
1080 3898 1233 3948 summopere
1250 3881 1377 3948 gratulor,
1404 3886 1505 3930 tantum

142 3970 183 4006 me
205 3957 231 4007 in
253 3956 398 4021 indaganda
419 3958 524 4006 veritate
548 3959 641 4006 socium
659 3957 751 4007 habere
770 3959 881 4022 adeoque
899 3959 975 4023 ipsius
993 3959 1104 4008 veritatis
1123 3958 1238 4006 amicum.
1275 3952 1417 4004 Miserabile
1437 3952 1504 4001 enirn

144 4033 194 4082 est.
215 4028 277 4078 adeo
295 4041 364 4077 raros
382 4042 437 4078 esse
454 4029 565 4078 veritatis
583 4029 722 4088 studiosos,
742 4036 768 4079 et
785 4030 827 4093 qni
845 4045 896 4079 non
914 4044 1054 4093 perversam
1071 4026 1258 4095 philosophandi
1277 4026 1400 4076 rationem
1417 4037 1503 4088 prose·

144 4104 266 4164 quantur:
286 4104 314 4147 at
331 4099 390 4163 quia
407 4113 455 4149 non
474 4098 618 4163 deplorandi
636 4102 713 4150 nostri
732 4101 809 4151 seculi
825 4102 937 4153 miserias
955 4099 996 4150 hic
1012 4100 1080 4151 locus
1092 4107 1141 4156 est,
1159 4100 1203 4150 sed
1215 4105 1299 4150 tecum
1311 4091 1505 4161 congratulandi

145 4169 176 4220 de
193 4169 360 4234 pulcherrimis
377 4170 403 4218 iu
421 4171 531 4221 serimus
550 4170 761 4222 confirmationem
777 4173 902 4223 inventis:
929 4171 984 4222 ideo
1007 4170 1055 4223 hoc
1077 4177 1177 4222 tantum
1200 4170 1291 4220 addam
1315 4174 1341 4219 et
1358 4165 1502 4232 pollicehor.

144 4256 184 4295 rue
203 4255 281 4306 aequo
300 4241 382 4290 animo
400 4241 487 4292 librum
506 4247 576 4291 tunm
593 4242 758 4306 perlectorum
777 4258 840 4305 esse,
858 4259 913 4294 curn
932 4250 1013 4294 certus
1032 4245 1086 4302 sim,
1103 4258 1145 4294 me
1162 4241 1326 4307 pulcherrima
1343 4241 1368 4288 in
1382 4240 1436 4303 ipso
1450 4249 1505 4288 esse

144 4320 304 4377 reperturum.
341 4311 371 4361 ld
389 4320 474 4364 autem
492 4328 521 4362 eo
539 4312 654 4364 libentius
673 4315 774 4371 faciam,
792 4317 857 4380 quod
875 4317 900 4365 in
915 4314 1043 4379 Goperuici
1057 4316 1205 4367 sententiam
1218 4313 1301 4362 multis
1320 4311 1411 4362 abhinc
1431 4308 1504 4358 anub

145 4386 267 4444 venerim,
293 4397 324 4433 ac
342 4397 372 4433 ex
390 4384 435 4434 tali
452 4384 573 4448 positione
591 4385 721 4435 multorum
740 4387 816 4437 etiam
834 4387 985 4437 naturalium
1005 4386 1139 4437 affectuum
1159 4400 1251 4436 caueae
1270 4387 1320 4433 sint
1338 4397 1355 4432 a
1372 4396 1412 4432 me
1432 4381 1503 4430 adin·

145 4462 250 4514 vcntae,
278 4469 342 4521 qnae
360 4455 433 4505 dnbio
451 4455 535 4519 procul
552 4471 596 4519 per
614 4471 767 4508 communem
785 4458 934 4522 hypothesin
952 4458 1136 4522 inexplicabiles
1154 4463 1218 4507 sunt.
1257 4454 1351 4506 Multas
1370 4450 1505 4515 conscripsi

147 4528 299 4578 strutiones
317 4532 343 4576 et
355 4533 553 4592 argumentorum
571 4529 596 4577 iu
616 4530 764 4578 contrarium
782 4530 930 4586 eversiones,
948 4543 1010 4593 quas
1027 4535 1112 4581 tamen
1128 4531 1154 4579 in
1167 4528 1248 4578 lucem
1259 4527 1385 4590 hucusque
1397 4524 1506 4588 prolerre

146 4613 268 4648 nonaum
285 4612 379 4655 ausus,
402 4598 502 4648 ionuna
519 4600 595 4662 ipsius
614 4599 741 4664 Copernici
759 4603 925 4665 praeceptoris
944 4601 1021 4650 nostri
1039 4603 1198 4666 perterritus:
1229 4599 1270 4663 qui
1292 4598 1352 4648 licet
1374 4597 1419 4645 sihi
1439 4592 1526 4660 apud,

37 4705 39 4710 ·
72 4718 75 4723 ,
148 4669 242 4734 aliquos
254 4669 416 4720 immortalem
428 4671 520 4720 remam
532 4673 664 4735 paraverit,
683 4672 749 4736 apud
766 4673 873 4722 infinitos
892 4679 975 4723 tarum
995 4670 1091 4734 (tantus
1105 4673 1170 4722 enim
1184 4677 1222 4722 eat
1234 4670 1362 4720 stultorum
1375 4662 1505 4728 numerus)

146 4742 262 4803 ridendus
281 4749 307 4792 et
325 4741 490 4806 explodendos
508 4742 609 4806 prodiit'
642 4743 766 4794 Auderem
793 4743 902 4809 proiecto
927 4759 997 4795 meas
1023 4745 1185 4808 cogitationes
1211 4755 1339 4807 proruere.
1368 4741 1389 4788 si
1414 4739 1507 4804 plures,

149 4813 229 4878 quails
245 4818 275 4864 tn
290 4827 324 4874 es,
344 4819 473 4870 extarentc
493 4821 520 4863 at
538 4829 593 4864 cum
611 4829 661 4864 nou
679 4816 741 4871 siut,
760 4815 898 4879 hujusmodi
916 4817 1016 4881 negotio
1034 4814 1206 4880 supersedebo.
1243 4812 1369 4876 Temporis
1388 4810 1508 4876 angustia

149 4885 177 4941 'et
192 4884 274 4946 studio
290 4884 378 4936 librum
395 4891 464 4934 tuum
481 4885 580 4959 legendi
597 4900 678 4938 vexor.
698 4901 774 4957 quare
792 4885 850 4938 hnic
868 4886 942 4946 linem
960 4889 1088 4955 imponens
1106 4880 1143 4946 tui
1161 4877 1206 4936 mc‘
1220 4884 1416 4942 amantissimum
1429 4889 1506 4951 atque
1526 4891 1536 4897 ·
