3262 5550
220 254 264 374 ‘ss
820 260 983 358 snt..

222 472 285 534 Ime
310 470 374 531 also
403 470 432 531 in
461 468 519 530 eim
542 467 741 530 kunststuokb
764 486 801 528 ru
823 466 996 529 erlorsoheu
1013 471 1218 529 vurounbtteu
1238 484 1312 547 seyn
1332 465 1463 528 vderdt.
1506 464 1575 528 mr-

223 566 290 621 steu
321 559 380 620 rud
404 558 484 619 Hera
516 556 614 618 haben
639 556 764 617 eolliehe
793 555 904 616 saclren
934 555 1017 617 nicht
1050 575 1105 617 vou
1130 555 1183 617 des
1215 555 1369 635 tigliobeu
1395 551 1576 626 Gebrauobs,

223 647 350 710 souderu
374 664 431 708 von
456 646 510 708 der
536 645 638 708 Kunst
669 664 787 725 wegen:
822 644 869 704 die
893 644 985 705 kunst
1009 644 1082 706 aber
1117 643 1258 706 bestehet
1279 643 1310 706 in
1334 641 1508 706 imitatione
1529 663 1577 705 na-

222 742 324 810 turae,
350 735 389 796 da
412 754 444 795 es
468 733 551 796 nicht
574 734 630 796 mit
652 733 780 812 Zeigeru
804 732 942 812 zugehet.

310 824 391 885 Wan
416 823 489 885 aber
513 822 560 885 die
585 821 658 885 sach
686 821 741 883 mit
765 829 848 884 ernst
872 820 1072 901 auzugreiilen
1098 827 1195 895 wire,
1231 820 1321 900 glaub
1350 819 1399 882 ioh
1423 818 1498 895 vol,
1532 819 1579 880 das

222 912 278 977 mir
301 913 372 974 sehr
395 911 597 974 beidrderlieh
622 930 693 992 seyu
719 911 836 983 wiirde,
862 911 972 972 andere
997 909 1189 989 dergleicbeu
1209 908 1342 972 Werolsb
1367 907 1446 971 auob
1471 927 1509 970 su
1530 908 1579 970 be·

222 1000 388 1081 sichtigen,
423 1001 483 1062 dau
516 1000 568 1064 ich
592 999 657 1061 biss
681 998 753 1060 dato
785 999 874 1061 kheiu
899 999 1026 1061 auderes
1049 998 1201 1077 geseheu,
1236 999 1282 1060 als
1312 997 1366 1059 wie
1395 996 1439 1059 im
1463 995 1580 1059 Beriobt

132 1086 136 1093 '
221 1090 389 1152 vermeldet
415 1090 546 1152 worden.
593 1088 696 1150 Wolte
720 1088 772 1149 Ich
795 1086 866 1149 Wol
899 1086 1006 1160 seheu,
1040 1088 1078 1148 ob
1107 1089 1189 1148 eines
1217 1087 1367 1165 geluudeu
1395 1085 1517 1156 wtirde,
1547 1084 1587 1150 ιιι.

222 1178 349 1253 beedes,
384 1177 512 1240 imitatio
545 1185 670 1239 naturae
702 1184 734 1238 et
765 1176 879 1238 indices
910 1175 970 1258 bey
997 1176 1149 1239 einander.
1197 1175 1265 1237 Dan
1299 1175 1396 1237 meins
1424 1173 1580 1236 eraehteus

223 1267 321 1329 libans
344 1266 429 1328 nicht
452 1285 543 1349 seyu,
569 1267 627 1327 dan
653 1286 685 1327 es
709 1264 802 1327 leidet
823 1265 861 1327 Je
885 1265 950 1326 eius
974 1265 1029 1327 das
1053 1266 1147 1327 ander
1165 1262 1261 1337 nieht,
1287 1263 1346 1325 und
1364 1262 1409 1325 ist
1423 1261 1516 1325 alleiu
1539 1262 1579 1324 die

165 1411 168 1416 .
225 1356 306 1435 frag,
330 1355 465 1417 witliche
489 1356 582 1416 under
606 1356 701 1416 denen
726 1353 911 1416 kunstliober
934 1353 993 1414 vnd
1017 1353 1181 1416 zierliclrsr.

287 1444 457 1537 ⁸Bisshsro
481 1462 548 1505 vom
574 1442 717 1506 Werekh.
763 1440 832 1504 Jam
857 1443 895 1503 ad
920 1443 990 1504 alia.

293 1584 352 1635 Jam
370 1583 507 1648 Kepleros‚
531 1583 628 1634 rediens
647 1584 680 1634 ιιιι
698 1589 842 1634 consuetum
860 1596 1013 1639 sermonem,
1038 1581 1116 1630 letius
1135 1583 1216 1646 pergit
1234 1580 1268 1631 ad
1285 1578 1490 1646 chronologiam.
1515 1593 1582 1645 quem

223 1656 332 1721 pluribus
350 1661 403 1705 tum
420 1670 464 1719 per
481 1655 566 1705 literas
586 1669 640 1705 oum
659 1654 794 1705 Maestliuo
812 1654 1028 1718 perserutabatur,
1048 1659 1074 1702 et
1093 1653 1231 1704 oonoludit.
1250 1651 1421 1717 theologorum
1439 1652 1581 1702 ιιιιιιιιιοιιιι

206 1728 363 1800 Ιιιοιιιιιῐιιιιι
383 1726 511 1790 Coparuiol
529 1728 669 1777 sententiae
688 1727 783 1776 eminus
801 1725 983 1792 obloquentium
1003 1721 1062 1783 (rid.
1082 1738 1157 1787 supra
1175 1740 1199 1788 p.
1211 1719 1265 1785 38).

296 1852 367 1902 Haeo
386 1856 485 1900 tautum
503 1850 534 1899 de
553 1865 627 1914 opere
647 1848 791 1900 mechanico
812 1849 898 1899 addit:

312 1940 407 2002 Tuam
436 1957 566 2018 agnosco
596 1939 685 2000 fidem
722 1948 867 2018 perpetua
897 1938 1081 2017 gratitudine
1115 1938 1337 2000 celebrandam.
1385 1935 1513 1998 Utinam
1545 1935 1582 1996 ita

222 2048 272 2093 res
295 2030 492 2109 expediatur,
526 2037 560 2089 ut
584 2038 707 2107 uterque
733 2028 888 2090 laetemur.
936 2025 1075 2100 Quaeso,
1110 2028 1136 2088 si
1159 2028 1257 2089 miuus
1280 2043 1460 2105 responsum
1485 2025 1580 2087 stetin

222 2137 380 2269 acoepgq,
406 2116 536 2268 sdcribas,
566 2117 635 2197 quid
660 2118 789 2178 futurum
814 2136 950 2178 censeas.
998 2118 1031 2177 in
1056 2116 1178 2178 decreto
1203 2115 1306 2177 videor
1330 2131 1499 2193 agnoscere
1523 2114 1580 2175 Lu·

223 2226 289 2270 uam
344 2225 410 2269 sran
434 2225 507 2269 rum.

293 2346 410 2395 Latinum
423 2348 548 2411 seriptum,
567 2347 632 2411 quod
646 2349 671 2396 iu
684 2346 841 2411 sequentibus
853 2347 930 2396 literis
942 2351 1064 2395 memorat
1081 2343 1238 2402 blaesillam,
1252 2345 1329 2395 deest
1350 2343 1461 2396 Schema
1474 2345 1507 2395 sd
1518 2358 1581 2409 prse-

222 2418 299 2467 misss
316 2418 441 2481 pertinens
460 2432 477 2467 a
494 2417 563 2466 uobis
583 2419 697 2467 omissum
717 2424 762 2477 est,
783 2418 847 2483 quod
866 2424 892 2467 et
910 2420 1003 2480 majore
1020 2417 1100 2466 iorma
1112 2424 1178 2466 esset
1190 2416 1366 2482 effingendam,
1387 2422 1422 2474 et,
1441 2431 1508 2481 quae
1520 2417 1581 2479 Kep-

222 2489 288 2538 lerus
306 2489 432 2552 proponit,
453 2490 529 2539 etism
547 2489 639 2538 omissa
657 2488 822 2538 delineatione
843 2488 946 2551 intelligi
965 2493 1075 2550 possunt.

295 2560 333 2609 Ex
351 2559 478 2609 Maestliui
501 2559 578 2608 literis
603 2557 639 2620 (d.
659 2561 683 2610 d.
704 2556 885 2620 t.(tt.)Ju1.
908 2556 988 2619 1598)
1014 2559 1172 2622 responsoriis
1197 2558 1261 2608 baso
1284 2558 1465 2608 desumsimus:
1500 2559 1584 2621 Aeoepl

224 2630 276 2680 heri
294 2631 379 2680 literas
397 2637 454 2680 tuas
473 2646 528 2679 eum
547 2631 631 2680 rotulis
651 2630 694 2693 (ex
710 2638 782 2694 parte
802 2627 965 2691 conbustis),
994 2631 1027 2680 ad
1052 2630 1234 2693 designandum
1259 2631 1335 2679 enimi
1358 2630 1394 2679 tui
1420 2631 1584 2679 intentumin

223 2702 367 2752 isbrioendo
387 2716 460 2766 opere
479 2704 651 2751 astronomiae.
688 2703 833 2753 Iustitutum
851 2710 922 2751 tuum
945 2702 1004 2751 mihi
1027 2701 1159 2750 admodum
1177 2701 1269 2764 placet.
1308 2699 1377 2750 Deus
1396 2699 1521 2766 largiatur
1538 2700 1583 2750 ieli-

224 2774 347 2824 tissimum
367 2766 532 2823 successum.‘
553 2774 624 2838 Ego,
653 2781 784 2838 postquam
811 2774 952 2838 diligentius
975 2772 1085 2836 relegero
1112 2778 1137 2821 ιι
1164 2773 1248 2821 omnia
1265 2771 1416 2823 sufficienter
1432 2774 1584 2836 pensitareso

224 2841 277 2908 (ut,
300 2845 320 2893 si
339 2846 465 2908 quaesitus
485 2845 560 2905 luero,
580 2846 727 2908 respondere
751 2842 868 2907 possim),
896 2845 986 2894 curabo
1010 2844 1042 2893 ad
1061 2842 1097 2891 Ill.
1117 2844 1252 2907 prinoipem
1270 2842 1406 2892 transferri.
1445 2843 1583 2893 Maluissem

224 2921 308 2966 autem
326 2921 455 2980 utrumque
474 2923 543 2966 tuum
562 2919 694 2979 scriptum,
721 2917 895 2966 Germanicum
915 2920 941 2965 et
959 2915 1076 2964 Latinum
1102 2912 1213 2977 (praeter
1233 2914 1363 2978 epistelam
1382 2914 1416 2964 sd
1433 2930 1477 2964 me
1496 2915 1583 2965 ιιιιιιιι.

222 3000 287 3052 quae
306 2988 382 3035 etiam
400 2989 511 3050 privata,
532 3002 595 3051 quae
613 2988 678 3037 inter
696 3002 740 3037 nos
759 2995 844 3038 mutuo
863 2995 934 3041 sunt.
955 2983 1091 3046 eontinet),
1110 3001 1160 3035 nou
1178 2985 1237 3035 mihi
1259 2986 1378 3049 iuscripta
1397 2999 1472 3042 esse,
1491 2986 1535 3036 sed
1552 2984 1584 3034 rel

223 3057 367 3115 indefinite,
387 3064 505 3122 tanquam
525 3058 557 3107 ed
576 3059 684 3122 queraris
703 3059 828 3115 lectorem,
848 3058 885 3108 rel
905 3057 937 3107 ad
956 3059 1035 3121 ipsum
1054 3057 1188 3120 prinoipem
1207 3057 1284 3106 inisse
1304 3056 1408 3106 dbeota.
1440 3056 1585 3120 Numquae

223 3129 249 3178 iu
266 3129 537 3197 prooemio'„deieusio
555 3129 688 3192 propositi“
709 3130 745 3179 tui
764 3137 814 3186 est,
840 3143 890 3194 qus
910 3128 1040 3192 ..exempla
1057 3127 1157 3177 retera“
1178 3127 1237 3177 mibi
1254 3128 1358 3180 recitas.
1386 3126 1447 3176 mibi
1467 3129 1583 3178 dicuntur.

223 3200 295 3264 quasi
313 3199 357 3248 tibi
376 3201 512 3248 contrarius
537 3201 652 3255 inissem,
678 3201 783 3264 ideoque
806 3203 842 3250 tui
869 3201 984 3264 propositi
1008 3199 1067 3248 mihi
1091 3201 1198 3249 rationes
1217 3198 1322 3248 luissent
1345 3198 1512 3256 reddendae,
1536 3213 1585 3248 eum

224 3275 311 3320 temen
328 3269 392 3320 haee
411 3271 499 3320 eadem
518 3271 630 3334 exempla
649 3287 695 3335 ego
714 3279 774 3322 aute
797 3274 918 3327 noverim,
944 3276 1062 3334 tuumque
1084 3270 1131 3320 boe
1155 3272 1284 3320 inventum
1309 3283 1376 3319 nuno
1401 3269 1536 3334 aliquoties
1551 3268 1585 3319 m

224 3341 328 3405 principi
342 3341 372 3390 de
386 3343 479 3404 optima
492 3347 552 3391 uota
565 3343 796 3400 commendaverim,
816 3351 849 3400 et,
870 3346 891 3392 si
909 3350 937 3391 tu
956 3342 1076 3408 languere
1094 3341 1221 3399 voluisses,
1240 3341 1298 3391 mihi
1315 3340 1481 3400 incubuisset,
1499 3349 1529 3390 ιιι
1545 3355 1586 3405 ego

224 3411 293 3462 bisoe
310 3412 427 3475 exemplis
445 3420 471 3462 te
490 3428 638 3463 revocarem.
677 3413 726 3464 Sed
746 3415 778 3464 sd
796 3417 904 3468 tertium.
924 3415 1038 3464 nimirum
1057 3413 1095 3461 rol
1113 3414 1246 3477 prinoipem
1275 3412 1313 3462 rel
1331 3414 1357 3461 iu
1375 3427 1472 3477 genere
1491 3412 1525 3462 ad
1541 3412 1585 3461 leo·

225 3488 318 3541 torem,
338 3490 367 3531 ut
385 3490 411 3531 et
428 3485 494 3547 ipse,
517 3485 576 3533 lieet
593 3487 670 3548 primo
689 3486 779 3535 iutuitu
798 3502 847 3535 nou
866 3485 1004 3551 intelligat,
1030 3484 1221 3534 oblectationem
1239 3485 1265 3532 iu
1284 3497 1313 3532 ιο
1333 3488 1454 3546 quaerat,
1483 3483 1586 3533 defensio

223 3552 288 3604 haee
307 3553 437 3618 dirigenda
454 3556 549 3604 fuisset.
564 3591 570 3605 .
585 3589 612 3605 ..
650 3555 746 3606 Videbo
765 3564 862 3614 tamen,
887 3559 907 3605 si
925 3557 1001 3605 rerba
1017 3555 1062 3604 illa
1086 3554 1124 3605 rel
1148 3561 1244 3604 mutare
1271 3553 1310 3604 rel
1333 3554 1467 3604 obliterare
1491 3557 1584 3618 possim

142 3680 153 3696 ἱ
224 3639 256 3674 na
276 3623 340 3674 Cels.
360 3625 436 3688 ipsius
455 3628 589 3686 existimet,
614 3642 654 3677 me
674 3629 741 3678 uliud
758 3630 817 3691 ipsi,
837 3628 986 3684 cambarium
1008 3628 1053 3675 tibi
1081 3628 1221 3689 scripsisse,
1246 3626 1312 3675 uude
1331 3625 1496 3679 metuendum
1514 3632 1583 3680 estet,

223 3709 255 3747 ue
274 3701 353 3745 totum
371 3697 417 3747 boo
434 3704 504 3746 tuum
523 3699 648 3748 inventum
667 3708 693 3749 st
712 3715 772 3763 opus
791 3700 857 3762 apud
877 3698 941 3749 Cels.
961 3699 1037 3761 ipsius
1056 3698 1167 3747 silescat.

295 3767 394 3831 Alioqui
411 3769 498 3818 modus
517 3775 543 3818 et
561 3769 640 3818 iorura
663 3774 715 3833 eius
738 3772 774 3819 tui
797 3772 881 3834 scripti
904 3770 1062 3820 vehementer
1086 3769 1185 3833 plaeet,
1213 3775 1252 3818 est
1276 3769 1343 3818 enim
1367 3768 1441 3818 valde
1468 3767 1586 3819 eruditum

225 3839 356 3900 seriptum,
370 3840 435 3901 qnod
452 3839 536 3903 procul
557 3840 629 3889 dubio
648 3848 673 3890 et
691 3843 795 3905 principi
813 3847 839 3890 et
858 3841 1002 3891 consiliariis
1016 3840 1104 3889 harum
1116 3855 1197 3890 rerum
1209 3838 1404 3903 intelligentibus
1417 3846 1519 3904 gratum
1537 3840 1586 3889 erit.

296 3907 417 3958 Numeres
443 3910 578 3959 rotulsruru
606 3925 739 3976 earumque
766 3913 878 3976 pen‘odos
905 3913 1014 3962 nondum
1041 3912 1188 3961 examinari.
1227 3909 1350 3960 Videntur
1373 3917 1462 3960 tamen
1481 3910 1587 3960 nonnulli

225 3980 320 4027 numeri
339 3979 449 4029 dentium
467 3982 540 4029 nimis
558 3985 652 4046 magui,
670 3984 785 4032 nimirum
803 3984 870 4034 ultra
888 3981 940 4031 200
959 3990 985 4033 et
1004 3980 1063 4031 ³00.
1092 3982 1145 4032 Hos
1164 3996 1239 4046 aegre
1254 3982 1338 4045 capiet
1355 3986 1412 4031 rote
1429 3982 1496 4033 sdeo
1515 3981 1588 4040 exilis,

226 4056 251 4099 et
269 4050 402 4099 serendum
422 4057 473 4106 est,
498 4059 526 4099 ut
545 4054 594 4100 sint
611 4053 727 4103 diuturni.
763 4054 821 4105 Meo
839 4057 914 4121 igitur
929 4055 1023 4117 juditio
1049 4060 1188 4117 praestaret
1211 4053 1424 4117 superimpositi03
1454 4067 1516 4104 nam
1533 4052 1586 4104 nihil

225 4120 340 4175 referret,
358 4137 401 4184 pro
420 4136 472 4171 uua
490 4122 621 4175 dambori
641 4131 715 4173 rotas.
818 4157 821 4161 -

297 4191 337 4240 De
356 4206 452 4242 oenone
470 4195 495 4242 in
517 4191 586 4242 0000
606 4209 684 4243 annos
703 4203 730 4244 ut
749 4197 781 4243 sis
800 4195 932 4252 sollicitus,
952 4211 1012 4260 opus
1031 4212 1080 4246 nou
1100 4202 1152 4249 est;
1172 4197 1220 4244 imo
1239 4207 1287 4244 neo
1305 4195 1336 4244 de
1356 4196 1429 4244 suuis
1451 4192 1517 4252 100,
1536 4196 1588 4259 quit

226 4261 331 4319 suffieit,
359 4264 468 4328 singulas
491 4264 625 4314 tardiorum
643 4267 757 4329 periodos
775 4269 870 4320 metiri,
898 4274 924 4316 et
948 4282 1003 4316 eum
1024 4270 1059 4317 eis
1078 4267 1225 4317 velociorem
1245 4279 1328 4315 orasse
1346 4266 1420 4315 modo
1438 4281 1594 4330 comparare

224 4331 291 4382 Nam
312 4335 336 4382 in
355 4333 392 4383 bis
410 4334 520 4384 thesauri
538 4345 644 4387 naturae
663 4351 819 4402 nequaquam
844 4339 960 4402 explicari
982 4346 1102 4401 possunt;
1131 4338 1238 4394 suffieit,
1263 4336 1405 4398 huiusmodi
1427 4352 1507 4401 opers
1527 4339 1588 4388 intre

226 4400 261 4451 00
280 4419 358 4455 anuos
377 4420 426 4454 nou
445 4407 593 4456 sensibiliter
612 4422 706 4464 snare,
725 4416 752 4458 et
770 4409 828 4472 quid
846 4416 914 4463 tum.
941 4411 987 4459 etsi
1007 4409 1128 4460 Saturnus
1146 4415 1204 4472 post
1221 4409 1284 4457 dues
1303 4409 1431 4472 periodos,
1452 4408 1478 4458 ιι.
1498 4425 1521 4459 e.
1538 4415 1587 4472 post

226 4470 261 4522 00
280 4490 367 4535 annos,
387 4491 436 4525 uno
456 4484 530 4540 atque
545 4477 622 4527 altero
635 4480 723 4544 modu,
743 4480 779 4530 rel
793 4483 869 4531 etiam
882 4481 959 4530 tribus
972 4481 1088 4545 gradibus
1102 4479 1216 4530 aberret?
1247 4477 1320 4530 Certe
1338 4493 1422 4543 panos
1439 4481 1491 4530 ridi
1508 4479 1585 4543 bajus

227 4545 291 4595 modi
304 4548 468 4597 iustrumenta
481 4546 541 4608 (iuro
556 4547 670 4608 uatium).
690 4551 777 4615 quibus
791 4552 854 4601 Solis
872 4559 953 4601 motus
973 4566 1069 4601 annuus
1088 4550 1154 4600 ultra
1172 4545 1248 4600 385⁰
1265 4550 1359 4603 babeat
1377 4551 1456 4601 etiam
1470 4552 1585 4617 quadres·

226 4622 276 4665 tem
296 4618 352 4667 diei.
391 4618 444 4681 Ego
463 4625 530 4668 oerte
550 4620 652 4683 plurimo
671 4623 755 4672 labore
774 4624 875 4671 tandem
895 4623 1013 4685 ejusmodi
1032 4637 1161 4677 numeros,
1185 4624 1225 4686 qui
1245 4623 1320 4670 etism
1339 4622 1508 4686 quadrantem
1526 4622 1585 4672 illum

225 4686 349 4748 hab-aut,
369 4689 478 4740 iuvenire
496 4691 572 4754 potui.
610 4692 664 4743 Neo
682 4700 765 4742 tameo
785 4693 827 4742 illa
847 4708 943 4759 organa
960 4693 1071 4744 Uranioa
1088 4699 1219 4757 propterea
1236 4695 1306 4756 parri
1323 4693 1395 4741 fiunt.

297 4758 384 4809 Metuo
403 4766 503 4818 auteur,
527 4777 559 4812 ne
578 4764 641 4814 istae
660 4766 811 4827 objectiones
829 4772 855 4814 et
879 4766 1055 4817 difficultates.
1081 4779 1142 4829 ques
1161 4765 1185 4814 iu
1204 4767 1294 4827 scripto
1312 4770 1355 4814 tuo
1373 4764 1468 4815 multus
1487 4766 1531 4814 tibi
1546 4765 1585 4826 ipsi

227 4828 321 4892 oinois,
342 4844 360 4881 s
376 4832 500 4882 nonnullis
519 4833 600 4883 sciolis
619 4835 694 4886 veluti
709 4851 819 4885 enormes
833 4837 1023 4887 exorbitationes
1036 4837 1199 4901 accipientur,
1220 4842 1294 4901 atque
1307 4835 1372 4900 apud
1384 4836 1522 4902 prinoipem
1535 4848 1584 4884 ess·
