3278 5542
146 335 212 403 412
716 334 933 401 Humilem&

234 498 420 549 Hervartns
447 496 482 546 ab
506 493 699 560 Hohenburg
724 496 750 544 iu
768 495 846 544 literis
865 495 888 544 1.
910 493 935 544 2.
953 495 1012 545 Jau.
1035 493 1112 544 1599.
1135 496 1236 548 111111
1255 496 1361 561 Kepleri
1384 498 1495 547 sententis

148 572 244 622 scribit:
269 570 330 619 Was
349 569 392 618 der
408 567 473 618 Herc
491 569 517 616 iu
535 569 616 616 seiner
634 566 750 617 Praetica
768 582 799 615 nu
817 566 873 616 End
892 566 1019 616 derselben
1039 568 1069 617 dc
1087 574 1198 632 tempore
1221 575 1249 618 et
1270 567 1412 633 quantitate
1431 561 1458 633 ό
1473 576 1495 617 et

147 638 348 706 0⁰luminarinm
373 644 400 688 11
422 639 549 703 eclipsinm
569 637 719 694 disonrriert,
746 638 798 687 hab
822 637 862 686 ich
886 653 947 702 gem
965 638 1079 703 geleren,
1098 639 1149 688 und
1172 641 1323 694 vernimme,
1343 637 1400 688 dass
1418 638 1493 688 etliehc

145 713 318 763 Mathematici
340 713 364 760 in
384 710 480 768 Saxen,
509 709 569 757 alda
586 722 644 756 man
664 707 703 757 dis
722 708 839 758 bedentte
862 711 950 774 jungat
973 709 1129 759 beschehene
1152 725 1239 776 mosae
1258 711 1415 758 Finsternnss
1432 710 1489 759 coelo

145 784 297 834 1111111111
316 782 434 848 gesehen,
455 781 479 830 id
499 782 577 843 ipsum
596 779 714 828 obaerrirt
731 780 814 829 haben
833 780 925 834 111111,
945 780 991 830 111
1009 782 1116 832 nemlich
1134 782 1175 832 dle
1194 782 1264 832 Sonn
1283 779 1417 830 damahlen
1434 781 1489 830 nicht

144 872 191 905 ron
209 855 306 912 unden,
330 852 436 903 ronderu
461 867 509 900 von
528 851 591 900 oben
609 849 653 899 her
678 851 717 900 bei
739 845 771 911 ’1.
798 851 937 901 rerfinstert
954 852 1062 902 worden.
1100 853 1155 902 Bitt
1176 869 1219 902 nm
1239 853 1406 916 Briouternng
1422 853 1489 902 111111

145 927 283 982 anomalia,
301 926 400 975 1111111
420 923 453 974 ad
469 921 617 986 hypothesin
636 921 765 986 Coperuici
784 937 816 972 zu
835 924 1039 973 accommodireu.

232 1069 272 1119 Ad
288 1069 353 1119 haec
371 1066 498 1130 respondit
516 1064 690 1128 Keplerus:

233 1195 280 1256 De
305 1192 387 1255 Solis
411 1191 517 1270 eclipsi
548 1189 672 1269 primunr
702 1193 792 1253 11111
821 1191 891 1252 mihi
921 1200 1040 1271 gratum
1064 1199 1128 1264 est,
1159 1191 1306 1254 accedere
1337 1193 1375 1253 ad
1405 1211 1483 1252 mean

144 1284 271 1346 aliorum
295 1301 410 1362 quoque
444 1280 687 1354 observationes,
722 1282 829 1360 quibus
858 1282 1018 1361 praecipue
1046 1280 1132 1361 digiti
1164 1281 1298 1361 ecliptici
1326 1281 1481 1362 prodantur.

144 1374 227 1436 Saue
251 1390 358 1433 novem
383 1369 494 1448 digitos
519 1368 583 1449 ipse
607 1389 734 1449 quoque,
758 1371 811 1433 sed
836 1370 948 1431 oculari
969 1372 1079 1432 saltem
1094 1372 1278 1452 conjectura,
1303 1371 1386 1432 nulla
1400 1369 1482 1432 circini

144 1462 281 1541 ἀκριβείᾳ
304 1460 487 1523 constituere
510 1466 657 1537 poteram.

232 1552 337 1631 ltaque
362 1566 544 1628 magnopere
567 1555 598 1608 te
622 1567 689 1622 oro,
714 1555 748 1610 11
770 1547 848 1609 iuter
871 1556 989 1609 ceteras
1014 1547 1173 1611 aliorum
1197 1548 1480 1623 observationes,

144 1661 219 1721 quas
242 1638 410 1721 polliceris,
443 1637 521 1698 hauc
545 1636 651 1709 etiam,
682 1638 731 1699 nbi
755 1645 862 1698 nactus
887 1636 962 1708 eris,
992 1637 1148 1717 adjungas.
1194 1637 1327 1700 Omnino
1350 1639 1425 1701 haec
1446 1640 1482 1700 via

143 1740 191 1791 est
215 1730 253 1790 ad
277 1725 490 1808 perfectionem
514 1726 600 1788 artis.
647 1724 920 1790 Observatiouibns
948 1727 1013 1806 ipse
1037 1747 1153 1807 quoque
1176 1727 1332 1802 incumbo,
1365 1728 1481 1808 quamvis

143 1821 223 1881 nullo
251 1818 515 1879 instrumentorum
543 1816 682 1894 remigio,
713 1817 761 1877 vel
791 1816 859 1878 ideo
887 1817 1010 1890 saltem,
1046 1824 1079 1878 nt
1107 1816 1133 1878 ei
1166 1817 1285 1897 quando
1315 1817 1345 1878 iu
1375 1817 1482 1878 aliomn

143 1905 370 1970 observationes
403 1904 549 1976 incidam,
584 1924 641 1965 non
677 1905 750 1966 nihil
782 1906 925 1980 habeam,
961 1925 1018 1986 qno
1051 1905 1239 1984 diligentiam
1270 1906 1481 1968 observatorum

142 1999 306 2077 explorem.
351 1993 432 2058 Nam
455 1993 512 2055 hae
528 1994 755 2055 observationes
771 2014 903 2069 crassae,
930 2014 1005 2076 qnae
1029 1996 1220 2074 planetarum
1244 1995 1283 2056 11
1308 1996 1386 2057 fixas
1409 1997 1481 2058 situu

143 2087 236 2149 variis
260 2082 495 2147 circumstantiis
518 2083 657 2163 produnt,
683 2083 740 2145 etsi
765 2103 823 2146 nou
848 2084 886 2144 ad
910 2093 972 2145 tam
997 2084 1122 2164 exiguas
1145 2085 1370 2164 portiunculas,
1395 2094 1428 2147 ut
1446 2086 1481 2145 iu·

142 2173 384 2245 momentariae,
409 2172 573 2243 deducunt,
597 2172 693 2234 miuus
717 2181 828 2247 tamen,
854 2193 942 2253 quam
961 2173 1046 2243 illae,
1078 2173 1225 2235 obnoxiae
1249 2174 1481 2236 111111Ιί111-

144 2284 209 2327 rum
231 2261 385 2335 varietati,
411 2260 461 2340 qui
485 2262 642 2322 confertim
666 2262 873 2324 instrumentis
897 2261 1088 2324 insidiantur.
1135 2263 1181 2324 De
1198 2282 1299 2324 annua
1321 2263 1380 2325 hac
1404 2264 1480 2342 eclip-

144 2354 220 2415 sium
244 2349 402 2424 anomalia,
437 2349 495 2410 etsi
526 2369 582 2411 nou
613 2358 660 2410 est
684 2352 769 2424 (ante
797 2353 955 2413 multorum
987 2371 1130 2413 annornm
1154 2352 1276 2413 labores
1295 2351 1480 2416 continuatos.

144 2441 244 2504 omnia
266 2441 359 2520 probe
383 2445 558 2518 perspecta,
589 2441 688 2501 omnia
711 2441 817 2502 calculi
843 2440 973 2520 ecliptici
998 2440 1192 2502 1111111111
1216 2440 1254 2501 11
1280 2442 1424 2503 amussim
1443 2460 1480 2501 re-

143 2540 261 2603 vocata,
288 2548 390 2590 ornnes
414 2528 543 2588 omniurn
567 2535 734 2608 temporum
757 2530 885 2608 eclipses
910 2530 948 2590 ad
964 2529 1112 2591 calculum
1126 2528 1321 2591 Prutenicutn
1339 2530 1480 2600 reductos)

142 2619 299 2700 quicquam
321 2616 585 2696 pronunciandum,
609 2618 720 2697 ingenii
743 2627 846 2680 tamen
870 2619 971 2698 gratia
995 2619 1098 2680 licebit
1121 2617 1199 2679 serio
1223 2618 1384 2681 certamini
1406 2639 1480 2697 prae-

142 2709 254 2770 ludere.
300 2703 448 2767 Memini
475 2725 561 2767 sane
592 2705 627 2767 iu
651 2708 876 2770 Ptolemaico
901 2708 1094 2787 eclipsium
1126 2707 1274 2769 calculo
1304 2707 1349 2769 ab
1380 2708 1479 2770 Alba-

142 2797 267 2877 teguio
292 2793 559 2874 deprehensam
584 2796 814 2871 anomaliaru,
840 2805 877 2858 et
897 2797 1189 2876 discrepantiam
1213 2797 1478 2858 observatorum

141 2885 336 2967 eclipsiurn
369 2881 413 2944 ab
437 2883 566 2945 iisdem
599 2885 817 2961 calcularis,
852 2905 998 2965 eamque
1031 2885 1141 2947 aliam
1173 2905 1275 2965 qnam
1312 2886 1401 2948 haec
1431 2887 1478 2946 ho·

64 3029 66 3033 .
141 2976 270 3038 dieroa
293 2980 360 3035 est.
408 2973 480 3034 Ideo
504 2972 677 3052 prinsquam
701 2975 776 3037 certi
800 2973 869 3056 quid
894 2983 1060 3049 statuatur,
1085 2975 1166 3036 illins
1189 2973 1283 3035 etiarn
1307 2995 1401 3037 cansa
1421 2975 1479 3037 red·

141 3064 240 3125 denda
263 3062 331 3124 erit.
377 3063 717 3140 Praesnppouemus
741 3064 873 3144 igitur,
899 3064 989 3124 hauc
1013 3063 1232 3125 auorualiam
1255 3083 1409 3126 annuam
1429 3065 1476 3125 ho·

140 3154 351 3214 diurnarum
369 3149 563 3230 eclipsium
586 3162 800 3233 perpetuum
825 3171 908 3215 esse
932 3152 1122 3214 Prutenici
1146 3152 1286 3214 calculi
1311 3154 1478 3224 comitem,

139 3241 170 3303 si
194 3241 225 3302 is
249 3246 351 3303 retro
376 3246 582 3318 usurpetur.
629 3242 670 3304 Et
692 3242 878 3321 propositum
902 3240 988 3303 nobis
1012 3249 1088 3313 esto,
1112 3260 1235 3302 causam
1251 3242 1385 3320 reperire
1407 3242 1479 3318 hujus

139 3329 318 3392 anomaliae.
367 3324 443 3397 com
467 3347 537 3407 ergo
562 3328 621 3390 tria
644 3331 706 3393 siut
729 3348 870 3410 corpora,
903 3339 964 3391 tres
988 3338 1086 3391 motus
1113 3331 1153 3391 ad
1171 3330 1393 3392 noviluniorum
1414 3340 1478 3393 teur-

136 3438 213 3501 pora
235 3416 419 3480 dimetienda
443 3426 663 3494 concurrentes,
688 3426 762 3500 puta
788 3419 878 3492 Solis,
903 3419 1019 3492 Lunae,
1044 3427 1076 3480 et
1099 3418 1188 3498 primi
1212 3418 1332 3480 mobilis
1358 3423 1406 3494 (11
1426 3429 1477 3480 ter-

139 3509 227 3572 minis
260 3507 440 3568 usitatarum
464 3506 673 3588 hypothesium
697 3511 846 3582 utamur),
881 3508 1000 3586 singula
1037 3508 1173 3587 singulas
1210 3507 1297 3569 uobis
1328 3509 1479 3588 praebeant

139 3596 337 3679 suspiciones.
383 3595 463 3657 Nam
492 3596 561 3656 dum
593 3598 764 3660 vernalia
791 3597 982 3658 novilunia
1014 3605 1077 3659 aut
1103 3597 1314 3677 plenilunio
1344 3599 1477 3660 tardius

138 3707 244 3751 revera
266 3684 399 3758 veniant,
425 3702 513 3763 quam
528 3682 555 3743 iu
572 3687 687 3748 calculo
702 3686 923 3766 praedicuntur,
948 3685 1177 3748 autumnalia
1200 3684 1335 3748 citius:
1361 3689 1478 3749 sicnusa

137 3776 166 3839 iu
186 3775 268 3839 Solis
292 3781 375 3836 motu
404 3782 467 3848 est,
503 3783 623 3851 oportet
646 3775 749 3837 Solem
779 3794 870 3836 verno
900 3784 1035 3854 tempore
1069 3774 1186 3853 lougius
1216 3774 1246 3836 in
1277 3776 1478 3858 consequentia

464 3860 466 3864 ’
536 3863 650 3926 distare
675 3885 764 3943 quam
798 3885 816 3925 a
848 3865 963 3926 calculo
986 3863 1138 3942 proditur,
1172 3866 1340 3927 autumnali
1364 3866 1477 3928 brevius.

535 3952 578 4015 Ut
609 3955 639 4015 A
671 3954 714 4015 sit
742 3960 877 4016 centrum
909 3952 1010 4013 muudi
1043 3960 1074 4013 et
1106 3951 1186 4014 orbis
1220 3953 1373 4029 Lunaris,
1409 3955 1477 4034 cujus

535 4041 682 4105 diameter
709 4062 763 4123 per
789 4042 991 4121 longitudines
1015 4039 1096 4104 Solis
1127 4041 1244 4103 medias
1268 4061 1363 4123 prope
1387 4041 1476 4122 aequi-

535 4310 594 4371 1111
632 4309 661 4370 11
695 4329 752 4389 qno
788 4308 950 4369 assumitur
988 4309 1017 4369 in
1051 4309 1176 4377 calculo,
1219 4307 1371 4373 diameter
1400 4309 1476 4388 igitur

533 4417 587 4478 per
615 4397 817 4477 longitudines
846 4397 962 4458 medias
987 4395 1081 4459 LBO.
1128 4395 1177 4458 Sit
1207 4407 1309 4461 autem
1333 4400 1362 4461 D
1388 4396 1474 4466 Libra,

531 4479 671 4558 1111111,
695 4493 727 4548 11
751 4495 944 4547 assumantur
967 4486 1039 4548 bina
1062 4493 1199 4567 tempora
1223 4486 1254 4548 iu
1280 4488 1387 4570 quibus
1403 4487 1473 4549 Luna

535 4576 696 4638 secundum
721 4575 867 4637 calculum
892 4574 956 4655 (qni
981 4574 1039 4654 jam
1063 4574 1093 4636 in
1114 4577 1203 4637 Luna
1224 4594 1321 4639 verax
1345 4596 1408 4639 esse
1427 4591 1471 4652 pu-

136 4670 231 4744 nitur)
255 4671 298 4733 sit
326 4670 355 4733 iu
379 4658 419 4744 Q,
444 4672 485 4734 R.
532 4666 642 4734 Iisdem
658 4673 824 4744 temporum
844 4662 979 4724 articulis
994 4671 1162 4744 appareant
1186 4665 1215 4726 in
1231 4663 1469 4729 observationibus

136 4758 214 4822 duae
244 4761 374 4841 eclipses
398 4760 535 4869 Sclar‘es.
580 4755 716 4817 Necesse
744 4761 794 4815 est
821 4752 927 4832 igitur,
956 4750 1059 4814 Solem
1087 4772 1234 4836 apparere
1263 4756 1293 4818 in
1323 4749 1466 4819 11111111,
