3278 5542
691 382 774 447 ospes
791 382 871 433 xvn.
1404 382 1465 448 toa

119 538 299 601 ihilominus
323 559 379 620 ego
403 560 461 603 non
487 542 610 618 dubito,
645 543 714 623 quin
744 551 864 605 creator
887 542 927 604 ad
949 542 1062 620 figurae
1087 542 1171 621 hujus
1194 544 1412 622 praescriptum
1436 544 1465 604 iu

118 626 238 691 retibus
262 628 412 692 Mercurio
436 630 603 699 tribuendis
626 630 804 711 respexerit.
852 627 920 701 Quo
944 630 1072 692 divinior
1095 630 1192 709 magis
1215 632 1370 711 magisque
1394 632 1466 694 mihi

118 723 133 776 t
157 717 349 780 mmonomia
370 726 404 780 et
426 717 586 801 Copemici
608 719 724 800 placita
747 719 877 782 ethaeo
901 718 969 799 ipsa
991 717 1011 782 5
1036 738 1163 801 corpora
1186 719 1333 783 videntur.

193 800 354 875 Quaerant
376 806 437 882 alii,
463 808 513 889 qui
536 809 694 885 volueriut,
718 817 887 872 ceterarum
906 808 997 869 etiam
1017 807 1277 870 eccentricitatum
1296 828 1405 870 causas
1429 828 1466 870 ex

117 893 168 955 uis
193 912 329 975 quasque
352 897 538 976 corporibus,
573 895 648 960 Cum
673 896 751 959 euim
775 916 870 977 neque
894 896 951 957 hae
976 896 1212 958 exorbitationes
1231 897 1329 959 aDeo
1354 906 1467 959 temere

118 981 227 1044 tsine
250 1002 344 1044 eausa
370 990 476 1048 tantae
504 986 630 1066 singuiis
658 986 790 1067 planetis
823 985 958 1047 indultae
991 986 1072 1047 sint:
1106 1004 1164 1046 non
1198 986 1387 1066 desperanda
1419 996 1468 1048 est

120 1086 200 1153 eque
226 1070 332 1134 harum
354 1092 513 1137 oausamm
535 1075 741 1155 investigatio.
757 1078 785 1148 ⁰)

191 1158 298 1234 Porro,
322 1168 358 1222 ut
373 1164 507 1226 varietas
521 1163 662 1226 Mercurii
683 1164 721 1225 ad
745 1162 909 1225 ootetdron
934 1160 1185 1234 accommodetur,
1210 1162 1254 1222 sic
1279 1162 1327 1242 agi
1351 1172 1466 1242 posset.

118 1246 283 1311 temeretur
303 1253 459 1332 proportio
483 1262 612 1316 ecoentr.
638 1255 660 1331 8
684 1253 722 1314 ad
747 1250 924 1314 distantiam
947 1250 1078 1311 mediam
1106 1270 1125 1311 a
1150 1246 1190 1326 Θ
1221 1268 1275 1329 pro
1306 1261 1404 1325 certa,
1435 1260 1470 1313 nt

119 1337 175 1400 uia
195 1338 227 1399 in
252 1335 420 1418 Copemico
448 1341 596 1404 distantia
624 1342 718 1414 (sicut
740 1341 827 1404 vides
849 1340 879 1400 in
904 1339 1059 1400 schemate
1084 1335 1126 1401 23
1151 1345 1182 1399 et
1205 1336 1263 1414 24)
1293 1340 1469 1420 longissima

118 1435 152 1490 st
173 1422 261 1501 488,
295 1428 475 1492 brevissima
498 1427 582 1507 231,
614 1432 714 1492 media
742 1431 834 1510 igitur
857 1428 914 1490 erit
938 1423 1023 1499 360,
1056 1436 1088 1488 et
1116 1429 1271 1490 crassities
1301 1438 1369 1491 tota
1390 1426 1467 1492 257.

118 1514 190 1578 iseo
208 1514 275 1593 jam
298 1519 457 1580 crassities
480 1520 681 1600 corrigeretur
710 1517 993 1598 proportionaliter,
1027 1526 1060 1577 ut
1088 1516 1158 1595 qnia
1180 1518 1309 1579 circulus
1334 1519 1469 1581 octaedri

118 1622 156 1667 ro
179 1600 265 1680 488,
290 1624 412 1668 numero
437 1606 618 1688 Copemici‚
648 1609 776 1688 largitur
799 1626 856 1669 non
880 1607 948 1685 plns
971 1600 1050 1679 474,
1082 1624 1153 1684 ergo
1177 1607 1333 1668 crassities
1357 1608 1415 1670 erit
1437 1608 1466 1668 in

118 1710 161 1757 so
188 1694 383 1775 proportione
407 1695 493 1771 250,
527 1705 560 1758 et
588 1697 688 1760 media
715 1705 851 1759 comecta
879 1695 1026 1756 distantia
1055 1689 1129 1756 349.
1177 1695 1247 1757 Jam
1275 1696 1363 1771 vide,
1399 1696 1469 1777 quid

118 1782 185 1845 rbis
209 1784 239 1844 in
263 1785 407 1846 octaedro
432 1786 585 1861 admittat,
610 1787 728 1849 scilicet
747 1782 823 1848 387.
861 1783 1040 1845 Differentia
1063 1783 1154 1861 igitur
1178 1784 1256 1845 inter
1277 1780 1351 1859 387,
1377 1785 1467 1847 altis-

118 1871 211 1933 imam
235 1872 316 1934 orbis
340 1883 374 1935 et
395 1870 460 1939 849
488 1877 637 1950 mediam,
670 1884 718 1937 est
741 1870 803 1945 88,
837 1882 868 1936 et
898 1872 1020 1952 duplum
1044 1870 1106 1945 76,
1138 1871 1295 1934 crassities
1323 1873 1404 1934 orbis
1429 1873 1467 1934 ad

118 1960 224 2023 rodum
246 1969 433 2040 ceterorum,
464 1964 561 2044 major
584 1964 704 2044 quidem
728 1963 825 2024 adhuc
849 1980 937 2042 quam
961 1961 1110 2034 Veneris,
1140 1960 1192 2021 sed
1216 1968 1317 2022 tamen
1342 1980 1399 2022 non
1423 1963 1468 2023 ita

118 2048 253 2112 nanis.
296 2050 427 2133 Reliqua
450 2052 618 2115 differentia
641 2054 722 2115 iuter
745 2051 924 2114 altissimam
948 2049 1029 2110 orbis
1057 2047 1121 2114 387
1146 2057 1178 2109 et
1201 2048 1381 2111 altissimam
1405 2051 1466 2112 cir-

118 2138 163 2201 su
184 2133 267 2213 474,
298 2157 374 2220 quae
397 2149 449 2203 est
471 2139 528 2217 87,
558 2142 686 2205 debetur
712 2140 857 2221 peculiari
881 2138 1094 2199 exorbitationi
1119 2137 1272 2199 Mercurii.
1318 2138 1383 2199 Hoc
1408 2138 1465 2201 ἐπι·

118 2248 226 2309 poppae
248 2246 288 2289 an
312 2228 521 2309 abjiciendum,
545 2250 582 2292 an
608 2230 827 2294 conciliandum
850 2246 917 2290 cum
940 2223 1080 2304 ὑποθιτφ
1105 2227 1200 2288 forma
1224 2234 1357 2289 motuum
1379 2228 1409 2288 in
1434 2230 1464 2305 ζξ,

118 2332 144 2377 rs
169 2335 249 2379 noua
276 2325 410 2381 motuum
439 2319 517 2382 ratio
550 2318 780 2393 constituenda,
814 2317 1006 2380 considerent
1039 2316 1181 2378 artifices.
1228 2316 1293 2376 Nec
1317 2315 1395 2377 euim
1420 2316 1466 2378 ita

118 2422 178 2469 ane
191 2407 344 2487 explorati
357 2417 429 2470 eunt
441 2427 557 2471 errores
572 2409 661 2490 hujus
680 2408 797 2482 sideris,
824 2415 857 2469 ut
879 2406 944 2485 ejus
968 2405 1049 2467 orbis
1073 2405 1260 2467 correctione
1279 2423 1338 2466 non
1362 2413 1462 2485 egeat.

450 2585 494 2648 IN
519 2583 660 2649 CAPUT
682 2583 879 2647 DECIMUM
903 2579 1118 2645 SEPTIMUM

631 2705 745 2756 uorsa
764 2703 941 2756 summus.

157 2860 161 2867 .
183 2812 215 2885 a)
237 2815 328 2878 Quale
359 2814 396 2869 sit
416 2815 498 2879 illud,
529 2818 600 2887 qnod
631 2816 750 2870 artifices
774 2815 959 2896 peculiariter
989 2815 1148 2870 adscribunt
1175 2816 1323 2881 Mercurio,
1361 2818 1463 2872 rectius

125 2900 183 2961 aas
217 2913 255 2950 ex
285 2895 445 2950 Ptolemaeo
475 2896 548 2966 ipso,
583 2913 674 2966 exque
704 2895 852 2949 Purhachii
880 2903 910 2949 et
938 2895 1079 2950 Maestliui
1109 2895 1262 2949 Theoricis:
1281 2891 1318 2966 ⁸⁸)
1348 2896 1464 2969 denique

127 2977 235 3041 amodo
260 2975 427 3045 Copemicus
456 2976 524 3030 illud
555 2975 656 3046 duplici
683 2976 730 3028 ria
761 2975 837 3046 (quia
865 2975 917 3029 sihi
947 2975 1007 3045 ipse
1037 2993 1090 3028 non
1111 2973 1261 3044 satisfecit)
1291 2977 1320 3030 in
1350 2977 1463 3031 formam

127 3064 213 3110 tetrum
232 3055 429 3127 hypothesium
450 3056 640 3117 transtulerit,
673 3073 702 3108 se
724 3056 812 3125 ipsum
833 3061 927 3110 tamen
954 3054 1120 3119 contuderit,
1153 3057 1215 3125 plus
1246 3056 1348 3127 aliquid
1380 3073 1463 3128 prae·

128 3136 183 3189 titus
219 3134 282 3206 (per
312 3152 375 3189 snos
405 3143 495 3190 motus
530 3135 755 3207 triangulationis
792 3135 909 3205 alicujus
945 3131 1082 3205 aemulos)
1114 3153 1196 3205 quam
1231 3154 1268 3191 ex
1302 3137 1462 3191 Ptolemaeo

128 3210 164 3266 th*
184 3222 367 3287 proposuerat
395 3215 612 3286 exprimendum:
644 3216 670 3269 id
698 3223 786 3270 totum
812 3232 863 3269 neo
884 3218 953 3269 adeo
979 3216 1162 3270 necessarium
1187 3224 1231 3271 est
1252 3218 1304 3271 hec
1330 3219 1392 3272 loeo
1413 3235 1462 3271 ex-

128 3290 213 3360 ilitati,
243 3312 305 3350 enm
330 3295 369 3350 sit
392 3297 426 3349 de
454 3296 627 3365 opinionibus
647 3296 797 3359 hominum,
827 3313 881 3349 non
901 3298 935 3349 de
955 3296 1074 3349 veritate
1095 3312 1198 3359 rerum;
1229 3304 1260 3351 et
1279 3298 1302 3351 si
1323 3299 1388 3368 quid
1407 3299 1461 3351 uti·

129 3368 173 3429 lior
189 3376 241 3430 diei
261 3382 371 3446 potest,
401 3376 504 3432 rectius
526 3377 657 3431 aliorsum
678 3376 810 3444 rejicitur.
853 3378 884 3430 ln
905 3393 935 3429 re
956 3377 1036 3439 enim,
1058 3377 1111 3430 hoc
1131 3383 1188 3441 est,
1218 3380 1287 3446 quod
1308 3379 1460 3434 Mercurius

130 3448 177 3511 tris
195 3474 331 3521 enormem
359 3456 594 3511 eooentrioitatem
621 3457 714 3512 circuli
737 3456 777 3510 sui
808 3473 826 3510 a
845 3456 924 3521 Sole,
956 3474 1034 3527 quem
1055 3456 1186 3511 circulum
1206 3457 1382 3514 Ptolemaeus
1403 3461 1460 3529 epi·

129 3534 223 3601 ddum,
245 3553 300 3608 ego
322 3536 502 3593 eoeentricum
523 3538 596 3601 dico,
619 3539 744 3608 quodque
765 3537 793 3591 in
813 3536 862 3590 iilo
883 3537 968 3590 etiam
989 3536 1140 3591 eocentrico
1162 3544 1286 3591 movetur
1306 3539 1460 3610 inaequali·

128 3615 163 3677 Ἅι,
179 3619 212 3672 sd
231 3616 436 3688 proportionem
456 3618 680 3673 eccentricitatis.
721 3619 767 3672 Ex
788 3617 831 3671 his
852 3617 992 3687 principiis
1015 3625 1045 3670 et
1064 3635 1101 3671 ex
1120 3617 1326 3672 eccentricitate
1342 3620 1460 3673 Telluris

129 3699 234 3759 immede
266 3698 386 3752 conflata
415 3696 452 3752 sit
480 3698 632 3768 phantasia
653 3698 703 3751 illa
723 3696 839 3766 duplicis
870 3698 898 3750 in
918 3697 1054 3752 Mercurio
1083 3696 1223 3767 perigaei,
1256 3705 1285 3752 et
1310 3699 1349 3752 sia
1370 3705 1459 3752 motus

129 3777 185 3839 iwi
203 3776 398 3850 triangularis:
429 3777 457 3832 id
477 3778 664 3848 explicabitur
684 3777 711 3830 in
733 3775 966 3831 demonstratione
988 3784 1109 3830 motuum
1129 3776 1273 3840 Mercurii;
1305 3796 1356 3832 nec
1374 3778 1459 3848 plane

128 3863 248 3917 oseem
270 3873 403 3912 mmmam
422 3856 464 3912 rei
485 3857 512 3912 in
532 3857 608 3928 Epit.
630 3861 706 3912 Astr.
729 3857 776 3911 lib.
798 3859 845 3911 vl.
887 3857 994 3911 Sufficit
1014 3857 1147 3910 hocloco
1167 3856 1235 3910 illud
1256 3875 1379 3921 monere,
1405 3876 1459 3912 non

131 3944 172 3987 tus
197 3937 279 4006 hqjus
311 3936 517 4008 singularitatis
538 3937 710 3992 Mercurialis
733 3953 845 3992 oausam
867 3937 987 4008 aliquam
1019 3936 1227 4006 archetypicam
1258 3956 1294 3992 ex
1316 3940 1456 4001 octaedro,

129 4023 193 4084 ‘tque
210 4018 312 4073 falsam
331 4017 413 4088 hsqjus
435 4018 534 4088 capitis
556 4018 739 4089 hypothesin:
766 4017 993 4086 jucundissimam
1022 4023 1114 4070 tamen
1136 4018 1353 4072 recordationem
1374 4019 1457 4087 hujus

128 4091 319 4162 tl‘uhirematis,
347 4104 381 4152 ut
400 4105 550 4168 appareat,
577 4100 676 4169 quibus
697 4097 873 4170 ignorantiae
893 4099 1027 4171 gradihus
1051 4099 1085 4152 ad
1107 4100 1292 4153 astronomiae
1314 4100 1457 4153 solentiam

128 4174 376 4234 ‘lamtitntiouem
397 4179 574 4233 ascenderim.

184 4256 212 4325 h)
232 4260 328 4330 Neque
348 4258 401 4312 hoe
421 4259 595 4330 undiquaque
617 4260 657 4313 sic
676 4258 777 4312 habet:
808 4257 920 4312 Saturni
942 4258 1047 4328 quidem
1070 4275 1138 4313 vera
1157 4259 1348 4313 eccentrieitas
1370 4259 1459 4327 major

126 4335 158 4383 “l
170 4338 280 4403 loriali,
300 4339 377 4394 Jeris
396 4356 463 4393 sero
483 4341 570 4394 multo
590 4340 678 4393 minor
697 4338 822 4392 Martiali
842 4339 972 4392 inferiori.

126 4479 130 4490 Ι
184 4415 208 4484 c)
226 4421 314 4474 Nemo
344 4419 454 4484 extitit,
485 4419 531 4490 qui
552 4426 708 4491 quaereret.
750 4419 882 4481 Quaerite
913 4426 942 4472 et
972 4419 1126 4472 invenietis.
1170 4419 1313 4481 Quaesivi,
1344 4427 1373 4472 et
1394 4436 1458 4471 ecce

125 4496 203 4564 uliterii,
222 4500 271 4554 lih.
292 4499 327 4553 V.
348 4499 587 4565 Harmonicorum,
609 4516 707 4554 causas
728 4499 993 4569 praestantissimas.
1035 4502 1112 4552 Adeo
1135 4500 1235 4552 bonum
1256 4506 1285 4552 et
1304 4499 1385 4552 fidum
1407 4498 1459 4551 hoc

124 4576 185 4633 ”ltu
204 4580 274 4635 fuit:
302 4580 377 4633 Non
396 4581 597 4651 desperare:
626 4583 695 4635 adeo
715 4579 825 4650 pollens
846 4587 876 4633 et
896 4595 1056 4651 praegnans
1078 4579 1190 4633 axioma
1214 4578 1259 4632 hia
1280 4584 1458 4649 usurpatum:

124 4638 203 4714 lllhil
223 4676 241 4716 s
260 4660 334 4715 Deo
356 4665 488 4716 temere
509 4661 749 4716 coustitutum.
