3278 5542
643 327 970 394 menorans·
1421 324 1487 394 ros

684 488 815 551 Thesis
838 487 927 550 XIX.

221 572 328 637 Tertia
349 595 443 639 causa
465 575 703 656 praedictionum
725 577 851 660 physica
874 583 924 639 eat
936 573 1117 656 reliquorum
1139 573 1378 654 planetarum
1401 577 1487 640 varia

127 668 251 738 cature,
277 683 352 745 quas
375 665 432 746 ipsi
457 665 573 728 colores
588 667 726 746 produnt.
772 664 840 737 Quo
854 667 920 729 loco
936 664 1146 737 erraverimus,
1158 663 1197 725 ,si
1212 671 1339 744 quatuor
1357 666 1487 728 usitatas

126 751 296 833 qualitates
324 754 404 816 inter
430 754 572 834 planetas
601 755 829 819 distribuamus.
875 754 985 835 Frigus
1015 752 1094 814 enim
1122 759 1153 814 et
1180 752 1304 815 siccitas
1332 773 1391 816 non
1415 764 1486 817 sunt

127 840 299 922 positivae,
332 843 388 906 sed
411 842 585 923 privativae
620 843 694 906 lucis
724 852 757 907 et
785 850 933 924 cognatae
964 842 1081 904 animae
1109 842 1294 904 affectiones.
1341 841 1420 905 Nam
1443 844 1485 906 ibi

127 928 228 1010 frigus
251 939 284 993 et
306 931 430 995 siccitas
454 940 504 996 est
526 952 652 1006 summa,
675 934 726 997 ubi
750 934 801 996 lux
825 933 931 1003 omnis,
955 931 1056 995 anima
1079 932 1176 994 omnis
1199 931 1325 1010 ideoque
1349 940 1380 994 et
1402 933 1486 995 calor

126 1018 227 1082 omnis
252 1021 351 1084 abest.
398 1020 476 1084 Cum
502 1021 605 1103 itaque
634 1042 672 1083 ex
700 1023 783 1085 coelo
808 1021 882 1085 nihil
911 1021 950 1083 ad
973 1039 1027 1083 nos
1052 1020 1110 1082 nisi
1134 1021 1185 1083 lux
1215 1021 1372 1084 stellamm
1395 1021 1483 1084 dela-

126 1108 228 1186 batur,
253 1110 349 1191 frigus
371 1118 455 1174 certe
479 1117 511 1174 et
533 1110 656 1174 siccitas
678 1131 732 1193 per
756 1130 824 1174 sese
847 1129 906 1172 non
930 1108 1097 1172 delabetur.

689 1199 824 1263 Thesis
846 1199 919 1262 XX.

216 1284 283 1349 Nos
315 1282 348 1349 ει
374 1286 511 1350 variatas
539 1289 729 1369 planetarum
765 1287 846 1352 vires
877 1296 911 1351 et
947 1305 1101 1349 numerum
1135 1285 1236 1364 aliter*
1251 1293 1283 1348 et
1315 1288 1392 1349 torte
1423 1306 1482 1349 non

126 1373 336 1439 inconcinnius
361 1377 557 1452 deducemus,
583 1397 673 1459 qnam
687 1377 873 1442 Aristoteles
897 1396 953 1439 sua
976 1382 1103 1458 quatuor
1127 1375 1277 1437 elementa
1302 1394 1340 1436 ex
1354 1383 1483 1456 quatuor

126 1464 313 1546 qualitatum
335 1465 616 1530 combinationibus.
664 1467 805 1531 Variatio
820 1466 916 1529 omnis
940 1487 959 1526 a
975 1463 1241 1528 contrarietatibus
1261 1470 1319 1537 est,
1343 1472 1375 1525 et
1387 1466 1484 1545 prima

125 1574 147 1615 a
167 1552 286 1634 primis.
332 1554 467 1617 Primam
486 1555 733 1619 contrarietatem
757 1556 942 1619 Aristoteles
965 1555 994 1617 in
1018 1552 1234 1635 metaphysicis
1258 1553 1365 1633 recipit
1389 1553 1481 1629 illam,

125 1649 274 1724 quaeest
296 1642 374 1706 inter
401 1643 495 1706 idem
525 1653 558 1706 et
586 1646 700 1708 aliud:
733 1645 839 1708 volens
869 1663 961 1724 supra
988 1642 1185 1723 geometriam
1215 1643 1307 1705 altius
1331 1649 1363 1704 et
1386 1661 1481 1723 gene-

123 1732 221 1796 ralius
250 1731 465 1814 philosophari.
520 1733 598 1797 Mihi
627 1734 768 1813 alteritas
791 1732 821 1796 in
848 1733 960 1796 creatis
984 1732 1072 1794 nulla
1104 1731 1223 1793 aliunde
1254 1750 1322 1792 esse
1352 1730 1481 1806 videtur,

125 1839 218 1902 quarn
242 1839 281 1883 ex
303 1823 432 1884 materia
460 1828 514 1884 aut
541 1824 699 1886 occasione
731 1823 894 1895 materiae,
924 1828 958 1883 at
979 1820 1029 1882 ubi
1057 1819 1200 1894 materia,
1234 1819 1276 1881 ibi
1303 1819 1480 1898 geometria.

124 1911 235 1991 ltaque
259 1928 348 1990 quam
362 1911 549 1974 Aristoteles
572 1913 650 1974 dixit
672 1911 799 1993 primam
823 1910 1070 1973 contrarietatem
1093 1909 1158 1970 sine
1176 1908 1274 1970 medio
1298 1907 1376 1970 inter
1400 1907 1480 1969 idem

127 2009 162 2062 et
184 1999 288 2073 aliud,
317 2019 383 2063 eam
412 2019 470 2081 ego
493 1999 524 2063 in
551 2001 757 2081 geometricis,
790 1999 995 2082 philosophice
1021 1995 1237 2071 consideratis,
1269 1996 1388 2058 inuenio
1412 2016 1480 2058 esse

120 2088 253 2170 primam
276 2089 395 2170 quidem
418 2090 680 2165 contrarietatem,
706 2090 760 2152 sed
784 2109 850 2153 cum
874 2089 987 2164 medio,
1012 2087 1056 2150 sic
1080 2086 1213 2166 quidem,
1246 2092 1280 2148 ut
1303 2087 1383 2165 quod
1405 2085 1482 2147 Ari-

123 2177 235 2240 stoteli
259 2178 317 2240 suit
339 2178 464 2254 aliud,
488 2198 564 2242 unus
587 2181 747 2255 terminus,
774 2198 841 2241 eum
864 2197 919 2240 nos
943 2178 973 2239 in
996 2176 1078 2258 plus
1102 2182 1134 2238 et
1156 2173 1287 2248 minus,
1319 2173 1393 2235 duos
1417 2180 1484 2235 ter-

121 2267 224 2329 minos
257 2266 441 2330 dirimamus.
495 2266 573 2332 Cum
606 2286 677 2348 ergo
711 2267 879 2349 geometria
914 2266 972 2328 toti
1004 2265 1113 2328 mundo
1145 2264 1276 2326 creando
1309 2263 1484 2343 praebuerit

120 2355 294 2436 exemplar,
319 2375 379 2419 non
401 2356 503 2436 inepte
527 2357 602 2420 haec
625 2357 811 2437 geometrica
834 2355 1037 2419 contrarietas
1061 2353 1099 2416 ad
1124 2359 1262 2415 ornatum
1285 2352 1403 2429 mundi,
1433 2353 1482 2434 qui

120 2445 268 2508 consistit
289 2446 318 2507 in
342 2444 469 2508 variatis
491 2447 681 2529 planetarum
700 2445 824 2520 viribus,
848 2452 1016 2507 concurret.

679 2534 814 2598 Thasie
836 2533 925 2597 XXI.

216 2621 279 2685 Sed
302 2641 368 2686 cum
391 2621 421 2684 hi
445 2622 583 2687 termini:
608 2623 697 2700 idem,
722 2624 813 2700 aliud,
838 2622 975 2704 aequale,
999 2619 1078 2700 plus,
1103 2616 1216 2693 minus,
1240 2636 1294 2696 per
1318 2637 1385 2680 sese
1409 2617 1482 2680 nihil

120 2711 314 2794 significent,
349 2711 385 2772 de
414 2713 558 2793 subjectis
590 2713 665 2794 ipsis
695 2712 890 2793 cogitandum
918 2718 976 2773 est.
1024 2706 1171 2790 Snbjecta
1201 2714 1316 2781 autem,
1349 2726 1402 2768 seu
1433 2727 1482 2769 res

121 2803 295 2876 naturales,
320 2801 427 2882 quihus
452 2802 509 2864 hae
534 2808 708 2883 competant
731 2801 966 2873 enunciationes,
989 2797 1061 2859 inde
1076 2796 1232 2858 habentur.
1279 2795 1484 2876 Proposuerat

122 2891 185 2954 sibi
211 2888 359 2953 Conditor
381 2890 625 2970 sapientissimus
648 2891 789 2953 mundum
813 2888 996 2952 constituere
1021 2903 1205 2964 corporeum.
1251 2884 1384 2946 Primum
1410 2904 1482 2964 ergo

122 2989 218 3060 atque
242 2986 413 3042 creaturam
428 2981 576 3060 concepit,
601 2980 762 3043 materiam
786 2978 933 3058 concepit,
959 2995 1048 3055 quam
1073 2993 1111 3035 ex
1124 2974 1210 3035 Mose
1235 2973 1347 3035 scimus
1362 2993 1480 3056 aquam,

127 3071 188 3132 hoc
212 3077 274 3144 est,
298 3067 468 3144 humidam,
492 3070 700 3145 tractabilem,
733 3069 856 3131 fictilem
880 3066 984 3129 fnisse.
1030 3064 1115 3125 Haec
1139 3080 1210 3142 ergo
1234 3081 1295 3123 uua
1317 3082 1366 3124 res
1390 3071 1480 3125 natu-

122 3158 203 3223 ralis
225 3164 290 3230 est,
319 3157 425 3220 humor
447 3157 574 3220 scilicet.
621 3158 666 3221 At
694 3176 753 3220 uon
778 3155 896 3221 suffecit
920 3153 1069 3218 conditori
1097 3169 1205 3231 corpus
1229 3151 1347 3226 mundi,
1371 3152 1430 3214 nisi
1452 3153 1483 3214 id

127 3257 162 3311 et
185 3245 336 3310 conditori
358 3247 444 3309 lieret
466 3247 684 3327 quodammodo
708 3245 823 3322 simile,
854 3251 998 3322 suscepta
1020 3241 1085 3304 vita
1107 3248 1139 3303 et
1161 3248 1253 3303 motu.
1300 3240 1386 3304 Haec
1410 3261 1482 3321 ergo

123 3337 227 3399 altera
248 3354 298 3398 res
322 3342 384 3397 est:
418 3336 484 3398 vita
506 3335 634 3399 scilicet.
684 3335 754 3397 Jam
785 3335 855 3415 quia
886 3334 923 3395 de
956 3333 1113 3394 stellarum
1137 3329 1250 3391 viribus
1282 3329 1481 3410 disputamus,

124 3445 202 3507 quas
226 3432 368 3487 exercent
391 3424 421 3486 in
444 3424 492 3487 his
515 3424 722 3488 inferioribus:
747 3421 1015 3496 considerandum,
1040 3419 1182 3500 quidnam
1205 3439 1224 3478 a
1247 3419 1345 3481 stellis
1369 3421 1407 3481 ad
1427 3440 1482 3481 nos

126 3514 304 3577 descendat.
349 3513 419 3576 Non
447 3515 577 3577 materia
603 3515 652 3576 vel
682 3532 789 3593 corpus
813 3513 927 3592 ipsum;
957 3528 1027 3571 nam
1050 3508 1082 3570 id
1106 3515 1155 3568 est
1178 3513 1269 3569 antea
1295 3526 1389 3586 penes
1414 3528 1478 3569 nos.

125 3603 195 3667 Non
220 3602 286 3664 vita
308 3601 375 3682 ipsa
397 3603 601 3683 originaliter:
626 3603 704 3664 hanc
728 3602 805 3664 enirn
830 3600 954 3662 trahunt
976 3596 1111 3658 viventia
1129 3596 1230 3657 omnia
1253 3614 1291 3657 ex
1315 3595 1482 3676 agitatione

125 3693 260 3765 animae,
292 3709 368 3770 quae
400 3691 431 3753 in
458 3692 534 3772 ipsis
558 3699 616 3753 est.
663 3689 789 3754 Scilicet
816 3708 874 3750 non
904 3692 1052 3766 generant
1079 3685 1198 3757 stellae,
1234 3685 1287 3745 sed
1321 3685 1477 3770 adjurant.

126 3781 205 3845 Sunt
229 3798 302 3860 ergo
326 3799 344 3841 a
366 3789 454 3859 parte
477 3780 677 3843 instmmenti.
725 3777 975 3842 Instrumentales
998 3773 1091 3854 igitur
1105 3772 1269 3853 qualitates
1293 3773 1380 3834 nobis
1404 3792 1479 3853 sup-

125 3871 285 3949 peditant:
310 3868 384 3930 duas
408 3869 448 3930 ad
471 3869 596 3931 duarum
618 3888 718 3932 rerum
741 3867 922 3930 naturalium
945 3881 1112 3925 numerum:
1137 3861 1176 3922 ad
1195 3862 1340 3924 materiae
1361 3869 1479 3923 tracta-

126 3958 282 4025 bilitatem
303 3957 497 4021 humectandi
520 3958 550 4020 vi
573 3958 738 4038 pollentes,
762 3957 800 4019 ad
823 3956 906 4017 vitae
930 3960 963 4015 et
984 3959 1083 4014 motus
1108 3951 1254 4025 fomenta,
1280 3951 1479 4013 calfaciendi:

123 4057 284 4127 utramque
311 4047 450 4109 obtinent
481 4054 513 4109 et
535 4054 678 4133 exercent
705 4045 850 4108 beneficio
873 4042 963 4118 lucis,
988 4059 1076 4122 quam
1105 4040 1260 4102 obtinuere
1291 4048 1324 4102 et
1353 4043 1392 4104 ad
1425 4059 1480 4100 nos

118 4137 239 4219 jugiter
262 4134 433 4199 demittunt.
480 4136 572 4198 Lucis
595 4137 688 4216 igitur
709 4134 833 4217 propria
855 4132 995 4214 qualitas,
1022 4136 1170 4211 quatenus
1190 4129 1241 4190 lux
1255 4139 1313 4206 est,
1338 4130 1480 4193 callactis

120 4236 190 4292 eat:
215 4225 394 4301 iecissem,
419 4233 566 4306 qnatenus
589 4224 762 4301 reflectitur,
788 4222 919 4305 qualitas
943 4227 992 4282 εει
1014 4218 1209 4281 humectatio.
1225 4212 1266 4290 ¹²)

674 4312 807 4376 Thesis
829 4310 934 4374 XXII.

215 4402 301 4467 Duas
324 4421 397 4483 ergo
421 4402 586 4467 facultates
608 4403 769 4466 habemus:
794 4398 1005 4464 collectionem
1029 4403 1061 4458 ει
1082 4395 1347 4469 humectationem,
1373 4395 1404 4457 in
1423 4397 1481 4458 tri·

121 4493 197 4576 plici
212 4492 378 4572 quamlibet
392 4490 573 4568 discrimine,
598 4511 734 4567 excessu,
758 4487 976 4562 mediocritate,
998 4485 1128 4548 defectu.
1176 4484 1352 4558 Videamus,
1369 4492 1482 4566 quanta

122 4583 263 4646 varietas
290 4581 360 4643 inde
384 4587 537 4661 sequatur.
582 4581 721 4644 Primum
747 4585 876 4661 possunt
904 4594 971 4638 esse
996 4574 1151 4637 solitariae
1181 4574 1364 4636 facultates:
1399 4574 1482 4636 calor

124 4673 156 4736 in
181 4689 318 4745 ucessu,
342 4668 562 4746 mediocritate,
587 4671 716 4735 delectu.
763 4664 957 4732 Humectatio
975 4664 1007 4727 in
1022 4682 1158 4739 excessu,
1182 4661 1398 4738 mediocritate,
1425 4664 1480 4725 de·

125 4762 221 4825 lecto.
267 4759 326 4822 Hic
348 4766 420 4821 eunt
442 4759 629 4823 differentiae
651 4779 717 4822 sex.
762 4757 880 4821 Deinde
903 4772 942 4815 ex
964 4751 1184 4816 combinatione
1207 4750 1361 4830 utriusque
1382 4751 1481 4815 sacul-

124 4850 204 4915 tatis
226 4848 361 4913 oriuntur
383 4848 571 4914 differentiae
594 4867 713 4924 norem,
737 4847 817 4931 quod
840 4864 879 4909 ex
901 4843 1017 4906 tabella
1038 4847 1126 4922 patet
1147 4839 1272 4905 inferius
1296 4840 1409 4923 posita.
