3278 5542
146 268 185 337 14
731 271 893 325 Prooemium.

142 435 270 496 demere.
317 429 433 503 Quodsi
455 431 611 494 existimas
635 431 744 492 licere:
774 439 930 513 sequetur,
954 449 1009 492 noa
1033 449 1122 511 posse
1145 430 1256 493 habere
1280 427 1487 492 exactissimos

141 529 250 584 motus.
295 521 375 585 Nam
397 520 497 583 media
519 521 585 583 loca
607 528 677 581 sunt
699 539 737 580 ex
759 520 815 582 hoc
838 517 946 594 modo;
978 519 1085 583 deinde
1117 518 1318 582 dimensiones
1342 516 1488 581 eccentri·

27 632 32 637 ·
141 612 266 673 citatum
289 629 327 672 ex
350 608 529 691 corporibus.
577 606 772 671 Consideravi
796 616 905 681 autem,
928 616 1027 671 utrum
1046 628 1104 671 non
1119 608 1260 671 debilitas
1274 608 1328 671 illa
1342 628 1362 668 a
1376 605 1489 669 summi

141 699 288 762 inferioris
312 698 350 761 ad
372 699 461 761 imam
484 697 646 778 superioris
669 698 868 778 computanda
891 696 950 759 sit:
983 707 1017 760 ut
1038 698 1084 760 ita
1106 716 1160 778 per
1182 697 1353 760 crassitiem
1376 694 1489 759 orbium

142 788 223 850 nulla
246 788 397 849 accideret
420 785 597 852 debilitatio.
644 784 705 849 Sed
733 806 787 848 nec
815 786 870 848 hoc
903 786 1023 850 sufficit.
1068 787 1149 851 Nam
1176 786 1300 861 Venus,
1334 786 1430 847 Terra
1460 792 1490 844 et

139 877 224 939 Mars
248 876 392 939 deberent
414 875 524 939 habere
547 875 707 938 maximam
731 875 901 944 crassitiem
925 876 954 937 in
976 876 1169 956 proportione
1192 895 1265 938 suae
1288 874 1428 955 propriae
1443 873 1489 935 di-

140 965 291 1028 stantiae:
325 984 392 1027 cum
414 973 513 1028 tamen
536 963 566 1039 ll
589 971 620 1025 et
644 966 669 1040 ὸ
693 963 826 1026 habeant
848 964 992 1044 aequales
1015 973 1047 1027 et
1070 964 1226 1040 minimas,
1261 972 1333 1044 post
1353 959 1375 1041 ᾗ
1399 970 1431 1023 et
1455 959 1488 1035 9,

139 1055 208 1117 inde
232 1063 257 1125 d
280 1062 313 1116 et
335 1056 360 1130 ὅ
385 1072 450 1115 cnm
473 1053 574 1126 Luna,
604 1072 646 1116 sc.
671 1053 697 1114 si
720 1053 817 1131 ipsam
840 1052 921 1116 orbis
945 1053 1095 1116 crassitiei
1119 1072 1306 1129 accenseam,
1329 1051 1489 1114 maximam

140 1162 211 1206 vero
235 1143 348 1206 habeat
371 1144 403 1220 ζὲ.
449 1143 550 1223 Atque
574 1141 648 1204 haec
672 1142 828 1206 hactenus.
874 1141 924 1205 Ex
947 1141 1052 1222 quibus
1066 1142 1162 1214 vides,
1186 1162 1233 1207 me
1256 1150 1400 1224 nugatum
1423 1158 1489 1203 esso

140 1232 169 1294 in
198 1231 341 1315 proximis
369 1230 463 1294 literis
492 1231 528 1292 de
558 1231 721 1311 quadrante
745 1231 869 1293 fixarum
894 1230 1024 1293 ambitus
1047 1232 1156 1295 mondo
1179 1231 1360 1312 invergendo
1385 1247 1489 1292 versus

140 1321 253 1384 Solem.
298 1318 365 1399 Ego
395 1328 476 1382 certe
504 1318 663 1382 artificiose
690 1339 738 1381 me
765 1320 862 1400 ipsum
893 1320 1009 1400 decepi,
1039 1328 1071 1383 et
1093 1321 1201 1384 misere
1226 1320 1352 1402 quidem.
1399 1317 1490 1380 Nulla

140 1428 269 1491 unquam
292 1408 452 1471 calculatio
474 1407 542 1488 plus
565 1408 708 1488 temporis
732 1409 898 1489 occupavit,
923 1409 991 1489 plns
1014 1409 1172 1489 spirituum
1194 1408 1306 1483 hausit,
1331 1426 1420 1488 quam
1438 1405 1490 1468 illa

141 1499 208 1580 ipsa
227 1506 289 1559 tam
313 1517 392 1559 vana
414 1507 535 1578 tamque
559 1497 738 1559 frustranea.
784 1497 826 1559 Et
849 1505 950 1559 tamen
974 1498 1104 1562 fortasse
1127 1499 1224 1561 simile
1244 1497 1387 1578 quiddam
1399 1496 1487 1568 inest,

142 1588 221 1670 qnod
243 1606 300 1668 ego
324 1595 445 1649 secutus
468 1604 542 1648 sum.
588 1585 651 1648 Sed
674 1595 742 1648 utut
765 1586 847 1661 insit,
872 1586 984 1648 accidit
1006 1588 1114 1650 mundo
1138 1597 1170 1650 et
1188 1586 1333 1651 creatoris
1351 1583 1487 1657 consilio,

142 1678 206 1739 sive
229 1675 288 1756 ipsi
311 1684 436 1738 naturae
461 1671 562 1748 Solis,
585 1693 652 1736 cum
674 1673 785 1737 nullam
809 1675 922 1737 habeat
944 1694 1085 1738 causam:
1110 1675 1163 1738 sed
1177 1696 1214 1739 ne
1229 1673 1489 1756 verisimile‘quic·

141 1785 230 1847 quam
247 1772 382 1845 ,praeter
412 1762 662 1844 pulchritudinem
695 1764 787 1825 stulte
819 1764 963 1827 creditam
1002 1773 1034 1827 et
1065 1764 1174 1846 quietis
1201 1766 1324 1827 fixarum
1357 1781 1489 1825 causam.

141 1854 256 1917 Verum
278 1871 504 1934 supervacanea
526 1860 575 1914 est
596 1871 689 1914 causa
711 1852 781 1929 illa,
815 1871 881 1915 curn
913 1854 974 1915 alia
1004 1854 1046 1916 sit
1071 1854 1164 1916 multo
1187 1853 1284 1935 magis
1307 1851 1488 1914 necessaria.

140 1944 219 2008 Nam
243 1942 301 2006 etsi
325 1943 434 2023 exigua
457 1941 558 2022 aliqua
580 1940 675 2003 virtus
699 1961 822 2003 movens
845 1941 888 2003 sit
908 1961 1000 2022 prope
1024 1943 1118 2018 fixas,
1141 1962 1199 2006 non
1224 1952 1324 2006 movet
1346 1941 1417 2004 illas
1439 1950 1489 2004 ta·

85 2033 88 2039 ’
140 2052 219 2110 men,
246 2032 396 2114 quianon
421 2039 491 2092 sunt
512 2032 542 2092 in
565 2030 641 2093 loco.
686 2031 767 2094 Nam
790 2031 872 2093 locus
896 2050 934 2094 ex
957 2031 1003 2093 his
1026 2031 1177 2112 principiis
1199 2033 1239 2095 ad
1261 2038 1375 2094 motum
1389 2030 1489 2110 requi·

140 2122 233 2185 ritur:
270 2120 332 2182 tale
355 2138 461 2201 nempe
485 2118 563 2199 quid,
588 2119 618 2180 in
642 2138 699 2200 qno
723 2121 818 2182 virtus
842 2140 862 2181 a
884 2119 955 2182 Sole
979 2139 1134 2200 emergens
1156 2122 1271 2184 nitatur
1294 2130 1325 2182 et
1347 2119 1489 2182 reflecta-

34 2270 42 2280 ,
140 2221 199 2274 tur.
224 2210 268 2284 (in
292 2209 447 2290 margine:
471 2208 602 2270 Axioma
624 2208 840 2271 divinissimum
864 2210 1025 2272 valiturum
1046 2228 1101 2290 per
1127 2228 1231 2273 omnes
1262 2208 1408 2273 scientias
1436 2225 1489 2289 ego

139 2299 204 2380 jam
228 2298 326 2361 animo
349 2297 504 2377 suspicor:
528 2315 570 2358 sc.
595 2293 781 2375 Quidquid
805 2297 994 2359 constanti
1017 2298 1133 2361 utitur
1155 2316 1301 2362 numero
1324 2297 1360 2360 in
1386 2296 1485 2359 coelo

141 2389 202 2449 vel
221 2387 352 2460 Terra,
376 2387 454 2465 ejus
477 2384 616 2448 numeri
638 2384 738 2447 ratio
763 2385 818 2447 vel
840 2387 1000 2448 mediate
1022 2387 1084 2449 vel
1107 2386 1321 2450 immediato
1340 2383 1485 2450 abcor-

140 2475 291 2557 poribus
315 2472 538 2536 deducenda.
584 2472 679 2535 Utin
703 2491 774 2535 rosa
797 2473 923 2555 quinque
946 2482 1017 2537 sunt
1040 2476 1249 2551 beneseto).
1294 2476 1379 2538 Haec
1394 2473 1492 2538 omnia

140 2563 253 2646 poterit
274 2563 313 2625 D.
336 2569 515 2647 praeceptor
538 2581 626 2623 mann
649 2561 862 2625 Emdschochii
885 2562 1039 2645 descripta
1066 2565 1158 2628 etism
1190 2565 1230 2628 ad
1261 2563 1337 2626 alios
1369 2563 1491 2626 mittere

141 2664 173 2716 et
195 2653 355 2734 praecipue
374 2652 413 2713 ad
436 2650 612 2713 Rdslinum:
637 2650 686 2731 qni
709 2652 811 2731 procul
835 2651 923 2715 dubio
942 2653 1007 2733 jam
1028 2672 1116 2734 porro
1141 2655 1264 2717 l'atiscet
1285 2654 1341 2715 sub
1359 2652 1492 2733 pondere

141 2744 193 2806 illo
216 2741 310 2804 totius
333 2741 408 2803 coeli
432 2739 600 2802 eccentrici.
646 2739 747 2802 Etiam
778 2741 807 2803 in
831 2741 888 2803 hoc
910 2743 981 2804 mihi
1002 2743 1239 2823 gratificaretur,
1272 2741 1299 2804 si
1320 2739 1491 2804 Hohenl'el·

141 2832 204 2895 deri
217 2825 245 2905 ⁸)
269 2839 303 2892 ut
321 2828 445 2904 nobiles,
470 2848 554 2890 snam
577 2829 759 2891 sententiam
783 2830 913 2892 carmine
936 2832 984 2893 vel
1007 2850 1107 2912 prosa,
1132 2839 1166 2894 ut
1180 2831 1271 2905 lubet,
1296 2831 1491 2893 demonstra-

139 2930 217 2985 rent.
263 2919 345 2983 Nam
367 2917 411 2980 illi
434 2916 519 2979 liberi
549 2927 628 2979 sunt.
674 2918 721 2980 De
752 2919 821 2981 aliis
851 2920 1024 2982 academiae
1047 2920 1159 3000 juratis
1182 2928 1303 2995 metuo,
1335 2926 1370 2981 ut
1397 2918 1494 2981 velint

140 3008 254 3090 aliquid
276 3016 381 3069 contra
402 3015 554 3086 receptam
577 3007 757 3069 sententiam
782 3007 893 3088 largiri.
940 3007 1001 3070 Vel
1029 3009 1060 3071 in
1083 3009 1286 3090 disputatione
1310 3008 1347 3072 de
1362 3008 1453 3070 Luna
1475 3026 1494 3068 a

139 3119 186 3162 me
210 3095 382 3177 conscripta
402 3095 459 3158 hoc
481 3094 525 3156 M.
550 3095 694 3157 Miillerus
718 3095 952 3171 demonstravit,
977 3116 1065 3177 qnam
1088 3097 1199 3179 alioqui
1222 3098 1398 3159 defensurus
1423 3096 1491 3158 iae-

138 3196 189 3249 rat
211 3185 359 3248 Besoldus
374 3178 410 3258 ⁵).
455 3183 592 3263 Denique
615 3183 651 3245 de
675 3185 862 3266 typographo
885 3194 968 3248 tuam
983 3186 1164 3248 sententiam
1179 3186 1308 3255 audiam,
1332 3206 1370 3247 an
1386 3183 1492 3266 Grnp-

139 3274 337 3357 penbachium
360 3279 556 3354 opportunum
570 3281 602 3335 et
614 3281 752 3353 paratum
775 3292 925 3349 censeres,
951 3294 989 3336 an
1007 3276 1237 3338 Francofnrtum
1246 3275 1426 3337 mittendum
1440 3275 1490 3348 sit,

139 3372 171 3427 et
193 3383 268 3445 quae
292 3363 412 3424 soleant
434 3361 501 3423 iniri
516 3361 711 3425 conditiones.
749 3361 825 3443 Ego,
849 3365 961 3442 optime
975 3373 1163 3445 praeceptor,
1179 3383 1325 3445 propero:
1350 3382 1409 3426 non
1424 3382 1490 3425 meo

139 3453 304 3516 commodo.
351 3452 430 3513 Nam
452 3449 526 3511 haec
548 3449 600 3511 ubi
621 3450 763 3531 evulgata
783 3451 902 3527 luerint,
927 3452 978 3515 alii
998 3453 1100 3516 forsan
1118 3454 1205 3534 plura
1227 3453 1389 3528 invenient,
1415 3469 1487 3534 qnae

138 3542 210 3605 mihi
232 3539 399 3623 potuissem
421 3557 586 3602 reservare.
636 3537 698 3601 Sed
722 3558 822 3602 sumus
846 3559 948 3603 omnes
972 3543 1019 3614 (et
1040 3560 1097 3621 ego
1120 3542 1313 3622 praesertim)
1336 3540 1485 3621 ἕφημιροι.

137 3632 204 3713 Ego
228 3649 299 3693 vero
326 3629 451 3702 studeo,
484 3635 518 3691 ut
539 3627 614 3690 haec
638 3627 677 3689 ad
698 3627 757 3690 Dei
779 3628 918 3708 gloriam,
954 3630 1004 3711 qni
1034 3632 1100 3692 vult
1123 3651 1160 3694 ex
1183 3632 1258 3694 libro
1281 3638 1409 3693 naturae
1433 3648 1489 3711 ag-

138 3721 231 3797 nosci,
256 3739 344 3803 qusm
366 3716 537 3780 maturrime
560 3717 736 3799 vulgentur:
761 3735 817 3798 quo
842 3719 910 3800 plus
934 3719 986 3781 alii
1009 3718 1078 3781 inde
1101 3721 1297 3794 extraxerint,
1320 3720 1376 3782 hoc
1390 3719 1489 3800 magis

139 3811 284 3890 gaudebo,
308 3807 382 3871 nulli
404 3805 551 3871 invidebo.
596 3804 648 3870 Sic
670 3807 741 3869 vovi
762 3806 839 3883 Deo,
864 3808 907 3871 sic
930 3816 995 3872 stat
1017 3811 1178 3873 sententia.
1225 3808 1396 3887 Theologns
1421 3827 1489 3870 esse

139 3899 293 3962 volebam:
322 3897 372 3959 din
395 3894 541 3975 angebar:
565 3895 649 3957 Deus
671 3914 742 3957 ecce
765 3894 833 3958 meri
856 3897 949 3978 operi
972 3897 1064 3959 etiam
1087 3898 1118 3960 in
1141 3897 1325 3961 astronomia
1347 3897 1488 3960 celebra-

139 3997 197 4051 tur.
243 3985 324 4058 Quin
345 3985 468 4047 tandem
491 4002 557 4047 cum
571 3984 660 4046 Petro
684 3983 831 4046 attonitus
854 4004 994 4065 erumpo:
1017 3985 1079 4048 Abi
1103 4007 1122 4047 a
1144 4005 1201 4062 me,
1226 3986 1295 4067 quia
1309 3987 1397 4048 homo
1412 4005 1489 4067 pec-

138 4085 224 4138 cator
246 4093 322 4136 sum.
369 4071 404 4136 Si
426 4091 563 4152 unquam,
588 4072 636 4133 vel
659 4071 707 4135 hic
730 4072 822 4135 etiam
845 4073 881 4136 de
905 4073 1052 4136 industria
1074 4075 1237 4138 voluissem
1261 4094 1328 4137 esse
1344 4083 1488 4138 astrono-

137 4184 221 4240 mna,
255 4163 281 4224 si
308 4181 366 4224 non
399 4160 498 4222 omnia
521 4160 731 4223 delectationis
754 4181 848 4225 causa
870 4161 1090 4241 suscepissem,
1123 4163 1219 4226 minus
1243 4163 1376 4226 mirarer.
1424 4164 1488 4229 Sed

137 4252 258 4317 nimium
272 4271 318 4313 me
342 4250 467 4323 effundo,
492 4249 608 4330 gaudeo
630 4269 676 4311 me
700 4249 800 4312 videre
823 4251 910 4313 linem
933 4251 1064 4314 chartae.
1113 4254 1189 4315 Vale
1210 4254 1394 4332 Praeceptor
1409 4250 1487 4316 Cla-

136 4343 254 4406 rissime
278 4349 310 4403 et
332 4359 378 4401 me
402 4358 502 4400 arnare
519 4355 619 4418 perge.
665 4339 764 4402 Datae
788 4337 818 4404 3.
843 4337 912 4402 Oct.
938 4345 977 4401 st.
1002 4360 1032 4403 n.
1057 4361 1133 4404 anno
1157 4338 1210 4406 95.
1257 4340 1396 4404 Salutem
1418 4342 1487 4404 dico

138 4431 273 4495 omnibns
296 4427 555 4508 Praeceptoribus.

654 4515 859 4579 Humanitatis
882 4515 964 4576 Tuae

751 4603 986 4666 officiosissimus
1009 4612 1042 4666 et
1063 4604 1251 4684 gratissimus
1275 4604 1439 4686 discipulus

970 4694 1016 4757 M.
1038 4693 1091 4757 Jo.
1114 4693 1243 4778 Kepler.
