3278 5542
148 319 192 387 93
642 319 775 372 omues
794 320 907 371 aneon·
924 320 1019 386 peon.

148 481 272 544 laudent
294 481 391 543 instar
417 479 568 541 hominis?
610 480 678 542 Nisi
702 481 794 560 qnod,
825 482 894 542 dum
922 488 1099 560 argumenta
1121 480 1318 560 suppeditant
1340 477 1510 541 homiuibus

147 569 291 632 laudandi
309 569 376 643 Dei,
400 569 497 630 Deum
521 569 606 647 ipsae
630 569 753 630 laudare
776 570 922 632 dicuntur.
961 567 1060 640 Quam
1084 588 1188 631 vocem
1210 569 1302 631 coelis
1327 577 1358 630 et
1383 576 1510 629 naturae

146 677 245 721 rerum
268 659 337 719 dum
360 658 509 737 aperimus
533 657 580 717 his
609 657 751 739 pagellis,
783 659 998 738 clarioremque
1027 658 1189 720 efficimus:
1221 676 1308 719 nemo
1336 675 1392 718 nos
1420 655 1507 717 vani-

146 747 221 809 tatis
245 755 299 809 aut
321 746 468 808 inutiliter
491 746 581 807 sumti
606 747 716 808 laboris
742 756 860 825 arguat.

235 836 344 907 Taceo,
364 836 442 916 quod
463 835 537 896 haec
552 836 681 897 materia
700 835 871 909 creationis,
893 856 980 916 quam
997 843 1145 915 negarunt
1161 832 1342 916 philosophi,
1368 851 1507 912 magnum

147 932 357 1004 argumentum
381 932 447 985 est:
473 924 542 984 dum
559 925 716 999 cernimus,
741 924 786 985 nti
800 925 883 986 Deus
899 926 997 986 instar
1012 925 1137 1004 alicujus
1151 944 1189 984 ex
1204 923 1391 985 nostratibus
1407 922 1506 983 archi-

143 1014 249 1087 tectis,
281 1013 383 1074 ordine
408 1021 440 1074 et
461 1031 566 1073 norma
589 1014 628 1074 ad
652 1013 753 1074 mundi
776 1014 960 1075 molitionem
984 1013 1162 1086 accesserit,
1193 1013 1372 1092 singulaque
1400 1011 1506 1072 sitite

144 1103 308 1177 dimensus,
332 1101 419 1182 quasi
433 1120 491 1162 non
508 1121 558 1162 ars
572 1111 712 1164 naturam
730 1102 910 1172 imitaretur,
935 1103 989 1163 sed
1004 1103 1087 1163 Deus
1111 1102 1176 1181 ipse
1199 1101 1238 1161 ad
1262 1101 1393 1162 hominis
1417 1097 1505 1161 futuri

143 1210 256 1253 morem
281 1189 458 1253 aedificandi
481 1191 678 1273 respexisset.
783 1265 786 1272 ¹

233 1277 414 1359 Quanquam
428 1278 498 1357 quid
512 1297 638 1341 necesse
652 1288 712 1354 est,
735 1276 905 1340 divinarum
927 1282 1025 1340 rernm
1048 1296 1121 1341 usas
1138 1277 1238 1339 instar
1255 1275 1371 1338 obsonii
1388 1294 1503 1337 nummo

144 1367 330 1430 aestimare?
368 1368 447 1430 Nam
472 1368 543 1446 quid
566 1387 678 1448 quaeso
701 1369 827 1448 prodest
850 1368 947 1429 ventri
972 1367 1110 1429 famelico
1134 1366 1266 1446 cognitio
1290 1384 1391 1427 rerum
1414 1373 1502 1424 natu·

143 1456 261 1531 ralinm,
287 1457 357 1536 quid
381 1464 448 1517 tota
471 1456 587 1536 reliqua
610 1456 818 1519 astronomia?
864 1455 969 1536 Neque
994 1465 1094 1518 tamen
1119 1455 1243 1516 audiunt
1267 1453 1386 1516 cordati
1409 1452 1502 1515 horni-

143 1564 198 1608 nes
222 1545 306 1607 illam
331 1544 510 1618 barbariem,
536 1564 612 1624 quae
628 1546 796 1607 deserenda
809 1553 971 1625 propterea
990 1545 1050 1607 ista
1068 1543 1169 1606 studia
1185 1543 1333 1604 clamitat.
1367 1541 1502 1604 Pictores

144 1633 277 1706 ferimus,
303 1634 478 1714 quioculos,
504 1634 745 1716 symphoniacos,
771 1634 820 1719 qui
835 1650 923 1697 tures
938 1627 1112 1701 oblectent:
1138 1632 1273 1713 quamvis
1288 1632 1402 1693 nullum
1416 1629 1502 1719 rebus

143 1722 256 1784 nostris
280 1723 510 1784 emolumentum
535 1724 673 1786 afferant.
719 1718 762 1784 Et
785 1742 843 1784 non
868 1730 985 1783 tantum
1009 1722 1151 1797 humana,
1182 1720 1236 1781 sed
1261 1720 1351 1781 etiam
1377 1719 1502 1780 honesta

143 1819 284 1872 censetur
306 1813 457 1899 voluptas,
481 1829 558 1893 quae
582 1831 619 1875 ex
642 1819 834 1894 utrorumque
858 1812 997 1890 operibus
1021 1812 1150 1891 capitur.
1188 1808 1275 1895 Quae
1298 1809 1392 1888 igitur
1415 1806 1501 1869 inhn-

142 1899 287 1976 manitas,
318 1919 394 1981 qnae
418 1898 564 1972 stultitia,
593 1901 686 1962 menti
714 1919 800 1961 suum
824 1899 957 1962 invidere
981 1900 1138 1962 honestum
1161 1898 1316 1976 gaudium,
1349 1896 1446 1958 oculis
1473 1906 1502 1955 et

142 1987 264 2052 auribus
296 2007 354 2051 uon
391 1988 550 2051 invidere?
604 1989 718 2051 Remm
749 1998 876 2050 naturae
913 1996 1079 2068 repugnat,
1118 1988 1168 2067 qni
1204 2006 1272 2049 cnm
1304 1986 1352 2049 his
1391 1994 1505 2066 pugnat

141 2077 386 2143 recreationibus.
441 2077 521 2139 Nam
554 2078 604 2158 qui
637 2078 710 2143 nihil
747 2077 775 2139 in
810 2085 949 2143 naturam
980 2077 1164 2150 introduxit,
1199 2075 1328 2139 Creator
1361 2073 1500 2155 optimus,

141 2166 189 2227 cui
225 2185 283 2229 non
324 2185 389 2228 cum
426 2166 465 2227 ad
502 2168 735 2245 necessitatem,
781 2175 846 2227 tum
882 2167 921 2229 ad
957 2165 1210 2248 pulchritudinem
1247 2173 1278 2227 et
1317 2164 1503 2243 voluptatem

141 2254 259 2316 abunde
282 2253 493 2333 prospexerit:
517 2255 544 2315 is
559 2262 692 2319 mentem
704 2253 841 2329 hominis,
867 2255 960 2317 totius
975 2265 1102 2319 ceturae
1117 2255 1278 2325 dominam,
1304 2271 1390 2319 suam
1410 2250 1502 2331 ipsios

140 2343 310 2421 imaginem,
335 2342 431 2403 solam
453 2342 536 2402 nulla
559 2342 714 2421 voluptate
737 2341 899 2403 beaverit?
936 2343 998 2404 Imo
1019 2342 1062 2405 uti
1082 2362 1138 2404 non
1159 2342 1340 2422 quaerimus,
1366 2360 1426 2421 qna
1449 2358 1501 2419 spe

140 2430 287 2492 commodi
303 2431 441 2491 cantillet
461 2430 589 2504 avicula,
615 2451 680 2492 cum
700 2430 829 2491 sciamus
844 2430 945 2491 inesse
959 2431 1145 2511 voluptatem
1161 2432 1190 2492 in
1206 2439 1305 2498 cantu,
1330 2437 1500 2509 propterea,

142 2518 214 2599 qnia
237 2518 276 2580 ad
300 2526 421 2583 cantum
444 2519 537 2581 istum
560 2520 644 2583 facte
665 2526 734 2585 est:
760 2519 804 2583 ite
826 2538 881 2584 nec
900 2519 956 2583 hoc
971 2521 1183 2600 quaerendum,
1207 2538 1259 2581 eur
1273 2538 1357 2580 mens
1373 2518 1503 2578 humana

139 2615 259 2673 tantum
280 2614 382 2675 tumst
403 2607 516 2679 laberis
539 2607 569 2671 iu
591 2607 798 2688 perquirendis
816 2607 898 2677 hisce
914 2609 1064 2677 coelorum
1084 2609 1214 2673 meanis.
1250 2607 1308 2683 Est
1331 2606 1411 2675 enim
1436 2606 1501 2667 ideo

140 2713 225 2757 mens
248 2695 393 2775 adjuncta
421 2695 558 2757 sensibus
587 2697 625 2757 ab
650 2694 766 2776 Opifice
793 2703 917 2773 nesus,
951 2717 1009 2763 con
1033 2705 1149 2758 tantum
1174 2705 1206 2758 nt
1229 2716 1262 2756 se
1287 2696 1385 2774 ipsum
1413 2695 1501 2755 homo

140 2792 335 2858 sustentaret,
360 2785 439 2865 quod
462 2783 550 2865 longe
575 2786 715 2849 solertius
739 2793 867 2865 possunt
889 2787 937 2847 vel
961 2787 1067 2848 brutae
1086 2786 1195 2848 mentis
1215 2783 1382 2846 ministerio
1407 2781 1502 2844 multa
1541 2826 1544 2831 -

141 2872 337 2936 animantium
360 2893 490 2954 genera:
515 2875 695 2950 sedetiam,
719 2883 754 2943 ut
775 2874 814 2941 ab
837 2874 884 2949 iia,
909 2892 995 2954 quae,
1021 2876 1099 2955 quod
1122 2875 1198 2948 sint,
1223 2873 1316 2937 oculis
1340 2871 1499 2943 cernimus,

141 2962 181 3025 ad
202 2981 312 3026 causas
335 2981 427 3042 quare
450 2963 514 3027 sint
534 2971 567 3026 et
589 2965 680 3039 fiant,
703 2963 971 3029 contenderemus:
997 2963 1132 3043 quamvis
1156 2963 1229 3025 nihil
1252 2961 1334 3025 aliud
1356 2959 1501 3029 utilitatis

140 3049 210 3115 iude
233 3069 419 3130 caperemus.
465 3054 568 3132 Atque
592 3053 668 3119 adea
692 3060 727 3114 ut
749 3051 892 3119 animalia
915 3060 1035 3128 cetera,
1058 3071 1226 3134 corpusque
1249 3051 1411 3115 humanum
1433 3044 1501 3112 cibo

139 3146 272 3219 potuque
296 3146 525 3203 sustentantur:
560 3139 743 3207 docuimus
766 3140 831 3220 ipse
860 3139 1009 3215 hominis,
1039 3141 1191 3213 diversum
1214 3140 1356 3220 quiddam
1380 3138 1420 3201 ab
1443 3138 1500 3201 ho·

139 3226 219 3289 mine
233 3229 278 3301 ⁰),
312 3235 490 3306 vegetatur,
520 3237 667 3308 augetur,
697 3236 730 3290 et
761 3229 911 3297 adolescit
943 3230 1161 3309 quodammode
1190 3227 1373 3308 cognitionis
1400 3226 1500 3291 isthec

139 3314 270 3395 pabulo:
301 3324 476 3396 mortuoque
501 3337 591 3397 quam
611 3318 681 3381 rivo
706 3317 831 3380 similior
852 3325 914 3390 est,
942 3318 968 3381 si
991 3318 1097 3385 harum
1122 3339 1219 3385 rerum
1242 3315 1393 3385 desiderio
1417 3315 1499 3385 nullo

140 3403 285 3483 ungitur.
324 3401 425 3474 Quare
449 3405 493 3469 uti
516 3415 643 3473 naturae
664 3406 857 3487 providentia
878 3406 1018 3485 pabulum
1043 3407 1245 3473 animantibus
1270 3424 1420 3485 uunquam
1445 3405 1499 3467 de·

139 3492 221 3554 licit:
253 3491 299 3554 ita
326 3511 384 3558 nou
407 3493 556 3561 immerito
579 3494 679 3559 dicere
701 3513 875 3575 possumus,
903 3504 1066 3575 propterea
1093 3504 1210 3567 tantam
1234 3496 1262 3557 iu
1287 3494 1378 3559 rebus
1402 3494 1500 3573 inesse

139 3581 339 3656 varietatem,
368 3590 489 3664 musque
516 3584 688 3647 reconditos
711 3583 742 3647 in
766 3586 916 3647 coelorum
940 3584 1055 3649 fabrica
1078 3586 1257 3659 thesauros,
1287 3592 1319 3645 ut
1347 3600 1501 3663 nunqnam

139 3671 262 3733 deesset
284 3670 432 3754 hnmanae
455 3673 548 3735 menti
572 3691 676 3735 recens
700 3671 855 3752 pabulum,
886 3693 923 3734 ne
948 3673 1101 3739 fastidiret
1123 3673 1305 3746 obsoletum,
1331 3691 1388 3739 neu
1412 3671 1499 3752 quie·

140 3768 253 3834 sceret,
282 3761 338 3824 sed
360 3760 486 3825 haberet
508 3762 539 3824 in
563 3761 619 3823 hoc
641 3762 751 3825 mundo
774 3770 952 3841 perpetuam
976 3762 1142 3835 exercendi¹
1158 3762 1203 3825 sui
1227 3760 1388 3829 cilicinam.
1405 3757 1434 3835 ⁸¹)

227 3849 333 3927 Neque
356 3867 427 3913 vare
451 3850 555 3913 harum
579 3851 742 3931 epularum,
768 3870 843 3931 quas
866 3871 905 3913 ex
924 3851 1073 3915 ditissime
1090 3849 1263 3919 Conditorie
1286 3869 1365 3928 penu
1389 3849 1420 3913 io
1445 3849 1502 3915 boe

139 3935 240 3997 libello
264 3936 392 4002 velutin
414 3957 521 4002 mensa
534 3939 686 4019 depromo,
710 3948 872 4019 propterea
891 3940 986 4003 minor
1005 3947 1054 4003 est
1069 3939 1222 4016 nobilitas,
1238 3938 1316 4019 quod
1335 3938 1502 4005 ammius

140 4024 220 4103 vulgi
244 4031 331 4102 parte
355 4026 404 4090 vel
434 4045 492 4088 non
518 4028 734 4106 gustabuntur,
766 4029 814 4091 vel
843 4037 1030 4108 respuentur.
1076 4027 1226 4099 Anserem
1249 4027 1376 4095 laudant
1397 4028 1501 4107 plnres

139 4129 228 4190 quam
250 4111 445 4197 phasianum,
474 4114 544 4193 quia
567 4115 617 4177 ille
641 4117 804 4181 communis
828 4126 890 4189 est,
922 4117 980 4178 iste
1004 4116 1109 4179 rarior.
1155 4118 1261 4196 Neque
1285 4124 1385 4187 umen
1409 4116 1501 4185 ullius

137 4199 236 4279 Apitii
258 4201 380 4280 palatus
404 4202 481 4265 hunc
504 4203 548 4266 illi
571 4211 745 4283 postponet.
783 4204 834 4267 Sic
858 4205 944 4285 hujus
964 4205 1111 4269 materiae
1134 4207 1267 4286 dignitas
1291 4212 1378 4275 unu
1402 4205 1501 4284 maior

138 4289 214 4363 erit,
239 4307 297 4368 quo
320 4289 478 4369 pauciores
498 4292 682 4367 laudatores,
707 4292 912 4373 intelligentes
931 4294 1020 4357 mode
1038 4295 1110 4369 sint,
1135 4295 1274 4374 reperiet.
1308 4293 1378 4356 Non
1392 4294 1501 4366 eudem

137 4377 227 4456 vulgo
250 4378 431 4443 conveniunt
459 4389 490 4441 et
518 4380 722 4460 principibus:
755 4401 852 4461 neque
881 4382 956 4445 haec
986 4384 1132 4447 coelestia
1159 4384 1327 4464 promiscue
1356 4383 1500 4455 unanima

138 4465 192 4530 sed
215 4465 355 4546 generosi
379 4468 488 4531 saltem
511 4468 602 4533 animi
624 4470 766 4548 pabulum
789 4478 879 4533 tunt:
903 4489 963 4534 non
982 4490 1049 4533 meo
1070 4483 1142 4535 voto
1166 4473 1213 4535 vel
1234 4490 1336 4553 opera,
1360 4491 1421 4535 non
1444 4491 1501 4535 sna

137 4561 254 4629 natura,
279 4572 337 4617 non
352 4555 409 4619 Dei
428 4555 550 4632 invidia,
575 4559 629 4621 sed
652 4559 845 4638 plurimorum
868 4559 1021 4623 hominum
1036 4561 1085 4623 vel
1101 4561 1281 4640 stupiditate
1297 4560 1345 4621 rel
1364 4561 1498 4641 ignaria.

136 4640 245 4704 Solent
267 4643 418 4724 principes
446 4645 549 4726 aliqua
572 4647 672 4726 magui
695 4647 785 4726 pretii
808 4647 888 4711 inter
912 4649 1061 4715 secundas
1085 4650 1196 4715 hebere
1219 4667 1358 4725 mensas,
1391 4648 1499 4730 quibus

136 4738 260 4795 utantur
281 4750 342 4795 nou
364 4734 422 4797 nisi
445 4735 549 4810 satori,
575 4736 696 4798 letandi
711 4736 828 4802 fastidii
841 4756 944 4801 causa.
983 4736 1036 4805 Sic
1057 4738 1132 4805 haec
1152 4747 1183 4803 et
1206 4737 1373 4818 hujusmodi
1397 4737 1501 4801 studia

135 4819 368 4921 generosissimo
391 4830 424 4887 et
445 4823 670 4908 sapientissimo
694 4825 800 4909 cuique
823 4833 888 4889 tom
915 4826 1035 4893 demum
1059 4827 1195 4908 sapient,
1226 4827 1276 4891 ubi
1304 4847 1321 4888 e
1349 4847 1424 4891 casa
1445 4844 1500 4912 per
