3278 5542
136 337 202 406 368
557 339 658 392 nurse
675 340 779 407 auree
797 342 949 409 memque
966 347 1068 393 mm

136 501 256 551 sustene
274 511 332 549 mes
349 496 430 549 adhuc
448 498 587 561 acquiesco.
624 498 681 549 Non
699 514 764 566 nego
783 508 885 558 umen,
909 500 1059 565 Keplerum,
1083 504 1112 549 ut
1136 496 1374 549 excellentinimum
1394 510 1477 563 genus

136 580 209 630 uam,
229 572 325 621 interea
342 569 441 618 modum
459 570 622 635 excogitasse,
644 586 692 635 quo
711 586 728 621 a
745 573 862 637 gradibus
880 571 1088 636 conjecturalibus
1106 569 1247 621 liberamur.
1285 567 1341 634 Ego
1357 575 1478 620 tuctu

50 692 53 699 ,
135 646 200 708 poris
218 643 285 692 velut
302 630 505 695 cusodrdurroc
523 643 548 689 in
566 640 614 690 hac
632 642 767 700 facultate,
795 652 821 692 et
844 643 1000 709 geometricis
1028 640 1280 692 demonstrationibus
1306 640 1389 690 minus
1409 652 1478 691 ιω

136 715 225 772 lactus,
244 714 307 769 leci,
327 711 391 774 quod
408 713 485 775 potui.
522 711 571 761 Vix
589 715 654 762 enim
672 728 716 777 per
734 713 859 764 biennium
881 715 944 764 serio
962 721 1023 764 tunc
1041 713 1209 763 astronomica
1225 715 1407 769 mrem,
1428 713 1479 760 mul
1509 750 1512 755 .

136 799 223 834 carens
243 788 411 847 praeceptore.
449 781 525 845 Spero
544 784 641 847 itaque,
665 784 698 833 D.
718 784 852 850 Keplerum
871 785 1002 834 humanius
1020 798 1061 833 me
1079 789 1260 838 tractaturum,
1288 780 1351 832 licat
1374 781 1479 846 quasin

139 855 327 905 hisrtificialiter
344 855 370 902 in
388 853 503 903 methodo
526 867 584 903 mea
602 855 752 904 tradiderim.
791 856 866 905 Aliud
889 863 928 906 est
950 857 1059 905 lursmre
1082 854 1155 921 quid.
1181 852 1300 917 aliudque
1322 852 1351 902 id
1371 854 1480 920 ingeniosi

137 927 236 976 tradere
255 933 280 975 ct
299 925 396 974 docere.
434 922 496 985 Quis
515 927 580 974 enim
604 933 664 976 aute
689 941 729 975 me
754 927 853 977 tabulas
876 927 1006 976 erectionis
1032 931 1058 975 et
1082 923 1223 976 mutium
1250 922 1406 975 Ptolemaiou
1425 924 1479 973 molo

138 997 305 1046 instituendae
324 1009 432 1059 unquam
451 991 602 1058 publicanti
639 996 761 1060 Keplerus
781 998 812 1048 de
829 996 932 1063 Marino
956 997 1134 1053 recte'ssutit,
1157 996 1238 1060 iprum
1262 1008 1322 1045 suss
1345 994 1442 1044 tsbulss
1458 1009 1480 1043 sr

136 1069 197 1117 meis
216 1068 304 1117 saltem
324 1067 498 1129 descripsisse,
526 1066 553 1116 id
570 1066 635 1131 quod
653 1068 711 1117 mihi
735 1071 797 1118 satis
821 1068 953 1118 consmbat
980 1072 1040 1117 ante
1067 1067 1172 1118 reditum
1189 1079 1276 1115 meum
1295 1079 1326 1115 ss
1345 1064 1427 1115 ltalia
1456 1067 1480 1113 lt

139 1139 288 1204 redarguere
307 1137 374 1186 illum
393 1136 489 1200 publice
506 1137 587 1194 nolui,
613 1153 663 1188 uon
682 1139 747 1188 enim
766 1140 790 1188 id
809 1139 856 1189 loci
875 1146 901 1190 et
919 1139 1037 1202 temporis
1055 1145 1115 1189 tunc
1133 1137 1279 1202 patiebatur
1296 1135 1390 1186 ratic·
1425 1132 1479 1196 Qrst

136 1210 232 1273 reliqua
256 1213 315 1258 sunt
338 1207 412 1270 hujus
436 1206 510 1257 Marii
529 1210 647 1271 epistolae
675 1209 707 1258 ad
726 1210 880 1274 Dioptricsm
898 1210 1000 1274 Kepleri
1027 1216 1087 1259 sunt
1103 1207 1251 1265 relcrsnda,
1279 1207 1324 1257 uhi
1341 1206 1480 1272 pluribmds

138 1279 212 1329 Marii
229 1280 329 1344 ingenio
348 1285 374 1328 et
391 1279 511 1332 mombar.
540 1280 769 1345 detectionibnsque
792 1295 854 1346 quas
876 1282 923 1330 sibi
939 1280 1075 1330 vindiderit
1092 1292 1202 1346 ηοω
1240 1277 1292 1330 me
1309 1284 1410 1328 tantm
1425 1284 1479 1328 nota·

137 1365 200 1407 mus,
220 1350 318 1400 tabulas
335 1349 390 1406 has,
410 1364 471 1413 quas
489 1349 597 1415 glorians
616 1351 677 1400 dicit
696 1366 730 1410 ,a
747 1366 774 1402 se
792 1351 922 1401 inventas“
950 1357 976 1401 et
994 1364 1011 1400 s
1029 1351 1132 1417 Msglno
1150 1350 1308 1414 descriptas,
1333 1350 1426 1399 minimi
1440 1363 1480 1400 sors

138 1422 256 1470 momenti
279 1434 358 1485 neque
377 1421 435 1484 quid
458 1422 513 1470 novi
532 1417 665 1472 continere.
704 1422 813 1473 Tabulas
832 1423 1025 1473 declinationum
1050 1427 1076 1472 et
1094 1421 1156 1472 coeli
1174 1421 1358 1471 modisticunm
1376 1434 1391 1471 s
1407 1418 1479 1486 ΒΨ-

137 1498 256 1541 montano
275 1492 401 1541 desumtas
418 1492 470 1554 ipre
489 1492 589 1549 latetur,
609 1493 724 1550 ,tabulas
742 1508 798 1543 vero
817 1493 945 1543 domorum
963 1498 1110 1558 supputssre
1130 1493 1240 1541 amicum
1258 1491 1427 1556 Augurtlnnm
1440 1490 1478 1540 Ls·

139 1564 207 1611 nium
221 1562 396 1612 0uuldinum.“
435 1561 564 1612 Calculum
578 1571 661 1613 antem
679 1562 746 1614 hunc
760 1564 864 1615 absolvit
876 1565 939 1615 duce
951 1564 968 1613 J
972 1563 1096 1614 ohanne
1108 1562 1302 1626 Hispalensi
1321 1558 1378 1624 (sd.
1389 1560 1480 1612 notem

139 1632 224 1683 liorib.
245 1628 336 1694 15⁴8),
355 1647 428 1697 quem
457 1636 572 1698 „saepius
591 1634 696 1700 legendo
715 1635 761 1684 sibi
781 1635 913 1685 admodum
931 1635 1078 1685 familiarem
1095 1632 1265 1690 reddiderat*
1292 1638 1320 1682 ct
1336 1634 1413 1683 verbs
1426 1632 1480 1695 holm

140 1705 248 1753 auctoris
266 1703 374 1753 nondum
391 1704 532 1769 intelligens
552 1704 711 1763 „methodum
729 1706 791 1755 cosli
810 1706 935 1757 domicilia
953 1705 1106 1756 describendi
1123 1706 1177 1769 ipss
1195 1703 1352 1753 adinvenit·
1383 1703 1427 1754 irs
1439 1717 1479 1767 p*

140 1777 218 1839 ceptis
241 1776 361 1831 latemur,
387 1776 484 1824 nescire
502 1790 547 1824 nos
565 1784 647 1825 utrum
664 1776 741 1826 rerba
759 1776 831 1826 Marii
850 1776 913 1827 hseo
931 1792 974 1841 pro
992 1778 1055 1827 reris
1075 1773 1220 1840 accipienda
1237 1775 1290 1824 sint
1305 1789 1403 1826 necne:
1421 1774 1480 1831 ,hut

139 1846 204 1909 quod
221 1845 275 1909 plus
294 1852 340 1905 est,
359 1843 425 1895 banc
444 1852 523 1896 totam
536 1847 646 1912 erigendi
659 1848 750 1913 figuras
764 1849 826 1898 coeli
843 1849 965 1898 rationem
978 1847 1115 1912 excogitari
1127 1848 1204 1911 prius,
1223 1858 1302 1911 quam
1319 1846 1361 1897 vel
1372 1847 1481 1912 qmmm

138 1917 164 1965 in
183 1918 308 1967 autoribus
327 1917 358 1966 de
376 1928 408 1965 aa
425 1915 500 1982 legi!¹

231 2004 447 2067 Gratissimum
474 2005 627 2067 inseruisti
651 2004 826 2085 duoypuqor
849 2005 949 2066 Marii.
997 2003 1061 2066 Sed
1093 2004 1130 2064 de
1164 2003 1260 2083 ipsius
1291 2003 1406 2067 tabulis
1430 2003 1480 2065 dis·

141 2101 263 2173 ceptare
287 2094 413 2155 ulterius
438 2093 553 2155 animus
577 2093 648 2154 mihi
672 2114 731 2155 non
755 2102 812 2155 est.
860 2092 979 2155 Sufficit
1002 2093 1069 2167 hoc,
1093 2092 1172 2173 quod
1198 2091 1272 2167 dixi,
1295 2090 1480 2154 incommodis

139 2202 207 2243 esse
231 2202 295 2256 usu,
320 2183 399 2261 quod
424 2182 509 2243 video
534 2191 686 2243 auctorem
711 2183 808 2244 fateri.
855 2181 1014 2262 Dirigendi
1037 2189 1069 2241 et
1084 2180 1218 2261 erigendi
1243 2181 1396 2263 rationem
1416 2199 1479 2242 mort

142 2271 326 2332 Ptolemaiou
360 2270 472 2332 tradidi
501 2270 555 2331 tibi
579 2272 607 2332 in
633 2270 762 2345 chartis3
795 2269 897 2331 ibide
927 2268 1131 2331 lhndameutis
1153 2268 1242 2348 hujus
1266 2269 1313 2331 rei
1338 2288 1376 2331 ex
1395 2269 1480 2331 Ptole-

140 2377 224 2420 maeo
249 2359 435 2438 disputatum
459 2359 652 2421 sufficienter.
699 2359 802 2422 Nolim
825 2376 896 2418 vero
918 2357 990 2419 mihi
1005 2356 1220 2419 necessitatem
1240 2357 1356 2438 imponi
1378 2358 1482 2421 eunden

139 2447 310 2509 resumendi
336 2447 469 2508 laborem
492 2448 521 2508 iu
546 2467 577 2508 re
601 2457 662 2508 tam
683 2446 751 2509 vilis
776 2446 929 2508 momenti.
976 2445 1118 2526 Sequitur
1142 2444 1171 2506 in
1187 2445 1288 2508 Mario
1303 2445 1396 2509 anxia
1415 2464 1480 2508 com-
1519 2442 1521 2453 '

139 2534 258 2614 paratio
283 2552 393 2609 eorum,
419 2554 495 2615 quae
519 2536 583 2614 ipse
605 2535 718 2614 primus
742 2535 930 2614 computavit
952 2543 984 2596 et
1003 2532 1233 2608 demonstravit,
1257 2552 1328 2595 cum
1351 2534 1398 2610 iis,
1419 2552 1479 2615 quse

140 2643 186 2686 me
211 2623 350 2703 agnoscit
374 2623 541 2685 reddidisse
565 2624 777 2696 commodiora,
803 2623 850 2685 cui
873 2622 1064 2703 subjungitur
1088 2622 1278 2702 deprecatio,
1304 2641 1344 2685 ne
1363 2623 1479 2685 iulum
1519 2624 1521 2671 ἱ

137 2711 259 2773 inanius
283 2711 380 2790 ipsum
403 2720 543 2773 tractem.
589 2712 658 2774 Nisi
683 2712 785 2786 fallor,
811 2722 843 2773 tu
868 2711 910 2774 illi
934 2711 1093 2791 scripsisti,
1119 2730 1167 2773 me
1190 2711 1331 2791 publicas
1354 2714 1479 2774 adversos
1519 2714 1521 2727 '

142 2801 239 2880 ipsum
255 2800 424 2880 suscepisse
445 2800 626 2874 iuimicitias,
652 2802 786 2880 adeoque
798 2801 861 2880 jam
876 2800 1025 2874 hostilem,
1050 2799 1076 2862 si
1092 2800 1157 2861 Deo
1175 2799 1287 2880 placet,
1311 2797 1479 2863 lihmmnihi
1519 2824 1521 2869 ε

141 2888 197 2950 suh
220 2888 357 2950 manibus
381 2889 506 2951 versari.
553 2888 598 2950 At
620 2889 666 2949 ita
689 2889 760 2950 mihi
785 2889 864 2950 bona
886 2907 970 2950 mens
995 2888 1111 2962 faveat,
1141 2888 1184 2950 uti
1208 2906 1266 2965 ego
1299 2887 1478 2970 unuqusmio
1518 2882 1521 2993 j

142 2978 188 3039 his
216 2977 333 3056 opinis,
367 2977 476 3038 nedum
508 2978 539 3039 iu
567 2976 837 3039 emendatiunculis
870 2976 963 3037 ullam
991 2975 1106 3057 gloriae
1139 2993 1225 3056 spem
1258 2994 1388 3057 ponam;
1421 2993 1479 3057 qosr
1517 2998 1521 3037 ι

140 3065 202 3127 illis
226 3065 255 3126 in
270 3065 384 3126 chartis
404 3085 552 3149 nmquam
567 3066 750 3145 attigissem,
777 3064 803 3127 si
827 3065 940 3145 absque
960 3071 1014 3126 tua
1033 3064 1203 3144 importuna
1216 3064 1477 3145 petitioneiuisset
1518 3044 1521 3145 1

141 3153 243 3215 Amici
266 3153 418 3228 charitati,
444 3172 500 3215 non
525 3172 590 3216 meo
616 3155 720 3229 hibitu,
747 3155 878 3233 scriptas
902 3153 1092 3226 memineris;
1125 3171 1254 3235 propere
1278 3153 1373 3234 igitur
1394 3163 1477 3216 usur
1518 3182 1521 3263 q

143 3260 246 3303 eamus
270 3242 403 3303 adalia

213 3345 285 3396 liaeo
305 3345 389 3406 ,alis“
410 3353 530 3404 sontes,
555 3360 618 3411 quae
637 3346 764 3409 respondit
781 3345 904 3408 Keplerus
930 3344 963 3394 ad
980 3345 1106 3395 residuum
1128 3345 1250 3411 epistolae
1267 3346 1411 3405 lisrisnse.
1433 3358 1481 3413 qis·
1519 3318 1521 3417 Ξ

143 3417 247 3467 diximus
266 3417 298 3466 ad
310 3417 465 3481 Dioptricam
483 3418 616 3468 referenda
634 3432 701 3474 esse;
721 3431 796 3482 quare
815 3418 891 3466 etiam
903 3416 1006 3481 Kepleri
1024 3416 1208 3481 responsionem
1220 3417 1280 3469 illuc
1298 3421 1429 3471 rererium
1518 3442 1521 3499 l

214 3487 344 3538 Conclusio
362 3489 489 3539 literarum
507 3497 534 3538 et
552 3489 638 3538 datum
658 3489 755 3538 desunt.
790 3487 849 3537 lam
867 3489 940 3536 misso
959 3486 1081 3537 Vickeuio
1100 3487 1133 3538 sd
1150 3486 1211 3537 alios
1229 3491 1373 3543 transimm

216 3575 465 3641 christophorus
484 3576 722 3642 Regulontins,
743 3572 810 3635 (ride
828 3573 904 3637 infra)
924 3575 1035 3640 duplus,
1054 3575 1133 3640 pridie
1151 3575 1239 3626 Nonas
1257 3578 1332 3630 l'sbr.
1353 3576 1418 3629 stus
1432 3576 1481 3628 bsst

142 3647 252 3712 Keplerc
270 3649 385 3713 scripsit:
417 3648 566 3699 Doctirrime
584 3648 634 3696 vir!
661 3646 793 3696 Tabellarii
811 3645 884 3709 hujus
903 3646 966 3696 adeo
988 3654 1089 3710 praeter
1113 3661 1210 3698 omnem
1235 3652 1431 3713 smecutiom
1445 3648 1481 3698 die

146 3733 231 3770 cessus
258 3721 353 3771 subitas
376 3735 426 3769 non
450 3734 491 3770 me
509 3720 568 3768 sinit
585 3718 662 3767 fusius
681 3718 713 3767 ad
732 3724 757 3766 te
783 3718 902 3775 scribere,
929 3724 958 3767 ut
979 3717 1068 3767 vellem
1094 3724 1121 3768 et
1142 3724 1170 3768 ut
1186 3733 1286 3784 semper
1302 3721 1363 3772 mibi
1379 3725 1405 3773 iu
1420 3721 1483 3771 miss

143 3791 205 3847 luit,
234 3805 264 3840 es
282 3806 329 3855 quo
347 3792 452 3855 primunr
470 3790 636 3840 muonomica
660 3796 715 3838 tua
734 3788 867 3855 Optica,
896 3787 1011 3837 nundinis
1029 3790 1159 3853 postremis
1176 3790 1340 3858 pervulgata,
1367 3792 1400 3843 sd
1415 3802 1484 3842 mast

143 3869 241 3910 nostras
258 3862 378 3925 pervenit.
416 3861 484 3925 Opus
503 3861 609 3925 quidem,
629 3866 657 3908 ut
675 3859 753 3909 doctis
773 3859 883 3907 omnibus
902 3861 1078 3924 gratissimum,
1099 3861 1137 3910 its
1154 3858 1189 3922 (si
1204 3862 1272 3925 quod
1290 3862 1361 3914 aliud
1376 3864 1483 3927 haiam

143 3929 220 3992 nens)
240 3934 362 3981 communi
380 3935 488 3982 omniurn
506 3931 737 3981 mathematicorum
757 3922 1098 3994 suffragiolaudsuuinun.
1138 3930 1205 3981 Nam
1223 3933 1271 3982 atsi
1290 3934 1364 3984 multi
1380 3936 1406 3985 hs
1421 3941 1482 3983 uro

145 4002 230 4050 nomia
248 4003 327 4052 multa
344 4005 526 4066 conscripsere,
545 4010 644 4058 tamen,
663 4009 692 4050 ut
709 4002 774 4065 qnod
792 4015 876 4048 rerum
894 4007 933 4050 est
951 4000 1026 4051 libere
1044 4002 1173 4066 profitear,
1197 4002 1352 4068 rullqucrnnt
1368 4019 1422 4057 sam
1435 4014 1484 4068 put

146 4086 230 4121 omnes
247 4069 357 4122 tenebris
376 4073 527 4123 densissimis
547 4074 734 4129 circumfusam,
759 4087 790 4121 ex
814 4072 901 4134 quibus
926 4078 953 4121 tu
972 4073 1076 4136 primum
1094 4086 1209 4137 agressus
1229 4088 1256 4125 as
1280 4076 1365 4140 ipsam
1380 4078 1407 4127 lu
1421 4075 1486 4125 latu

146 4143 281 4192 vindicare.
319 4144 357 4193 Tu
376 4145 441 4193 enim
460 4159 510 4193 non
528 4144 607 4192 solum
626 4144 762 4193 eruditione
780 4143 850 4191 raris
867 4143 1015 4198 inrmuctus,
1043 4143 1089 4193 red
1113 4150 1139 4193 et
1162 4146 1319 4208 experiemm
1335 4147 1486 4213 muldpliu'tt

147 4213 318 4263 observatione
338 4215 446 4277 adjutus,
467 4214 626 4264 difficultates
644 4228 729 4264 omnes
747 4214 821 4263 facile
840 4215 971 4277 superasti,
991 4229 1046 4263 cum
1066 4213 1097 4263 dc
1114 4215 1316 4275 retractionibus.
1334 4218 1366 4269 ds
1383 4220 1442 4269 rbus
1454 4228 1484 4265 rs

145 4284 221 4343 done,
241 4285 272 4334 de
291 4284 345 4333 luce
364 4286 485 4342 siderum,
506 4286 535 4334 de
555 4285 681 4349 eclipsium
700 4285 886 4341 observatione,
906 4285 937 4334 de
952 4285 1121 4351 parallaxibus
1144 4291 1171 4335 ct
1188 4285 1289 4352 reliquis
1306 4288 1380 4353 holm
1396 4285 1486 4340 numi

146 4356 268 4404 scientiae
286 4356 378 4404 intimis
398 4358 496 4406 arcanis
516 4357 578 4406 adeo
598 4357 664 4405 clare
683 4355 868 4420 philosophatus
887 4356 929 4412 sis,
949 4363 978 4405 ut
995 4356 1046 4405 lere
1065 4356 1125 4406 nihil
1142 4358 1267 4407 intactum
1278 4361 1407 4426 reliquisse
1417 4358 1484 4409 uus

146 4427 193 4482 ris,
222 4425 287 4491 quod
306 4426 339 4475 ad
357 4425 423 4476 hanc
442 4433 521 4476 artem
540 4427 603 4476 adeo
622 4427 729 4476 divinam
749 4426 950 4489 amplificandam
973 4427 1011 4476 rel
1029 4427 1147 4490 physicas
1170 4426 1210 4478 rel
1228 4429 1331 4493 opticsa
1353 4439 1381 4484 ct
1395 4431 1487 4495 raham

145 4497 287 4547 matheseos
305 4497 415 4547 thesauri
427 4496 583 4562 suppeditare
601 4505 711 4561 possunt.
749 4496 831 4557 Quam
850 4498 880 4546 ob
893 4511 953 4554 rem,
973 4498 993 4546 si
1012 4496 1121 4548 antehac
1137 4512 1203 4548 mors
1215 4499 1355 4553 lmmstnrs
1365 4496 1487 4553 nobilis&

145 4567 269 4629 'lychonis
287 4582 372 4618 omnes
392 4570 557 4618 astronomiae
575 4568 686 4617 alumnos
704 4567 841 4616 incredibili
859 4583 923 4631 pene
942 4567 1025 4619 dolore
1043 4568 1137 4627 affecit.
1153 4571 1183 4619 'in
1199 4568 1250 4620 hoc
1267 4584 1334 4623 saus
1351 4589 1401 4625 nou
1411 4574 1487 4622 rm

146 4639 283 4702 gaudioso
301 4643 426 4690 recreatus
444 4641 567 4696 sentiunt,
595 4639 780 4688 lucubrationes
799 4641 852 4701 ejus
878 4645 998 4704 tanquam
1016 4639 1105 4690 liberos
1123 4647 1229 4704 parents
1246 4646 1346 4708 proprio
1363 4640 1487 4695 uruat

147 4708 252 4759 tutelam
270 4711 367 4773 patroni
385 4717 438 4759 tam
457 4711 586 4760 exercitati
604 4717 630 4759 et
648 4709 727 4759 tidelis
746 4710 882 4759 devenisse.
920 4710 953 4759 Et
970 4717 1038 4761 certe
1056 4712 1152 4775 ffatim
1169 4711 1216 4762 tibi
1228 4727 1281 4763 non
1292 4716 1409 4767 mmmm
1419 4722 1487 4764 oms!

147 4778 266 4830 debemus
284 4788 310 4831 et
327 4780 463 4839 habemus,
488 4781 553 4846 qnod
571 4779 692 4831 theoriam
710 4779 798 4829 Martis
816 4781 924 4830 numeris
948 4782 998 4831 suis
1018 4781 1158 4833 absolutam
1182 4784 1330 4849 propediem
1346 4786 1415 4838 nobb
1429 4781 1486 4849 poll·

147 4851 224 4910 ceris;
253 4852 1417 4918 assumilemsererratiomomniummsxtmeinssbulhrblpsocosludecun.
1441 4853 1489 4920 lp
