3278 5542
137 291 203 361 294
318 324 327 347 .
732 296 895 349 nmmum

137 455 314 529 schematis,
345 454 457 516 additis
471 454 615 534 gradibus
639 454 807 534 eclipticas,
831 455 881 537 qui
905 455 945 517 sd
963 456 1070 519 domus
1092 455 1257 535 pertinent,
1280 462 1313 519 et
1334 455 1400 521 locs
1416 458 1467 539 pla

138 554 273 609 netarum
293 544 330 604 ad
346 545 375 605 d.
398 539 449 606 14.
465 543 551 623 Sept.
573 541 668 608 1583.

227 633 373 693 Themata
398 633 442 694 sic
465 640 647 713 praeparato
672 632 875 694 inscribuntur
899 631 968 693 loca
980 630 1172 710 planetarum
1192 640 1226 695 et
1238 631 1324 697 Solis
1338 634 1469 715 eprbc

138 722 299 784 meridibus
323 722 462 783 desumta
485 722 653 800 triangulis,
678 720 785 782 iisdem
805 720 912 800 signis,
938 720 1044 798 quibus
1068 719 1143 782 haec
1163 722 1232 784 loca
1245 722 1402 802 eclipticas
1422 724 1471 804 sig·

138 821 261 883 uantur,
287 809 411 883 notatis,
438 829 491 870 nec
515 829 573 871 nou
600 811 665 871 loca
688 810 831 871 nodoruru
847 808 962 870 itineris
977 808 1081 869 Lunae
1105 820 1137 870 et
1151 811 1334 891 insigniores
1347 812 1472 893 quaedam

136 900 245 961 stellae
270 900 362 972 fixae,
386 899 547 979 praecipue
572 899 657 967 illae,
682 898 810 978 quaein
835 899 908 960 locis
933 896 1068 958 existunt
1091 899 1308 975 cardinalibus,
1333 901 1380 962 rel
1402 921 1471 982 quun

137 989 278 1069 planetae
302 987 362 1049 illis
387 988 615 1066 conjunguntur.
660 987 818 1048 Distantia
849 984 978 1065 denique
1002 983 1084 1047 Solis
1112 996 1145 1048 et
1172 988 1293 1058 Lunae.
1327 989 1471 1051 additasl

137 1078 248 1157 gradus
277 1076 525 1150 ‚,ascendentis,“
557 1076 666 1137 dicitur
698 1094 792 1155 „pars
810 1075 968 1137 fortunae“
994 1075 1242 1157 convenientique
1268 1077 1419 1158 triangulo
1438 1078 1471 1141 iu·

138 1165 289 1229 scribitur.

227 1254 312 1315 Voce
336 1251 555 1331 „aspectus“
580 1251 766 1332 significatur
789 1251 937 1313 distantia
950 1251 1141 1330 planetarum
1156 1253 1235 1317 inter
1248 1272 1320 1315 sese
1334 1254 1471 1319 intervallo

139 1339 193 1418 0⁰,
219 1336 294 1410 30⁰.
319 1335 387 1405 30⁰
410 1341 464 1402 tre.
490 1337 574 1420 (ride
598 1361 691 1420 snpra
705 1338 785 1413 292)
809 1340 839 1400 in
859 1338 1008 1418 ecliptica.
1054 1341 1185 1403 Nomina
1199 1342 1306 1411 horum
1319 1351 1471 1423 aspectum

138 1432 307 1503 haecsunt;
347 1428 376 1500 1)
402 1428 581 1509 Coujuuctio
605 1430 681 1507 (A),
720 1428 755 1503 2)
779 1427 978 1505 Semisextus,
1020 1426 1056 1502 3)
1080 1427 1315 1510 Semiqpiutilis,
1352 1426 1389 1505 4)
1409 1429 1470 1494 sc-

138 1520 201 1583 tilis
226 1521 301 1593 (ak),
326 1516 361 1587 5)
386 1516 530 1588 Quintilis
555 1520 632 1592 (ae),
657 1517 832 1589 Quadratus
857 1517 939 1589 (U),
971 1519 1006 1591 7)
1031 1518 1294 1599 Sesquiquiutilis,
1325 1517 1362 1593 8)
1385 1520 1471 1583 Tricas

138 1628 191 1671 seu
201 1607 396 1687 triangularis
407 1609 489 1680 (Δ),
504 1604 540 1680 9)
552 1607 828 1687 Sesquiquadratus
840 1609 891 1680 (U
902 1608 968 1681 U),
987 1604 1261 1687 .10)Biquinci1is(
1274 1605 1339 1684 Χ),
1359 1606 1412 1682 11)
1421 1606 1470 1689 Op·

138 1697 250 1776 positio
267 1697 336 1769 (00).
383 1696 533 1774 Keplerns
557 1716 594 1757 ex
618 1696 665 1757 his
690 1696 826 1758 undecim
850 1697 1023 1777 aspectibus
1044 1695 1296 1775 rejecittertiurn,
1321 1699 1469 1778 septimun,

140 1804 258 1858 nonum,
284 1784 370 1865 quasi
394 1784 492 1845 minus
511 1785 707 1861 „efticaces,“
732 1804 909 1865 quamquam
925 1786 1053 1847 chordae
1069 1780 1203 1847 sectione
1218 1786 1394 1850 harmonica
1406 1805 1469 1848 con-
1485 1852 1489 1860 ,

138 1875 306 1947 mandatos,
327 1873 508 1953 retinuitque
532 1883 651 1935 tautum
675 1872 695 1934 8
719 1874 859 1954 reliquos.

228 1961 318 2025 Locis
350 1963 557 2041 planetarum,
592 1963 720 2024 themati
750 1963 833 2024 dicta
862 1963 977 2025 ratione
1001 1960 1170 2042 inscriptis,
1204 1961 1339 2027 interae
1366 1963 1471 2027 invicem

138 2052 322 2132 comparatis
346 2051 493 2130 prodeunt
517 2052 546 2113 hi
561 2060 703 2130 aspectus
728 2062 757 2113 et
774 2072 810 2112 ex
830 2052 877 2113 his
896 2051 1024 2113 allicitur
1038 2051 1309 2131 „prognosticnm“
1332 2053 1472 2115 secundun

139 2143 260 2220 regulas
285 2140 505 2219 astrologorum
530 2140 710 2220 multiplices
734 2149 765 2202 et
780 2130 917 2203 natu'rarn
932 2140 1130 2219 planetarum,
1157 2159 1245 2220 qnam
1259 2141 1389 2220 singulis
1402 2140 1472 2203 alian

138 2228 321 2294 tribuebant.
379 2230 461 2291 luter
493 2229 549 2290 has
584 2230 704 2308 regulas
744 2229 938 2311 praecipuam
975 2228 1035 2289 rim
1067 2227 1223 2291 habebant
1255 2230 1473 2305 „directioncs,“

139 2317 397 2398 „profectiones,“
420 2319 621 2393 „transitus,“
644 2319 830 2398 „apl1ctae,“
855 2338 961 2379 omnes
985 2317 1096 2379 similia
1118 2317 1336 2397 significantes.

229 2405 401 2483 „Dircctio,
425 2406 521 2486 inquit
544 2406 714 2486 Origanus,
739 2416 787 2469 est
810 2409 858 2470 rel
882 2406 940 2469 loci
963 2405 1088 2474 zodiaci,
1112 2407 1161 2467 rel
1184 2406 1328 2485 planetae
1352 2404 1474 2470 thamir

139 2495 271 2557 natalitii
295 2495 333 2555 ad
357 2493 515 2556 obviantes
540 2494 568 2556 in
592 2515 680 2558 cursu
703 2497 844 2575 planetas
867 2496 916 2557 vel
940 2494 1052 2563 radios,
1077 2512 1131 2575 per
1153 2502 1259 2574 partos
1283 2496 1474 2579 aequinoctia·

140 2584 177 2647 lis
207 2582 310 2645 circuli
342 2581 370 2644 in
405 2583 478 2645 data
511 2583 658 2663 sphaerae
687 2583 862 2648 habitudine
893 2582 1058 2645 artificiosa
1085 2583 1235 2647 deductio.
1283 2583 1348 2647 Seu
1376 2594 1421 2647 est
1438 2584 1475 2645 iu·

139 2673 241 2735 ventio
265 2690 352 2733 arcus
378 2673 617 2754 aequinoctialis,
644 2675 692 2754 qui
716 2674 836 2736 circulis
859 2672 1043 2758 positionum
1066 2671 1181 2735 duobus
1205 2672 1403 2752 intercipitur,
1423 2680 1475 2737 os·

136 2761 228 2843 jectis
251 2780 305 2841 per
329 2761 387 2822 dun
413 2761 479 2822 loca
502 2761 628 2833 zodiaci,
652 2780 775 2843 quornm
796 2782 886 2825 unum
905 2761 1165 2841 significator,
1189 2761 1320 2824 alterum
1338 2762 1476 2843 promis·

141 2869 202 2913 sor
225 2858 353 2929 occupat
377 2857 409 2911 et
433 2849 492 2912 uni.
514 2870 581 2912 cum
604 2870 676 2913 arcu
700 2851 858 2931 eclipticas
881 2851 929 2912 vel
945 2850 1084 2912 ascendit
1100 2851 1149 2911 vel
1164 2849 1359 2913 descendit.“
1395 2852 1477 2913 Vocet

140 2938 372 3018 „signilicator“
387 2947 419 3000 et
433 2940 640 3018 ..promissor‘
665 2940 805 3003 dixerunt
824 2937 970 3017 astrologi
986 2937 1098 3013 Solem,
1123 2939 1250 3013 Lunam,
1274 2939 1478 3021 praestante.

141 3028 192 3089 alii
206 3026 286 3088 aliud
303 3035 417 3089 astrum
434 3027 646 3107 intelligentes,
663 3030 741 3108 quod
752 3030 790 3090 ad
801 3029 926 3091 alterius
937 3030 1036 3091 locum
1049 3027 1243 3107 „dirigatur“
1258 3029 1352 3091 certis
1361 3044 1478 3091 momen-

142 3117 182 3178 tis
196 3115 278 3176 vitae
294 3133 404 3189 eorum,
421 3117 460 3176 ad
475 3135 549 3194 quos
563 3116 617 3178 illa
631 3118 698 3178 loca
715 3117 931 3179 reserebantur.
965 3116 1106 3197 Aphetae
1121 3114 1264 3194 (duasne,
1278 3118 1362 3197 apud
1375 3116 1478 3181 mats

142 3203 253 3275 hileeh)
278 3202 375 3263 simile
400 3204 468 3282 quid
495 3204 665 3283 significant
689 3205 767 3285 iique
791 3214 861 3267 sunt
884 3206 1028 3284 quinque:
1053 3205 1184 3268 medium
1203 3204 1291 3278 coeli,
1316 3206 1479 3273 ascendens.

142 3292 247 3353 domus
270 3292 346 3365 Vll,
371 3291 430 3365 IX,
455 3292 511 3355 Xl.
558 3293 594 3353 In
617 3294 674 3368 his,
699 3294 796 3373 inquit
815 3293 984 3366 Cardenus,
1009 3295 1035 3355 si
1057 3293 1228 3357 inveniatur
1249 3312 1327 3357 nnus
1347 3292 1477 3375 exsigni·

142 3379 315 3441 dcabcribus
339 3379 423 3453 (Sol,
452 3382 570 3456 Luna),
600 3382 656 3444 erit
678 3383 817 3461 Apheta,
851 3383 880 3444 h.
906 3403 931 3445 e.
957 3383 1092 3445 decernit
1122 3400 1215 3445 annos
1238 3382 1323 3445 vitae
1354 3392 1388 3446 et
1407 3382 1479 3447 robor

142 3471 216 3550 ejus.
265 3467 405 3531 Ceterum
428 3471 530 3547 plures
555 3489 622 3530 esse
645 3479 772 3550 possunt
791 3471 920 3550 aphetae
944 3472 1042 3534 simul.
1088 3471 1283 3535 Ptolemaeus
1303 3472 1476 3547 (neaera

142 3577 206 3620 rurn
226 3557 350 3638 judiciis
374 3559 421 3620 vel
446 3557 721 3638 Quadripertitum)
746 3559 850 3621 definit
872 3560 1036 3639 „aphetica
1060 3560 1164 3634 loca,“
1186 3559 1217 3620 iu
1241 3560 1351 3641 quibus
1373 3555 1477 3641 reperii

142 3665 266 3708 necesse
290 3654 338 3708 est
361 3665 436 3722 eum,
462 3649 512 3728 qni
535 3648 611 3709 velit
634 3650 714 3709 vitae
738 3647 950 3727 gubernandae
965 3649 1178 3731 jurisdictione
1201 3642 1304 3728 potiri.

229 3735 338 3798 Modus
362 3736 571 3817 „dirigendi,“
595 3737 624 3797 lr.
650 3756 676 3798 e.
702 3736 850 3798 referendi
874 3737 933 3798 rim
957 3739 1147 3818 planetarum
1170 3738 1243 3801 dato
1267 3746 1402 3819 tempore
1422 3752 1475 3797 cer·

140 3825 180 3886 tis
204 3824 278 3886 locis
302 3826 533 3888 constitutorum
563 3827 601 3887 ad
639 3827 705 3887 loca
739 3826 898 3886 eorundem
927 3829 957 3888 in
981 3827 1102 3906 genesi,
1131 3825 1209 3888 alius
1237 3836 1288 3889 est
1315 3824 1396 3908 apud
1415 3822 1475 3885 alios

142 3913 323 3989 astrologos.
370 3914 562 3976 Ptolemaeus
587 3934 713 3995 eumque
739 3924 861 3974 secutus
877 3913 1035 3977 Cardanns
1060 3925 1191 3996 quatuor
1204 3922 1377 3996 proponunt
1397 3910 1474 3979 ratio·

143 4020 206 4063 nes.
254 3998 406 4079 Origanns
434 4002 489 4063 hos
517 4005 657 4083 proponit
686 4005 780 4064 duos:
819 4001 851 4076 1)
876 4002 1070 4084 Significator
1100 4023 1153 4084 per
1183 4013 1288 4084 partes
1322 3997 1475 4085 aequantia

142 4090 304 4151 seeundum
329 4089 481 4168 signorum
505 4093 726 4153 successionem
750 4091 920 4168 deducitur,
953 4095 1046 4154 donec
1075 4092 1202 4155 similem
1231 4095 1262 4155 in
1286 4092 1383 4175 figura
1402 4090 1475 4153 saun

142 4197 207 4239 cum
231 4179 413 4257 promissore
438 4180 592 4253 obtineat3
625 4179 660 4253 2)
686 4180 879 4258 significator
906 4183 1024 4243 inverso
1055 4182 1174 4256 ordine,
1209 4192 1317 4244 contra
1345 4183 1475 4263 signorm

143 4268 364 4329 successionem
388 4267 416 4327 iu
442 4268 538 4330 locum
562 4270 754 4348 promissoris
783 4270 948 4332 deducitur.
996 4271 1054 4333 llla
1082 4269 1208 4335 directio
1235 4271 1378 4335 tribuitur
1401 4269 1475 4331 born-

143 4375 251 4436 scopo,
280 4355 378 4417 medio
402 4357 492 4431 coeli,
525 4357 653 4436 aphetae
673 4359 702 4418 in
728 4378 902 4439 quocunque
927 4361 991 4421 loco
1016 4360 1181 4422 constituto
1208 4366 1242 4422 et
1264 4360 1401 4423 omnibns
1419 4355 1476 4438 plt-

144 4445 222 4506 netis
246 4445 361 4505 directo
386 4454 467 4505 motu
491 4446 713 4521 incedentibus,
738 4447 812 4509 haec
835 4449 913 4528 parti
939 4450 1076 4511 fortunae
1100 4456 1131 4509 et
1149 4448 1283 4528 planetis
1300 4443 1477 4528 retrogradi&

143 4534 291 4612 Dirigitur
319 4551 348 4593 v.
373 4553 398 4594 c.
423 4536 550 4595 medium
579 4535 653 4596 coeli
688 4537 726 4596 ad
755 4556 840 4597 suum
868 4539 1080 4615 promissorem
1114 4537 1291 4619 inquirendo
1320 4533 1479 4600 distantiam

143 4621 297 4700 utriusque
322 4621 349 4681 in
376 4630 538 4702 aequalore
563 4624 625 4695 (vel
651 4624 679 4683 in
705 4624 871 4703 ecliptica).
920 4623 1056 4695 Quilibet
1078 4627 1190 4705 gradus
1210 4626 1378 4689 distantiae
1399 4618 1480 4701 signi·

143 4710 211 4772 licat
237 4729 344 4771 annum
369 4712 497 4784 aetatis;
528 4712 655 4792 quinque
680 4712 794 4772 minuta
817 4732 963 4788 mensem,
988 4715 1079 4777 boras
1107 4711 1155 4778 10.
1180 4709 1253 4788 30’;
1286 4732 1378 4776 unum
1398 4711 1481 4773 miun-

141 4810 204 4869 tum
227 4795 248 4862 6
271 4800 335 4860 dies
358 4796 379 4861 2
403 4800 465 4862 hor.
492 4797 539 4874 6‘3
564 4801 667 4861 decem
690 4801 822 4863 secunda
845 4801 924 4864 diem
947 4821 1046 4865 unum.
1074 4802 1226 4884 Keplerus
1248 4802 1308 4867 sibi
1330 4803 1398 4889 ipss
1417 4801 1483 4867 bunt
