3278 5542
135 277 201 346 252
680 274 943 341 sprosed-yeme·

136 440 217 504 Solis
235 440 275 501 ad
298 440 402 501 Lunae
424 436 657 517 proportionem,
683 453 759 515 quae
782 442 832 496 est
855 431 951 508 921,
977 434 1191 499 Aristarchum
1203 452 1288 513 vero,
1313 436 1366 518 qni
1390 436 1488 500 eadem

135 549 201 593 oum
224 528 360 590 Philoleo
384 525 530 606 principia
552 525 751 605 sequebatur,
775 524 883 594 aliam,
908 542 953 585 sc.
978 525 1040 586 fere
1064 543 1140 604 quae
1163 535 1214 588 est
1236 526 1319 589 inter
1341 522 1381 589 2¹
1410 534 1443 587 et
1466 523 1489 589 l.

136 618 270 690 Quorum
292 617 365 679 illud
390 616 477 693 longe
502 623 550 674 est
573 636 591 674 a
614 615 744 675 veritate
769 613 914 688 alienum,
937 612 994 675 boc
1018 614 1046 674 ei
1069 615 1247 694 proximum.
1295 616 1407 695 Itaque
1431 633 1490 677 ean

138 707 261 788 quisque
285 705 426 784 privatim
455 703 663 784 hypothesium
694 703 844 764 rationem
867 708 918 763 est
943 712 1080 777 secutus,
1114 721 1203 783 quam
1226 706 1275 766 vel
1306 704 1491 783 praeceptori

138 815 191 858 suo
216 803 371 873 acceptam
397 792 482 865 tulit,
512 786 563 853 'vel
588 792 721 872 physicis
746 790 913 853 rationibus
939 798 1172 855 censentaneam
1196 793 1332 865 censuit,
1364 793 1415 855 vel
1443 792 1489 854 de·

137 882 406 946 monstrationibus
431 881 493 943 suis
517 880 706 960 aptissimam
731 889 873 960 expertus
897 888 959 941 est:
985 881 1067 942 nulla
1088 899 1170 957 vero,
1195 883 1239 943 ita
1258 891 1295 945 ut
1308 881 1409 945 Ursus
1423 882 1488 955 vult

137 972 253 1054 publice
276 971 404 1033 invaluit
427 978 480 1031 aut
503 971 669 1032 solenniter
691 969 864 1031 introducta
887 968 945 1029 fuit
967 968 1178 1051 hypothesium
1200 972 1309 1035 forma.

226 1061 356 1140 Jamque
392 1059 515 1121 taudem
539 1059 578 1120 ad
611 1058 760 1120 celebrem
789 1058 874 1120 illurn
896 1057 1154 1121 Aristarchum
1185 1059 1346 1123 Samium
1377 1066 1489 1138 tempo-

137 1170 203 1214 rum
225 1149 298 1211 ordo
322 1168 376 1210 nos
401 1147 536 1222 deducit,
561 1149 645 1227 cujus
669 1166 744 1227 quas
767 1154 906 1209 recenset
928 1147 1128 1210 Archimedes
1151 1148 1355 1231 hypotheses,
1380 1148 1488 1230 Pytha·

137 1258 312 1320 goraeorum
338 1248 369 1298 et
391 1237 520 1299 Philolai
545 1255 659 1317 quoque
684 1236 777 1297 fuisse
802 1243 873 1297 ante
898 1236 1069 1306 Platonem,
1090 1237 1155 1316 jaro
1179 1246 1229 1300 sat
1252 1237 1342 1300 nobis
1366 1244 1489 1300 constat

137 1327 389 1390 Accommodavit
410 1326 462 1387 ille
486 1326 603 1407 quidem
627 1343 795 1386 sermonem
828 1343 915 1385 suum
939 1324 1265 1401 demonstrationibus,
1300 1334 1333 1389 et
1356 1325 1489 1388 circulum

138 1437 195 1499 quo
219 1416 313 1478 Terra
340 1415 471 1476 volvitur
501 1415 577 1476 dixit
609 1434 675 1475 eam
708 1415 818 1476 habere
853 1414 1076 1493 proportionem
1101 1415 1140 1476 ad
1162 1415 1256 1490 fixas,
1289 1434 1384 1496 qnam
1408 1415 1491 1476 habet

138 1514 273 1568 centrum
305 1505 343 1565 ad
375 1503 654 1566 circumferentiam.
702 1501 790 1574 Quod
824 1503 979 1582 explicans
1013 1504 1210 1567 Archimedes
1243 1504 1354 1567 iisdem
1387 1520 1490 1584 props-

137 1594 255 1656 modum
277 1593 378 1655 verbis
402 1592 506 1668 utitur,
531 1593 636 1673 quibus
660 1612 752 1672 supra
768 1592 970 1673 Pythagoraei
995 1612 1080 1654 suam
1101 1594 1181 1674 apud
1194 1593 1400 1656 Aristotelem
1413 1612 1491 1655 mea-

135 1692 198 1746 tem
225 1683 468 1763 explicaverant:
502 1683 580 1763 quod
609 1683 828 1762 deprehendet,
863 1681 912 1760 qui
945 1682 1081 1744 conferre
1114 1691 1240 1763 utraque
1263 1682 1359 1746 volet.
1408 1682 1491 1762 quue

136 1772 286 1852 estquod
309 1779 395 1834 tanto
419 1773 516 1851 inagis
540 1773 711 1845 confirmat,
745 1770 824 1851 quod
846 1790 938 1850 supra
960 1771 1083 1851 saepius
1106 1772 1248 1834 iteratum
1272 1780 1340 1846 est,
1378 1772 1492 1834 easdem

135 1863 270 1941 utrisque
293 1870 325 1924 et
346 1861 568 1943 Pythagoraeis
593 1869 624 1922 et
646 1860 826 1922 Aristarcho
850 1860 944 1922 luisse
969 1861 1162 1942 hypotheses.
1212 1859 1363 1931 Quamvis
1387 1860 1490 1923 Archi·

135 1952 231 2015 medis
255 1951 292 2012 de
316 1950 488 2013 Aristarchi
520 1970 609 2012 seusu
633 1952 808 2030 conjectura
839 1948 973 2011 nonnihil
1001 1950 1149 2030 impingit.
1197 1951 1275 2011 Vult
1298 1950 1492 2012 Archimedes

137 2041 180 2106 sic
204 2041 430 2119 intelligendum
448 2039 668 2112 Aristarchum,
695 2059 770 2119 quae
794 2039 836 2099 sit
856 2039 1011 2118 proportio
1030 2039 1143 2101 Terrae
1165 2039 1206 2101 ad
1228 2039 1394 2119 sphaeram
1409 2038 1492 2112 Solis,

43 2150 46 2155 ·
137 2130 263 2192 eandem
294 2148 361 2191 esse
384 2130 532 2209 sphaerae
556 2128 638 2191 Solis
663 2130 732 2200 (seu
754 2129 883 2201 Terrae)
915 2128 954 2189 ad
977 2128 1137 2208 sphaeram
1160 2129 1297 2191 lixarum.
1346 2129 1394 2192 At
1425 2128 1493 2190 baec

137 2219 234 2281 adhuc
257 2218 411 2298 proportio
435 2237 493 2279 non
513 2218 626 2280 sufficit
640 2217 810 2280 Aristarchi
825 2217 1143 2279 demonstrationibus.
1189 2218 1269 2280 Nam
1294 2217 1339 2279 ita
1363 2226 1415 2279 est
1428 2220 1492 2280 sen-

138 2309 222 2369 sibus
246 2306 523 2387 comprehensibilis
538 2308 649 2370 Terrae
674 2307 712 2368 ad
735 2306 895 2386 sphaeram
911 2304 993 2368 Solis
1012 2307 1174 2387 proportio,
1200 2315 1234 2368 ut
1250 2306 1425 2387 parallaxin
1439 2304 1493 2367 So-

136 2397 175 2458 lis
205 2395 384 2457 minutorum
414 2396 530 2476 aliquot
557 2397 679 2459 efficiat.
736 2396 875 2458 Totidem
904 2395 995 2475 igitur
1023 2396 1203 2458 minutorum
1228 2395 1402 2477 parallaxis
1423 2395 1493 2457 iuter

137 2486 215 2548 lixas
239 2492 271 2545 et
294 2485 455 2563 sphaeram
479 2504 537 2564 qua
557 2486 659 2548 Tell-ns
683 2484 815 2546 volvitur
837 2485 1048 2548 intercederet.
1093 2485 1140 2548 At
1157 2484 1357 2547 Aristarchus
1385 2502 1493 2547 omnem

137 2575 229 2656 plane
252 2592 375 2635 sensum
408 2574 556 2649 excludit,
590 2576 660 2637 dum
688 2574 834 2636 infinitam
862 2574 962 2654 quoad
989 2591 1111 2636 sensum
1142 2573 1372 2654 proportionem
1403 2574 1492 2635 intro·

140 2662 231 2726 ducit.
280 2661 342 2723 Sed
376 2662 451 2724 haec
475 2663 582 2725 obiter.
629 2664 697 2726 Nou
722 2673 772 2725 est
803 2669 904 2725 autem
926 2662 1057 2743 impunis
1085 2663 1225 2725 habenda
1247 2662 1320 2726 Ursi
1350 2661 1492 2725 dubitatio

138 2753 175 2814 de
199 2758 303 2813 aetate
336 2772 394 2832 qna
422 2752 532 2813 claruit
555 2753 769 2824 Aristarchus,
803 2771 854 2827 ne,
889 2751 938 2832 qni
971 2752 1071 2813 sciunt
1093 2752 1205 2816 Ursum
1236 2752 1332 2813 etiam
1366 2750 1492 2814 historiis

138 2858 261 2921 operam
285 2840 414 2914 dedisse,
440 2860 505 2902 cum
529 2843 595 2921 ipso
619 2842 696 2904 citra
719 2861 840 2902 causam
864 2840 1060 2903 dubitandum
1084 2841 1142 2903 sibi
1161 2840 1348 2904 existiment.
1391 2838 1491 2911 Dubis,

138 2931 269 3011 inquam,
295 2930 390 2991 Ursus
416 2931 627 2993 Aristarchum
650 2930 744 2992 refert
767 2931 831 2992 sive
855 2930 912 2992 sub
934 2929 1141 2991 Ptolemaeum
1164 2930 1414 3009 Philadelphum,
1436 2928 1492 2991 sire

138 3019 193 3081 sub
216 3018 460 3081 Philometorem.
509 3020 713 3081 intolerabilis
737 3019 927 3092 incertitudo,
952 3037 1018 3079 cum
1042 3019 1071 3081 hi
1096 3017 1224 3097 Treqes
1251 3015 1316 3081 100
1339 3019 1430 3080 aunis
1449 3018 1491 3079 in·

138 3108 235 3170 vicem
268 3107 390 3168 distent.
445 3108 489 3169 At
523 3108 621 3170 facilis
656 3109 743 3171 labor
774 3109 851 3170 hanc
883 3107 1102 3170 dubitationem
1140 3107 1276 3170 tollendi.
1328 3105 1492 3189 Syracusas

140 3194 327 3276 expugnavit
351 3195 522 3269 Marcellus,
549 3198 654 3259 consul
678 3196 840 3271 Romanus,
866 3216 944 3258 anno
968 3194 998 3261 9.
1024 3198 1191 3259 Ptolemaei
1212 3196 1441 3277 Philopatoris:
1460 3214 1493 3257 ea

140 3285 170 3346 in
203 3283 424 3364 expugnatione
455 3285 654 3347 Archimedes
692 3287 869 3348 interiectus
902 3294 959 3347 est
1015 3285 1146 3366 Scripsit
1175 3287 1268 3367 igitur
1301 3285 1437 3348 libellum
1459 3284 1492 3346 ds

140 3392 249 3434 arenae
273 3391 410 3444 numero,
441 3373 471 3433 in
497 3393 554 3454 quo
578 3374 615 3437 de
639 3375 810 3438 Aristarchi
833 3375 1050 3457 hypothesibus
1083 3383 1202 3449 narrat,
1237 3384 1309 3437 ante
1332 3371 1366 3439 9.
1391 3392 1492 3436 anuum

140 3461 360 3541 Philopatoris;
385 3469 416 3524 et
440 3463 517 3524 forte
541 3464 595 3524 snb
619 3464 706 3525 tinem
729 3464 845 3544 imperii
868 3463 1044 3543 Euergetis,
1073 3464 1318 3545 quamproxime
1342 3463 1493 3526 Philadel-

139 3551 217 3631 phus
241 3551 416 3614 antecessit.
464 3553 507 3613 At
521 3552 708 3632 Philopatori
724 3554 907 3633 Epiphanes,
933 3564 964 3615 et
987 3554 1054 3616 huic
1079 3555 1196 3616 demum
1220 3553 1409 3615 Philometor
1430 3570 1494 3614 suo·

138 3640 242 3703 cessit.
289 3642 338 3703 Ita
352 3640 515 3716 conficitur,
540 3641 759 3716 Aristarchum,
784 3645 868 3723 cujus
883 3643 975 3705 libros
990 3643 1189 3705 Archimedes
1208 3643 1294 3721 legit,
1318 3643 1379 3704 sub
1392 3640 1492 3704 Phila·

140 3730 248 3810 delpho
264 3730 420 3802 claruisse,
441 3749 495 3792 nec
510 3732 575 3792 ulla
589 3750 683 3794 causa
707 3732 743 3793 de
755 3731 960 3794 Philometore
981 3732 1166 3811 suspicandi.
1203 3732 1308 3793 Habet
1321 3730 1495 3794 historicam

140 3819 394 3881 confirmationem
409 3819 584 3882 historicus:
609 3822 715 3882 audiat
733 3823 966 3883 astronomicam
981 3829 1182 3883 astronomus.
1223 3819 1414 3884 observarit
1425 3818 1494 3883 An·-

140 3907 279 3968 starchus
313 3906 461 3969 aestivale
494 3909 657 3972 solstitium
693 3918 814 3971 auctore
847 3911 1035 3990 Hipparcho,
1070 3920 1104 3972 ut
1135 3912 1215 3973 Ptol.
1249 3911 1302 3972 Ill.
1340 3910 1369 3974 l.
1398 3913 1495 3985 refert,

141 4012 218 4055 anno
242 3993 296 4058 50.
320 3996 433 4073 primae
455 3998 571 4076 periodi
596 3997 773 4080 Callipicae.
820 4001 852 4061 Is
875 4000 932 4063 fuit
955 4019 1049 4086 annue
1074 3996 1104 4063 6.
1129 3999 1333 4080 Philadelphi.

231 4083 292 4145 Tot
320 4084 486 4147 nominibus
519 4087 549 4147 iu
578 4087 704 4151 historia
731 4108 788 4150 sua
819 4089 985 4169 impingens
1014 4090 1110 4151 Ursus
1142 4089 1252 4152 malum
1282 4089 1408 4168 insuper
1437 4087 1498 4167 agit

139 4172 335 4251 interpretem
357 4174 529 4237 Aristarchi
552 4182 584 4236 et
608 4174 786 4257 Cepernici,
810 4187 843 4241 et
865 4181 1044 4260 imputatam
1067 4179 1134 4241 aliis
1157 4176 1187 4241 in
1212 4177 1383 4259 (iopernico
1405 4179 1493 4242 intel·

141 4260 263 4341 ligendo
295 4262 472 4324 tarditatem
500 4264 529 4324 in
555 4283 587 4325 se
610 4267 772 4328 maniteste
800 4270 960 4330 transfert:
995 4270 1078 4344 dum,
1112 4287 1200 4349 quam
1224 4267 1413 4348 Cepernicns
1434 4266 1497 4329 axis

140 4349 264 4411 Terreni
289 4351 353 4430 (qui
370 4350 419 4411 axi
439 4353 667 4431 aequinoctialis
682 4358 860 4433 respondet)
884 4357 1110 4419 inclinationem
1134 4358 1172 4420 ad
1194 4359 1318 4437 planum
1341 4357 1496 4438 eclipticas

141 4440 269 4514 statuit,
296 4440 373 4500 hanc
396 4440 447 4501 ille
471 4442 658 4505 notationem
682 4445 760 4507 iuter
782 4447 939 4525 planetas,
968 4447 1007 4508 ad
1031 4447 1129 4508 instar
1150 4448 1238 4509 navis
1260 4447 1291 4509 iu
1314 4446 1408 4520 mari,
1439 4447 1496 4527 jan

140 4527 170 4588 in
197 4547 334 4608 proram,
355 4528 419 4607 jam
442 4530 472 4591 in
497 4530 618 4611 puppim
641 4533 854 4609 incumbentis,
888 4536 1115 4615 interpretetur.
1161 4535 1206 4598 At
1237 4543 1305 4598 toto
1327 4537 1416 4600 coelo
1438 4534 1498 4599 Go-

141 4617 304 4693 pemicano
328 4617 458 4680 aberrat.
507 4621 585 4681 Nam
609 4622 666 4683 etsi
692 4624 758 4685 axis
772 4624 884 4687 Terrae
908 4625 937 4686 iu
957 4624 1098 4688 solstitiis
1122 4624 1241 4689 inclinis
1255 4635 1306 4688 est
1327 4626 1371 4688 ad
1393 4626 1497 4690 lineam

142 4724 158 4766 e
183 4703 255 4768 Sole
278 4706 309 4768 in
334 4716 468 4769 centrum
484 4709 594 4770 Terrae
619 4713 750 4784 ductam,
774 4713 803 4774 in
828 4714 1025 4793 aequinoctiis
1044 4734 1114 4777 vero
1138 4725 1237 4778 rectos
1260 4734 1328 4777 cum
1351 4736 1392 4780 es
1413 4714 1498 4780 stadt

143 4795 288 4875 angulos:
322 4814 380 4857 nou
410 4805 512 4859 tammr
535 4798 566 4860 id
589 4800 623 4862 dt
646 4810 759 4864 anuutu
782 4804 830 4865 vel
858 4804 990 4881 abuutu,
1025 4804 1078 4866 sed
1106 4804 1141 4866 dt
1171 4805 1376 4869 translatione
1408 4804 1497 4873 centn'
