3278 5542
45 275 47 279 Α
138 322 180 389 32
732 321 895 374 ιωοωιω.

137 483 293 555 titatibus,
318 503 371 545 cen
396 504 468 546 suae
492 482 616 564 origini:
641 482 679 543 ab
703 482 749 543 his
773 503 831 564 quo
854 484 972 564 longius
995 484 1140 565 quidlibet
1162 485 1290 560 recedit,
1315 491 1402 546 tanto
1425 477 1494 564 plns

137 574 329 636 tenebrarum
353 582 385 635 et
408 593 540 636 errorum
563 571 678 634 existit.
719 573 818 635 Affert
841 573 920 635 enim
943 592 1029 635 mens
1050 582 1155 636 nostra
1177 582 1285 656 suapte
1308 582 1419 636 natura
1442 592 1493 635 se-

138 662 266 725 eumad
290 661 456 725 divinarum
479 681 577 726 rerum
600 660 701 722 studia
724 663 861 723 notiones
891 682 962 724 suns
993 663 1020 725 in
1045 663 1287 743 praedicamento
1311 662 1494 744 quantitatis

138 760 311 814 extructas:
343 751 448 832 quibus
473 752 498 814 si
523 750 683 830 spolietur,
708 750 781 813 nihil
805 752 863 813 nisi
887 752 976 814 meris
1001 753 1210 832 negationibus
1235 753 1357 815 delinire
1380 759 1492 832 potest

138 843 215 903 Hinc
234 841 287 902 illa
302 839 538 903 Calvinistarum
557 838 672 912 ἐκςασις
696 841 734 900 ad
758 858 863 902 nomen
887 842 1126 920 praesentiae
1149 842 1325 905 illocalis.
1358 842 1439 905 Nam
1463 849 1494 902 et

32 972 38 994 ι
136 951 196 993 vox
221 931 423 1012 (praesentia)
449 940 479 993 et
502 949 550 992 res
574 929 729 990 intellecta
747 930 803 991 sub
822 949 894 990 voce
920 930 1058 992 desumta
1084 938 1132 993 est
1154 951 1191 994 ex
1211 930 1380 994 conditione
1405 930 1493 1011 hujus

137 1019 241 1093 seculi,
266 1021 330 1080 loco
355 1027 386 1080 et
408 1018 542 1099 tempore
567 1019 744 1088 constantis,
769 1018 952 1099 digitumque
977 1021 1025 1081 vel
1049 1019 1289 1083 cautissimisad
1308 1020 1493 1101 quantitates

137 1109 277 1171 intendit.
312 1109 396 1170 ilaec
416 1117 447 1170 et
466 1107 576 1171 similia
594 1107 620 1168 si
641 1107 766 1187 quilibet
779 1109 935 1170 occasione
955 1129 992 1171 ex
1015 1109 1081 1172 meo
1107 1109 1207 1172 libello
1232 1109 1371 1172 desumto
1394 1128 1494 1171 secum

136 1198 352 1278 perpenderet;
377 1198 490 1277 opinor,
515 1214 572 1258 nno
596 1197 691 1275 gradu
715 1199 837 1278 propius
856 1207 1056 1260 conventurus
1079 1207 1182 1278 partes
1207 1201 1237 1262 in
1260 1197 1405 1278 religione
1429 1197 1493 1259 dis-

138 1288 282 1349 sidentes.
329 1286 391 1348 Sed
416 1287 494 1348 enim
518 1305 555 1348 ex
578 1305 681 1346 musca
708 1287 759 1347 fiet
789 1287 844 1347 hoo
867 1295 957 1366 pacto
983 1287 1109 1369 denique
1133 1288 1267 1369 elephas.
1309 1287 1381 1373 Ego
1405 1305 1494 1369 qnam

138 1377 195 1439 sim
219 1377 273 1438 hoc
297 1377 399 1437 nuntio
423 1383 585 1449 recreatus,
611 1374 709 1437 dicere
734 1376 844 1437 rectius
868 1396 925 1437 non
948 1395 1080 1456 possum,
1104 1397 1192 1459 quam
1217 1379 1243 1440 si
1266 1376 1322 1440 tibi
1345 1376 1494 1440 sollicitu-

139 1466 238 1527 dinem
262 1465 362 1527 mariti
384 1484 437 1545 pro
461 1464 596 1546 pariente
620 1481 721 1540 uxore,
746 1465 945 1545 gaudiumque
969 1485 1006 1527 ex
1026 1467 1152 1548 denique
1176 1475 1248 1529 nato
1271 1485 1362 1547 puero
1387 1484 1494 1549 ponam

139 1556 176 1616 ob
192 1555 303 1616 oculos.
343 1552 489 1624 Quamvis
505 1553 583 1614 haud
598 1570 703 1632 parum
717 1573 813 1615 meam
832 1554 1031 1617 festivitatem
1050 1556 1232 1628 interturbat
1254 1575 1383 1630 remora,
1408 1573 1495 1637 quarn

26 1638 28 1645 ’
139 1664 222 1705 meus
246 1644 304 1705 iste
327 1652 432 1724 partus
457 1651 508 1705 tuo
532 1642 645 1724 scripto
669 1643 789 1724 objecit,
813 1642 958 1724 simulque
983 1645 1075 1707 totius
1094 1645 1234 1726 Europae
1255 1645 1496 1726 expectationem

140 1735 176 1795 de
201 1734 252 1795 illo
277 1732 387 1797 diutius
411 1731 578 1813 suspendit.

228 1821 316 1892 Quod
338 1822 374 1883 de
393 1821 556 1884 offensione
575 1828 699 1909 senatus
714 1820 878 1882 academici
893 1821 1034 1900 quereris,
1060 1822 1173 1902 opinor,
1198 1831 1229 1884 te
1253 1828 1354 1886 tarnen
1379 1821 1496 1903 aliquos

139 1931 176 1973 ex
199 1910 251 1973 illo
275 1911 445 1973 habiturum
477 1928 588 1990 aequos
616 1919 733 1972 tuorum
763 1908 898 1971 laborum
925 1928 1075 1974 censores.
1122 1912 1267 1986 Memini,
1301 1929 1368 1974 cum
1384 1911 1431 1973 D.
1456 1911 1494 1973 D.

139 2000 422 2082 superattendentes
453 1998 598 2080 superiori
627 2007 746 2061 aestate
780 2016 819 2077 ex,
848 2018 896 2060 me
924 2008 1121 2079 quaererent,
1157 2001 1262 2084 ecquid
1292 2000 1328 2062 de
1355 2000 1417 2062 isto
1444 2010 1496 2063 tuo

139 2091 252 2171 scripto
280 2089 384 2165 fieret3
412 2089 593 2170 respondere
621 2108 688 2150 me:
717 2087 797 2169 quod
820 2089 956 2169 equidem
979 2096 1097 2152 tantum
1126 2090 1238 2153 laboris
1261 2091 1318 2153 tibi
1341 2108 1444 2152 sumas
1467 2089 1496 2151 iu

112 2253 114 2259 ἲ
139 2199 207 2242 mea
238 2199 346 2254 rausa,
381 2188 413 2241 ut
444 2179 557 2258 partim
584 2179 692 2259 pudor,
727 2177 836 2256 partim
864 2187 961 2239 metus
990 2198 1037 2240 me
1065 2179 1225 2259 prohibeat
1247 2180 1277 2242 in
1303 2187 1355 2241 tua
1376 2179 1499 2259 privata

140 2270 243 2331 studia
266 2268 410 2330 curiosius
434 2267 592 2348 inquirere.
640 2264 707 2336 Quo
731 2265 775 2327 illi
800 2267 901 2328 audito
925 2276 1083 2329 tacuerunt
1106 2270 1264 2349 etprocul
1288 2268 1376 2330 dubio
1390 2263 1499 2330 'adhuc

140 2377 286 2420 memores
311 2365 389 2418 sunt.
436 2357 505 2419 Nou
528 2356 620 2435 igitur
642 2361 800 2433 tantopere
824 2355 879 2416 tibi
902 2363 1020 2418 metuas
1045 2357 1083 2418 ab
1106 2357 1160 2419 illa
1183 2365 1306 2420 senatur
1331 2358 1502 2437 reprehen-

142 2449 241 2524 sione,
273 2464 395 2526 eamque
423 2452 544 2524 praeter
572 2443 813 2505 adhortationem
845 2443 920 2507 nihil
951 2445 980 2506 in
1008 2465 1041 2508 se
1066 2448 1218 2509 continere
1242 2446 1369 2528 cogites.
1418 2437 1497 2519 Quin

40 2549 45 2553 ’
143 2555 198 2616 ego
222 2544 273 2597 tuo
298 2535 341 2603 illi
364 2534 500 2614 symbolo
528 2533 608 2594 aliud
633 2551 759 2612 oppono.
807 2530 950 2603 Quereris
979 2543 1009 2596 te
1037 2536 1171 2598 consumi
1199 2535 1267 2598 aliis
1296 2535 1497 2599 inserviendo.

105 2655 106 2658 ι
143 2629 188 2688 Αι
211 2624 302 2699 alius,
332 2624 461 2703 regium,
490 2623 546 2697 ait,
576 2622 642 2683 aliis
674 2621 861 2683 inserviendo
885 2624 961 2685 male
986 2624 1097 2687 audire.
1144 2623 1242 2688 Crede
1265 2625 1351 2700 mihi,
1382 2645 1421 2687 ex
1443 2625 1502 2686 hac

144 2714 347 2776 consumtione
370 2712 427 2774 tibi
443 2716 574 2774 'aeterna
598 2712 679 2772 fama
701 2711 853 2772 nascitur:
879 2713 961 2792 cujus
977 2713 1094 2792 quidem
1109 2733 1156 2776 me
1172 2721 1257 2776 tanto
1280 2714 1501 2794 diligentiorem

143 2804 366 2866 buccinatorem
389 2821 455 2864 esse
481 2800 636 2862 convenit:
662 2808 774 2880 quanto
798 2808 831 2862 tu
854 2800 920 2880 plus
945 2803 1015 2863 mihi
1040 2822 1127 2884 quarn
1151 2803 1237 2878 aliis,
1255 2811 1345 2885 atque
1370 2803 1448 2866 adeo
1472 2802 1501 2864 in

143 2895 199 2956 hoc
223 2886 299 2955 casn'
317 2891 373 2954 tibi
396 2891 453 2971 ipsi
469 2890 655 2952 benefecisti.
695 2889 740 2951 Ac
764 2890 863 2951 hercle
887 2890 996 2960 nescio,
1022 2910 1079 2972 quo
1098 2901 1187 2973 pacto
1212 2902 1241 2954 te
1266 2893 1363 2974 ipsum
1387 2893 1498 2956 multo·

143 2985 201 3046 ties
226 2982 422 3043 beneficentia
449 2988 481 3042 et
503 2980 687 3066 humanitate
711 2979 823 3040 vincas.
870 2976 945 3041 Cum
968 2980 1073 3060 ingens
1096 2981 1288 3062 praestiteris
1312 2982 1384 3044 mihi
1407 2982 1501 3044 bene-

144 3073 251 3147 ficium,
276 3089 402 3133 excusas
426 3079 457 3132 te
481 3069 561 3142 mihi,
587 3070 665 3150 quod
688 3068 787 3147 majus
809 3068 882 3130 illud
906 3087 964 3130 non
989 3069 1087 3145 fuerit,
1113 3070 1332 3152 quodqne'tam
1349 3072 1401 3133 diu
1421 3071 1501 3133 dila-

144 3159 265 3240 tumsit
279 3159 462 3240 opusculum,
486 3160 605 3237 culpam
627 3179 646 3219 a
668 3164 699 3218 te
721 3174 866 3220 removes.
901 3154 996 3228 Quasi
1020 3167 1073 3222 aut
1097 3160 1170 3221 haee
1193 3160 1282 3241 culpa
1306 3161 1424 3236 inisset,
1449 3167 1504 3222 aut

145 3271 201 3331 ego
225 3248 440 3312 beneficentiae
465 3257 534 3310 tuae
560 3247 672 3309 arbiter
695 3256 786 3326 atque
810 3246 968 3326 legislator
989 3247 1167 3323 existerem;
1191 3249 1310 3312 omnino
1334 3249 1423 3331 quasi
1446 3250 1502 3311 de-

145 3341 239 3403 bitum
254 3339 310 3400 hoc
329 3347 422 3400 esset.
456 3337 598 3417 Agnosco
622 3355 696 3396 sane
720 3343 751 3395 et
774 3335 948 3398 reminiscor
970 3338 1063 3399 verba
1085 3339 1227 3400 nonnulla
1241 3355 1327 3400 meae
1342 3338 1501 3419 epistolae,

146 3429 252 3510 quibus
276 3427 393 3489 isthaec
417 3426 573 3488 excusatio
596 3424 777 3505 respondere
805 3425 933 3487 videtur.
980 3426 1093 3488 Verum
1125 3426 1199 3488 illud
1232 3436 1263 3491 te
1296 3447 1421 3490 moneor
1454 3425 1500 3508 qul

146 3517 272 3583 candido
287 3516 393 3579 scribit
411 3515 519 3591 animo,
545 3533 611 3576 eum
627 3514 722 3577 inulta
741 3513 946 3593 incogitanter
969 3515 1098 3588 scribere
1118 3523 1149 3578 et
1167 3517 1282 3580 semina
1300 3516 1501 3596 suspicionum

147 3626 265 3682 serere;
289 3625 343 3669 nee
367 3614 468 3668 tamen
492 3605 559 3667 ideo
583 3620 685 3666 earum
708 3603 813 3665 teneri.
848 3602 929 3666 Sane
948 3604 1020 3666 mihi
1038 3624 1121 3668 mens
1145 3605 1217 3668 alibi
1241 3625 1299 3668 non
1323 3614 1389 3668 erat
1412 3625 1448 3668 eo
1472 3604 1502 3667 in

146 3699 231 3773 loco,
266 3716 355 3777 quarn
384 3697 414 3758 in
443 3695 590 3757 sumtibus
620 3712 709 3775 parce
742 3692 888 3754 faciendis
921 3695 1050 3756 emtione
1077 3713 1239 3776 paucorum
1266 3696 1503 3775 exemplarium:

145 3797 235 3869 atque
260 3787 298 3848 ad
323 3787 378 3848 hoc
403 3785 573 3847 institutum
597 3782 697 3845 omnia
720 3783 835 3862 reliqua
858 3782 1016 3845 referenda
1038 3792 1118 3845 sunt.
1163 3782 1243 3854 Quid
1263 3783 1405 3865 quaeris?
1436 3783 1505 3863 Ego

144 3878 270 3939 totidem
294 3876 392 3937 sentio
416 3875 564 3948 stimulos,
589 3873 705 3954 quoties
729 3881 763 3933 tu
785 3872 832 3932 vel
857 3880 975 3953 tempus
999 3892 1136 3948 excusas,
1161 3873 1210 3934 vel
1225 3882 1368 3955 quantum
1391 3873 1422 3934 in
1446 3891 1504 3934 ex·

145 3966 266 4028 cusione
293 3964 504 4044 praestiteris,
536 3982 685 4028 recenses.
733 3960 843 4023 Obruis
871 3981 917 4022 me
946 3980 1019 4023 sane
1048 3962 1137 4023 nimio
1167 3962 1225 4023 mei
1253 3963 1372 4025 studio:
1406 3978 1506 4044 neque

145 4056 261 4117 calamo
285 4054 315 4115 id
339 4071 467 4133 aequare
491 4052 618 4131 amplius
642 4069 773 4131 possum.
811 4051 877 4112 Nec
900 4049 996 4111 minus
1017 4060 1123 4129 gratae
1148 4070 1237 4131 qnam
1259 4053 1410 4114 salutares
1433 4058 1508 4113 sunt

144 4144 348 4223 intersparsae
382 4140 610 4203 admonitiones.
656 4139 707 4200 Ad
736 4139 853 4200 unicum
882 4139 919 4201 de
950 4138 1042 4200 nimia
1069 4158 1137 4201 mea
1163 4140 1312 4204 brevitate
1347 4150 1379 4202 et
1410 4161 1507 4221 uapu-

145 4234 252 4311 βασισι
275 4232 442 4310 respondeo
466 4230 495 4291 in
519 4248 643 4309 genere;
667 4248 725 4289 non
750 4228 928 4307 obloquendi
952 4228 1063 4304 animo,
1088 4231 1142 4290 sed
1165 4240 1199 4292 ut
1224 4230 1328 4293 videas
1353 4231 1507 4292 fortunam

146 4342 252 4384 meam.
301 4320 377 4383 Cum
401 4320 547 4381 nerninem
575 4319 668 4380 sciam
697 4316 725 4378 iu
754 4316 807 4378 illo
835 4317 1002 4379 clarissimo
1032 4319 1140 4381 lumine
1170 4329 1289 4381 vestrae
1318 4319 1504 4394 academiae,

147 4413 195 4491 qui
218 4412 459 4490 mea'dogmata
487 4408 747 4488 datdirnpeteret
775 4406 886 4487 operui:
920 4407 1058 4469 inventus
1090 4419 1139 4470 est
1171 4409 1199 4470 in
1232 4409 1290 4469 hac
1317 4410 1445 4471 obscura
1474 4416 1519 4470 et

147 4502 308 4563 tenebrosa
331 4500 480 4574 barbarie,
505 4498 565 4577 qui,
589 4515 654 4559 cum
678 4497 745 4576 plus
769 4495 948 4575 intelligere
963 4515 1020 4557 non
1044 4505 1159 4577 posset,
1185 4499 1280 4560 solnm
1299 4498 1372 4560 illud
1387 4490 1508 4560 calum-

148 4591 221 4652 niari
245 4592 283 4652 ad
307 4608 447 4669 proceres
472 4607 562 4648 ausus
587 4595 648 4659 est,
674 4587 816 4665 pleraque
841 4605 877 4645 ex
902 4584 1068 4664 Copernico
1092 4588 1230 4649 desumta
1254 4595 1285 4648 et
1308 4587 1346 4648 ab
1370 4606 1406 4648 eo
1431 4593 1506 4649 ante

147 4682 256 4743 multos
281 4696 376 4739 annos
400 4677 490 4738 dicta.
528 4675 608 4745 Quid
633 4674 745 4752 agam?
777 4676 883 4755 Neque
902 4675 1085 4756 hypotheses
1104 4695 1188 4737 meae
1208 4686 1288 4751 sunt,
1314 4695 1409 4756 neque
1434 4695 1505 4738 cor-

146 4775 230 4852 po'ra.
269 4768 399 4830 Tantum
422 4785 478 4846 ego
503 4764 600 4826 nexui.
638 4765 683 4825 At
706 4762 773 4847 quis
796 4783 834 4827 ex
857 4762 1002 4842 imperitis
1028 4765 1130 4827 harum
1150 4785 1256 4842 rerum,
1282 4766 1406 4828 audiens
1426 4765 1506 4828 hane

147 4858 328 4924 calumniam
351 4875 389 4918 ex
411 4874 457 4933 eo,
483 4873 571 4937 quem
594 4854 715 4916 doctum
735 4858 883 4927 autumat,
908 4853 965 4916 hoc
987 4862 1078 4934 pacto
1102 4854 1219 4917 institui
1241 4863 1353 4936 potest,
1379 4862 1413 4917 ut
1436 4873 1506 4918 eum
