3278 5542
628 64 840 160 'mm'
1366 106 1409 176 as

37 273 95 327 est
129 282 213 328 anna
247 262 331 332 1569
359 266 479 330 biennio
502 274 573 330 anta
595 285 643 330 me
665 276 779 330 natum.
821 269 923 330 Autor
944 266 1060 331 Ramns
1083 277 1133 331 est
1154 270 1184 332 in
1209 269 1321 332 scholis
1346 271 1408 333 suis

38 357 122 427 (non
145 352 339 429 Geometria)
362 354 564 420 Geometricis
587 357 659 419 folio
680 354 723 420 49
743 365 775 418 ει
789 354 842 420 50.
889 354 957 428 Quo
982 357 1047 419 loco
1069 356 1185 420 Ramns
1207 359 1408 439 praemium

41 443 305 507 conformatae
342 445 481 526 absquo
522 445 791 528 hypothesibus
832 447 1072 525 astrologiae
1115 448 1277 526 spondet
1321 467 1408 510 suae

41 533 304 612 professionis
325 536 545 598 cessionem.
592 534 626 598 Si
649 534 763 597 Remus
788 534 858 597 illas
881 536 1099 597 exterminatas
1118 537 1201 615 cupit
1213 537 1406 618 hypotheses,

44 640 123 702 qnae
150 631 185 683 ut
209 624 369 686 credantur
390 625 591 706 postulantur,
615 643 673 686 non
695 626 869 704 probantur,
895 631 926 686 ει
949 625 975 685 si
999 625 1075 686 hanc
1099 626 1212 706 absque
1228 626 1405 707 hypothesi-

45 710 102 772 bus
133 713 354 777 astronomiam
385 713 506 789 laudat,
537 733 613 794 qnae
645 715 740 778 solius
770 723 896 775 naturae
921 721 1070 793 apparatu
1093 715 1208 776 orbium
1231 715 1406 777 coelestium

50 807 194 863 contenta
218 811 274 875 est,
299 804 377 883 quod
400 803 518 884 quidem
541 811 611 865 ante
634 812 666 864 et
688 811 760 883 post
780 802 900 865 omnino
923 804 1044 865 innuere
1059 803 1192 867 videtur:
1218 803 1341 866 vicimus
1356 805 1405 865 vel

48 889 111 969 Ego
134 891 188 952 vel
214 888 417 972 Copernicus,
442 893 490 955 vel
513 901 639 974 uterque
663 892 765 962 simul,
789 891 933 972 nobisque
957 892 1105 972 professio
1129 894 1255 956 debetur
1277 893 1403 955 Remea.

46 976 98 1040 Sin
123 988 230 1042 antem
252 980 368 1044 Ramns
392 1000 495 1044 omnes
518 984 639 1043 omnino
662 982 846 1063 hypotheses
869 981 968 1061 rejicit
991 1000 1043 1042 son
1067 1001 1155 1044 veras
1184 992 1214 1044 et
1242 984 1405 1057 naturales,

44 1087 97 1129 aen
121 1070 234 1142 falsas,
256 1079 321 1132 tum
343 1069 374 1133 id
397 1081 454 1147 est,
479 1073 556 1152 quod
579 1070 770 1151 supradixi:
796 1071 907 1133 stultns
930 1089 1044 1149 nempe,
1070 1071 1159 1153 idque
1182 1081 1216 1134 ut
1236 1072 1342 1152 opinor
1356 1071 1404 1133 vel

45 1167 74 1218 te
88 1158 207 1237 jndice.
255 1160 369 1223 Verum
392 1167 427 1221 nt
448 1161 602 1240 utriusque
626 1161 730 1222 honori
753 1161 935 1235 consulatur,
959 1160 1038 1220 malo
1062 1179 1109 1222 me
1131 1161 1335 1240 professorem
1354 1180 1404 1223 rs·

45 1248 123 1326 ςὶιιιιι
150 1268 243 1330 qnam
266 1248 394 1311 Remum
417 1250 544 1313 stultum
567 1251 729 1330 appellare.
776 1250 842 1311 Hoc
865 1268 955 1311 unum
978 1256 1037 1311 est.

129 1337 205 1400 Jam
229 1356 327 1418 porro,
351 1348 385 1401 nt
407 1337 521 1418 Regius
534 1340 693 1401 Professor
717 1338 829 1419 aliquid
852 1338 945 1401 etiam
969 1358 1023 1400 suo
1045 1336 1134 1400 titulo
1158 1339 1280 1420 dignum
1304 1347 1401 1419 gerat,

47 1427 188 1507 proponit
210 1427 266 1489 tibi
291 1426 465 1492 clarissime
488 1427 526 1490 D.
550 1436 728 1509 praeceptor
749 1429 903 1508 problema
927 1425 1157 1489 Geometricnm.
1184 1460 1225 1472 —
1249 1429 1401 1508 Triangu-

49 1515 103 1577 lum
126 1516 339 1596 rectiangulum
361 1517 558 1592 constitnere,
587 1518 670 1597 cnjus
698 1517 799 1579 omnia
829 1516 888 1579 tria
910 1517 1008 1578 latera
1030 1517 1093 1578 sint
1115 1517 1242 1580 invicem
1265 1518 1403 1579 continue

51 1606 291 1685 proportionalia,
316 1613 351 1669 nt
368 1606 447 1669 sicut
470 1606 566 1668 minus
590 1607 670 1668 latus
694 1606 732 1667 ad
756 1606 853 1685 majus
876 1606 957 1668 circa
979 1614 1102 1680 rectum,
1127 1607 1172 1668 sic
1196 1608 1252 1668 hoc
1274 1607 1312 1668 ad
1328 1607 1402 1668 sub·

53 1702 164 1757 tensam
187 1703 281 1758 recto.
319 1695 492 1758 Utilitatem
507 1695 689 1757 inventionis
704 1694 850 1776 insignem‘
865 1696 977 1768 nescio,
1001 1695 1058 1757 nisi
1073 1696 1152 1776 quod
1166 1697 1263 1776 magis
1279 1703 1405 1757 exornat

58 1784 254 1861 geometriam.
296 1784 376 1847 Nam
390 1785 416 1847 si
437 1785 581 1865 pensitas,
605 1785 730 1859 videbis,
756 1804 845 1848 nnanr
864 1779 1072 1847 tantummodo
1093 1784 1227 1853 formam,
1244 1785 1320 1862 ejus,
1344 1802 1403 1846 non

60 1874 142 1950 plures
168 1893 239 1937 esse
262 1870 362 1953 posse‘.
408 1874 546 1937 Ioventio
570 1874 689 1953 Magire
713 1873 854 1950 debetur,
888 1893 947 1955 qua
970 1875 1047 1935 adeo
1070 1874 1166 1953 ipsum
1191 1874 1324 1936 officioso
1349 1893 1403 1935 sa-

66 1961 119 2038 luto,
148 1971 330 2044 gratumque
354 1983 402 2025 me
430 1964 472 2026 illi
505 1963 647 2037 exhibeo,
676 1974 838 2044 propterea
867 1963 944 2043 qnod
968 1981 1021 2024 sno
1041 1963 1258 2042 jucundissimo
1281 1963 1403 2024 theore-

65 2060 122 2113 nate
155 2071 238 2114 nova
267 2052 423 2134 voluptate
447 2053 631 2133 geometrica
654 2071 701 2114 me
725 2071 841 2133 quoque
864 2053 943 2113 inter
966 2060 1084 2113 ceteros
1108 2053 1220 2115 beavit.
1267 2053 1403 2115 Demon-

65 2141 150 2203 stratio
185 2141 286 2204 facilis
319 2150 368 2203 est
400 2161 437 2205 ex
467 2143 562 2223 ipsine
595 2142 737 2205 invento:
771 2142 849 2222 quod
882 2141 1000 2221 quidem
1033 2141 1077 2203 ita
1105 2142 1137 2204 in
1162 2143 1252 2204 aliam
1277 2143 1403 2205 formam

66 2231 174 2306 nuavi,
209 2239 243 2293 nt
267 2231 450 2307 existimem,
474 2250 521 2293 me
546 2231 634 2293 facile
657 2233 706 2292 vel
729 2231 826 2310 ipsum
850 2231 1003 2310 Magirum
1026 2230 1056 2292 in
1075 2231 1152 2294 banc
1175 2231 1403 2312 persuasionem

65 2317 250 2396 inducturum,
281 2329 315 2383 nt
345 2329 434 2400 putet
465 2336 545 2382 mere
573 2339 669 2382 meum
694 2340 772 2382 esse.
819 2319 989 2400 Propositio
1013 2319 1058 2381 ita
1080 2329 1189 2383 sonet:
1228 2321 1266 2384 Si
1295 2340 1404 2402 super
1436 2390 1438 2395 ,

67 2406 184 2472 lineam
217 2419 383 2472 extrema
412 2416 448 2472 et
478 2411 597 2472 media
619 2410 764 2472 ratione
788 2417 928 2471 sectam
947 2411 1210 2489 rectangnlnm
1233 2410 1401 2492 triangu-

65 2495 116 2559 lum
145 2500 406 2562 constituatur
432 2500 487 2562 sic
514 2509 552 2561 ut
580 2509 704 2562 rectus
728 2500 887 2579 angulus
910 2505 1048 2578 puncto
1073 2500 1258 2561 sectionis
1282 2500 1334 2561 sit
1359 2500 1402 2561 ad

66 2588 367 2668 perpendicnlum,
404 2590 504 2651 latus
536 2589 653 2650 minus
677 2589 774 2651 circa
807 2596 948 2650 rectum
977 2588 1208 2668 aequabitur
1239 2588 1403 2669 portioni

66 2678 176 2756 najori
201 2685 336 2739 sectae
361 2678 502 2739 lineae.
550 2677 844 2740 Demonstrationem
867 2676 995 2755 Magiri,
1021 2694 1108 2756 quam
1133 2677 1163 2738 iu
1186 2680 1265 2740 valle
1289 2679 1402 2740 Luste-

66 2767 136 2828 navia
157 2767 229 2830 mibi
253 2767 488 2838 demonstrasti,
522 2769 641 2829 omnino
665 2768 753 2829 amisi
776 2785 830 2829 nec
854 2767 1025 2828 meminisse
1049 2785 1191 2847 possum:
1220 2767 1287 2829 ideo
1311 2766 1402 2828 aliam

66 2853 171 2918 institui.
210 2856 287 2919 Esto
308 2857 388 2918 linea
403 2857 471 2932 ΑΕ,
496 2866 581 2918 secta
595 2857 787 2937 proportione

67 2943 130 3006 dicta
149 2947 178 3007 in
201 2947 228 3008 F
250 2964 306 3025 per
320 2942 364 3009 30
386 2947 465 3009 sexti
489 2945 674 3021 (Euclidis);
698 2964 788 3026 super

67 3052 109 3109 qua
133 3035 319 3098 describatur
347 3035 567 3110 semicirculus,
604 3036 633 3096 in
663 3055 719 3115 quo
749 3055 785 3096 ex

67 3121 169 3186 Fracta
191 3124 246 3186 FD
265 3125 400 3205 erigatur
420 3124 708 3205 perpendiculariter
730 3144 785 3185 us·

68 3228 108 3287 que
125 3215 162 3276 ad
185 3215 373 3295 superficiem
396 3214 584 3289 semicirculi,
609 3224 782 3276 etcounec-

70 3307 146 3367 tantur
158 3303 226 3377 DE,
252 3304 323 3380 DA,
347 3312 381 3366 nt
401 3305 455 3366 fiat
468 3305 595 3383 angulus
610 3304 697 3366 ΕΒΑ
716 3322 784 3366 rec-

1068 2928 1112 2978 l'ig.
1127 2925 1149 2970 fl.

73 3397 107 3449 tua
127 3410 177 3472 per
209 3389 265 3455 31.
298 3394 356 3455 lll.
415 3394 491 3455 Dico
529 3393 606 3473 quod
638 3393 694 3455 DE
731 3395 785 3454 liat

73 3482 178 3558 aequalis
195 3482 297 3545 lineae
312 3482 377 3553 Fa,
398 3483 527 3562 portioni
544 3482 648 3561 majori
664 3482 701 3543 dc
715 3481 784 3544 ΕΑ.

66 3565 129 3629 Nam
146 3588 196 3651 per
210 3570 244 3637 8.
271 3572 325 3634 VI.
349 3572 503 3650 triangula
516 3570 608 3645 EFD,
632 3570 715 3632 DFA
727 3571 785 3632 toti

62 3656 286 3725 annecteret
309 3680 342 3724 se
365 3670 436 3723 sunt
459 3661 581 3722 similia.
615 3658 718 3731 Quare
731 3678 786 3742 per

59 3749 205 3812 recmdom
225 3750 415 3813 corollarium
434 3749 571 3830 ejusdem
584 3747 640 3811 ΕΙ)
656 3756 704 3808 εει
719 3767 784 3809 me·

58 3835 98 3896 dia
121 3839 353 3920 proportionalis
381 3839 461 3901 inter
484 3838 540 3901 ΑΕ
565 3847 596 3900 ει
617 3837 680 3901 EF.
726 3835 787 3898 Est

56 3934 143 3989 antem
165 3930 259 3991 etiarn
279 3929 336 3991 AF
348 3928 448 3990 media
461 3927 692 4008 proportionalis
707 3926 786 3989 inter

54 4013 101 4076 ΑΕ
122 4025 154 4079 ει
175 4018 231 4081 EF
252 4036 306 4098 per
324 4017 525 4080 definitionem
546 4017 642 4078 lineae
657 4033 784 4096 propor-

54 4104 197 4169 tionaliter
223 4115 338 4170 sectae.
386 4105 462 4169 Cum
492 4114 591 4168 antem
621 4105 699 4167 inter
728 4106 785 4165 duo

54 4205 177 4258 extrema
196 4216 290 4277 ¹unum
312 4205 430 4258 tantum
453 4196 583 4258 medium
613 4193 783 4275 proportio-

54 4285 111 4346 nale
142 4305 211 4349 esse
241 4286 357 4365 possit,
391 4302 445 4364 per
467 4282 497 4348 9.
523 4286 563 4346 V.
597 4301 782 4357 conversam,
867 4307 868 4310 ¹

51 4373 99 4433 Al*
119 4383 152 4437 et
173 4374 231 4437 ΕΙ)
256 4375 399 4457 aequales
423 4382 519 4448 emat,
544 4374 623 4453 quod
647 4382 714 4448 erat
735 4373 931 4452 probandum.
971 4369 1167 4434 corollarium
1191 4373 1217 4434 1.
1262 4371 1402 4433 Latera

50 4462 221 4546 trianguli
244 4472 330 4526 sunt
351 4464 659 4544 proportionalia.
707 4463 786 4523 Nam
809 4463 873 4536 AF,
898 4462 962 4536 FD,
988 4460 1134 4522 FEsuut
1159 4461 1400 4541 proportionales

50 4567 97 4628 per
117 4550 148 4617 8.
169 4554 227 4616 vl.
265 4555 311 4616 At
333 4553 389 4615 ΕΙ)
413 4561 463 4614 εει
485 4553 621 4634 aequalis
645 4552 740 4613 lineae
754 4552 820 4614 AF.
858 4551 941 4631 Ergo
964 4549 1030 4624 ΕΙ),
1056 4549 1119 4623 DF,
1144 4550 1196 4611 FE
1219 4550 1281 4612 tria
1303 4550 1401 4611 latera

50 4643 209 4726 rectanguli
231 4651 305 4706 sant
325 4642 574 4723 proportionalia.
622 4642 667 4704 At
687 4639 770 4703 EFD
793 4641 976 4721 triangulum
1001 4639 1130 4722 partiale
1149 4647 1199 4700 est
1221 4639 1317 4700 simile
1333 4638 1400 4713 toti,

1143 4740 1187 4792 μ
