3278 5542
143 341 206 410 143
406 430 410 436 ²
653 315 766 405 rsyainr
787 340 989 412 omenque

693 553 814 653 Caput
840 553 947 629 XIII.
1067 638 1070 642 ,
1396 658 1400 663 1

139 713 197 776 ne
219 715 439 796 empostae
461 713 587 776 aarum
609 712 666 793 qur
688 713 873 794 corporatae
899 714 1117 777 immensus
1142 721 1172 777 a
1193 714 1501 779 armonem

228 857 383 918 Hactenus
408 853 479 917 nihil
505 854 631 929 dictum,
663 853 719 916 nisi
749 862 954 916 consentanea
979 854 1125 935 quaedam
1151 853 1239 933 signa
1266 864 1300 918 et
1327 855 1431 929 amosa
1451 876 1501 919 su·

140 944 237 1025 scepti
261 944 469 1007 theorematis.
507 943 711 1005 Transeamus
735 944 823 1005 modo
848 942 886 1004 ad
910 941 1086 1021 ἀποςηματα
1110 942 1226 1006 orbium
1244 942 1453 1011 astronomiae
1473 953 1503 1009 et

142 1035 416 1097 demonstrationes
445 1034 662 1113 geometricas:
699 1052 775 1114 quae
805 1032 862 1094 nisi
892 1033 1102 1108 consentiant,
1134 1033 1240 1113 procul
1267 1033 1360 1097 dublo
1389 1052 1503 1099 omnem

137 1122 370 1204 praecedentem
394 1139 518 1201 operam
542 1121 710 1185 inserimus.
748 1121 882 1184 Primum
900 1122 1029 1184 omnium
1049 1121 1215 1200 videamus,
1240 1122 1269 1184 in
1293 1131 1411 1204 quanta
1431 1142 1501 1207 pro,-

137 1210 275 1293 portione
300 1212 363 1273 sint
386 1211 475 1273 orbes
499 1210 626 1292 singulis
655 1209 702 1272 lris
733 1211 861 1292 quinque
890 1209 1064 1291 corporibus
1089 1211 1278 1291 regularibus
1302 1210 1501 1295 inaenpstst

138 1298 310 1363 circumseri
333 1308 393 1362 tos.
1407 1304 1412 1324 ³

225 1388 270 1453 Et
291 1319 369 1451 rddii
393 1388 511 1469 quidem
540 1386 606 1450 sive
635 1386 849 1468 semidiametri
878 1386 1170 1468 circumscriptomm
1201 1398 1335 1471 aequant
1358 1371 1500 1471 semidia-

138 1477 245 1557 gonios
269 1496 436 1559 corporum.
483 1478 563 1542 Nam
588 1476 646 1539 nisi
669 1495 772 1538 omues
796 1476 899 1557 anguli
926 1476 1038 1557 figurae
1063 1476 1221 1559 tetigerint
1242 1477 1372 1540 eandem
1394 1494 1500 1559 super·

139 1566 245 1642 ficiem,
271 1584 379 1647 corpus
403 1566 540 1648 regulare
565 1584 622 1628 non
648 1565 714 1626 erit.
752 1564 821 1628 Bini
846 1573 946 1627 autem
970 1564 1071 1647 anguli
1090 1566 1222 1647 oppositi
1245 1573 1350 1629 mutuo
1374 1578 1407 1630 et
1429 1584 1500 1629 cerr·

137 1664 217 1718 trum
240 1656 354 1738 figurae
379 1674 499 1737 semper
526 1665 598 1718 sunt
624 1655 653 1717 in
684 1654 788 1716 eadem
818 1654 897 1717 linea
925 1655 993 1741 sive
1018 1655 1067 1718 axi
1091 1654 1181 1719 orbis.
1227 1654 1392 1737 Excipitur
1412 1673 1500 1718 unum

139 1745 325 1820 tetratdrom
351 1744 430 1824 qnod
453 1745 547 1807 habet
571 1744 706 1826 singulos
730 1744 857 1822 angulos
881 1743 1007 1824 singulis
1032 1744 1174 1807 facierum
1197 1743 1311 1809 ceutria
1330 1742 1497 1826 oppositos

225 1832 296 1896 Jam
322 1841 409 1896 recta
432 1842 614 1896 connectens
639 1841 745 1894 centra
767 1832 879 1912 rigurae
903 1841 934 1895 et
962 1832 1045 1895 basis
1069 1842 1116 1895 eat
1140 1835 1242 1897 radius
1265 1833 1331 1896 siva
1356 1832 1500 1897 semidia-

114 1930 235 1986 meter
266 1922 404 2003 inscripti
437 1942 492 2005 per
524 1923 660 1986 ultimam
694 1921 743 1983 lib.
771 1920 843 1985 XV.
896 1920 1044 2002 Campani
1072 1923 1102 1984 in
1128 1922 1296 1987 Euclidem.
1316 1916 1364 1999 ⁴⁵)
1410 1919 1500 1987 Orbis

137 2012 215 2074 anim
239 2012 401 2092 inscriptus
426 2022 551 2094 tangere
582 2011 674 2074 debet
702 2010 802 2072 omnia
832 2020 938 2073 centra
969 2013 1095 2092 figurae,
1131 2021 1162 2075 et
1191 2013 1304 2094 figurae
1336 2011 1500 2094 inscriptae

135 2108 207 2164 'cum
230 2100 466 2182 circumscriptis
488 2120 592 2165 omnes
615 2099 774 2181 possident
796 2100 875 2162 idem
897 2110 1043 2163 centrum.

289 2223 337 2272 rn.
352 2220 387 2264 ,g
614 2188 702 2261 Quod
718 2208 784 2250 cum
799 2190 844 2251 ita
858 2190 908 2265 sit,
934 2189 1022 2252 facile
1038 2198 1086 2252 est
1100 2188 1212 2265 videre,
1231 2188 1401 2271 potentiam
1416 2189 1501 2263 radii,

522 2299 580 2361 quo
595 2277 724 2341 circulus
738 2277 804 2340 basi
819 2278 1080 2354 circumscribitur,
1096 2277 1290 2341 auferendam
1308 2278 1346 2340 de
1365 2278 1504 2360 potentis

523 2367 602 2431 radii
617 2366 698 2429 orbis
713 2367 940 2448 circumscripti,
957 2376 990 2431 ut
1003 2367 1125 2430 residua
1138 2366 1180 2429 sit
1192 2367 1331 2448 potentis
1346 2368 1504 2449 quaesitas

525 2458 625 2520 lineae
650 2474 703 2518 seu
726 2456 802 2518 radii
827 2456 909 2519 orbis
931 2456 1078 2537 inscripti.
1120 2456 1153 2517 ln
1178 2456 1322 2538 adjuncto
1347 2457 1505 2521 schemate

523 2543 617 2608 HOM
633 2553 682 2606 est
695 2544 761 2606 axis
777 2546 994 2626 circumscripti
1013 2545 1105 2620 orbis,
1120 2545 1215 2626 cujus,
1232 2553 1266 2608 ut
1280 2553 1312 2608 et
1325 2544 1444 2628 figurae
1457 2546 1510 2609 irr-

525 2635 658 2714 soriptae
673 2652 827 2696 commune
843 2643 976 2697 centrum
992 2635 1021 2696 in
1034 2634 1072 2707 0,
1085 2632 1176 2696 HGL
1189 2634 1311 2717 planum
1321 2654 1415 2699 unum
1428 2636 1504 2716 ligu-

523 2743 585 2800 rae,
611 2722 688 2804 quod
713 2723 760 2784 hic
780 2723 822 2785 sit
840 2725 934 2799 basis,
957 2724 1128 2797 Jcentrum
1142 2723 1235 2798 basis,
1258 2721 1310 2785 HJ
1323 2724 1431 2787 radius
1446 2725 1508 2787 cir-

524 2812 698 2892 cumscripti
721 2811 798 2874 basi.
835 2812 878 2874 Et
900 2822 985 2875 reeta
1004 2832 1042 2874 ex
1061 2821 1166 2876 centro
1186 2810 1311 2876 orbisO
1334 2813 1365 2876 in
1388 2810 1411 2876 J
1432 2832 1504 2876 carr·

492 2913 602 3004 1,trum
617 2901 740 2963 minoris
761 2901 864 2963 circuli
885 2902 1017 2964 demissa
1040 2900 1296 2982 perpendicularis
1315 2901 1378 2965 erit
1394 2900 1505 2966 circulo

526 2999 557 3054 et
580 2991 677 3052 lineae
692 2990 752 3052 HJ.
776 2991 810 3052 In
826 2991 976 3072 triangulo
992 2990 1082 3071 igitur
1095 2989 1174 3053 HJO
1190 2990 1318 3072 angulus
1337 2990 1380 3054 ad
1397 2987 1420 3053 J
1437 3008 1500 3054 mc·

526 3089 585 3142 tus.
614 3078 697 3158 Ergo
716 3076 774 3140 ΗΟ
798 3081 936 3159 potentia
958 3087 1070 3161 aequat
1093 3080 1247 3160 potentias
1271 3077 1331 3156 HJ,
1357 3078 1419 3143 JO.
1464 3079 1503 3142 Et

261 3156 283 3209 L
524 3168 662 3250 potentia
676 3166 726 3228 HJ
745 3168 849 3230 ablata
864 3187 901 3230 ex
920 3169 978 3232 ΗΟ
998 3168 1144 3249 potentia,
1169 3168 1312 3251 relinquit
1326 3168 1378 3232 JO
1397 3177 1501 3252 poten·

144 3260 221 3324 tiam
244 3260 413 3340 quaesitam
431 3260 490 3334 (Ε.
515 3259 538 3332 1,
563 3251 633 3329 47).
653 3249 699 3330 ¹⁶)

230 3348 309 3411 Hirro
337 3356 478 3428 apparet,
510 3355 543 3407 ut
570 3345 717 3407 habeatur
739 3344 788 3407 JO
818 3345 847 3407 in
877 3345 1014 3408 omnibus
1048 3347 1163 3426 figuris,
1203 3346 1411 3428 quaerendam
1439 3363 1501 3409 csse

141 3438 224 3519 prius
248 3438 298 3500 HJ
322 3437 437 3499 radium
456 3436 551 3498 basis.
599 3434 736 3495 Habetur
759 3442 860 3496 autem
884 3443 917 3495 et
939 3435 989 3497 HJ
1012 3435 1129 3509 radius,
1159 3435 1280 3516 cognito
1307 3436 1406 3499 latera
1430 3436 1502 3516 ligu-

141 3547 208 3601 rae,
238 3528 284 3589 cui
313 3526 456 3589 circulum
485 3523 711 3586 circumscribit.
762 3523 839 3585 Hinc
870 3542 1002 3601 rursum,
1037 3532 1070 3586 nt
1098 3524 1201 3588 radius
1229 3524 1314 3588 basis
1343 3524 1501 3601 habeatur,

142 3616 343 3698 quaerendum
365 3614 448 3696 prius
472 3614 552 3676 latus
577 3611 738 3693 cujuslibet
765 3612 886 3693 figurae.

229 3705 385 3768 Assumto
403 3704 496 3783 igitur
518 3702 603 3765 radio
624 3701 843 3782 circumscripti
867 3701 1027 3782 cujuslibet
1050 3701 1080 3764 in
1104 3702 1277 3783 quantitate
1301 3701 1389 3765 sinus
1413 3701 1505 3765 totius

146 3791 230 3857 1000
253 3795 384 3875 partium
410 3792 537 3866 (sufficit
559 3800 662 3854 nostro
686 3791 827 3852 instituto
852 3790 925 3852 haec
949 3790 1025 3852 radii
1043 3791 1235 3871 magnitudo)
1259 3791 1403 3874 potentia
1426 3791 1505 3854 late-

141 3884 182 3944 ris
207 3883 302 3944 cubici
327 3882 428 3955 (Euol.
453 3882 539 3956 Xlll,
570 3877 624 3953 15)
649 3890 791 3959 estpars
816 3880 908 3941 tertia
931 3881 1084 3960 potentiae
1109 3881 1186 3955 axis,
1212 3889 1245 3942 ut
1267 3881 1294 3943 si
1318 3881 1388 3943 axis
1413 3878 1506 3944 habet

141 3967 243 4044 2000,
274 3971 354 4032 latus
379 3969 446 4031 cubi
470 3970 563 4032 habet
589 3965 682 4031 1155.
731 3968 853 4029 Lateris
880 3969 1014 4030 octaedri
1044 3970 1182 4049 potentia
1206 3966 1308 4051 (Eucl.
1333 3968 1425 4046 XIII,
1454 3966 1507 4045 ld)

142 4068 192 4119 est
214 4059 368 4120 dimidium
393 4059 546 4137 potentiae
571 4056 648 4118 axis.
695 4058 815 4119 Lateris
831 4057 1005 4119 tetralidrici
1020 4059 1158 4138 potentia
1173 4069 1222 4120 est
1239 4057 1294 4132 (ib.
1313 4054 1371 4133 13)
1386 4059 1508 4141 sesqui·

141 4147 240 4208 altera
268 4165 341 4227 pars
369 4147 405 4208 de
434 4146 572 4226 potentia
604 4139 736 4219 axis.⁸²)
784 4147 884 4226 Atque
918 4147 1063 4208 hactenus
1094 4147 1159 4209 usui
1189 4148 1245 4210 fuit
1274 4165 1400 4211 aureum
1435 4146 1510 4212 illud

141 4235 297 4297 theorema
320 4235 512 4315 Pythagorae
541 4235 578 4295 de
602 4233 746 4313 potentiis
776 4233 902 4296 laterum
931 4234 960 4295 in
986 4235 1135 4317 triangulo
1159 4236 1346 4317 rectangulo.
1394 4236 1433 4300 In
1457 4254 1510 4300 cs·

140 4324 215 4386 teria
244 4323 360 4385 duobus
384 4324 557 4402 corporibus
588 4324 690 4402 altero·
707 4323 758 4384 illo
787 4324 970 4402 geometriae
1000 4324 1141 4386 thesauro
1165 4344 1241 4406 opus
1265 4332 1329 4401 est,
1360 4325 1399 4388 de
1430 4326 1512 4391 lines

126 4413 305 4474 'secundum
330 4419 495 4472 extremam
525 4419 556 4472 et
579 4410 708 4472 mediam
732 4411 880 4473 rationem
908 4422 994 4473 secta
1018 4411 1119 4486 (Eucl.
1145 4414 1201 4491 VI,
1227 4411 1294 4488 30).
1343 4414 1431 4479 tram
1454 4415 1511 4478 do·

142 4501 352 4563 decaddricum
376 4499 458 4561 latus
482 4508 530 4560 est
553 4499 650 4579 major
672 4500 770 4579 portio
796 4500 899 4562 lateris
924 4502 1018 4563 cubici
1043 4503 1120 4564 secti
1150 4503 1313 4564 secundum
1338 4512 1513 4569 extremam

142 4601 172 4653 et
195 4591 324 4651 mediam
349 4589 497 4650 rationem
521 4587 621 4661 (Eucl.
646 4587 732 4662 Xlll,
762 4588 810 4651 17.
828 4587 926 4663 Com).
972 4589 1023 4652 Sic
1046 4609 1100 4670 pro
1125 4591 1309 4654 icosabdrico
1334 4586 1438 4656 latere
1463 4595 1513 4658 irr-

141 4678 288 4740 reniendo
312 4677 439 4758 primum
463 4676 616 4756 quaeritur·
639 4676 741 4739 radius
765 4677 845 4740 illius
869 4678 980 4752 circuli,
1006 4680 1054 4759 qui
1079 4679 1206 4760 quinque
1231 4680 1385 4744 icosaedri
1410 4682 1516 4765 tangit

141 4767 277 4847 angulos,
294 4765 344 4847 qui
358 4763 472 4828 estAC
490 4766 518 4827 in
534 4766 645 4829 circulo
655 4765 786 4844 AB(fig.
802 4763 866 4840 19).
886 4766 962 4846 Ejus
976 4768 1115 4847 potentia
1129 4779 1177 4830 est
1187 4769 1293 4850 quinta
1306 4787 1382 4850 pars
1399 4772 1441 4836 de
1456 4791 1516 4854 po·

141 4856 239 4925 tentia
252 4855 320 4918 axis
336 4854 437 4929 (Eucl.
452 4854 539 4932 XIII,
560 4850 610 4918 16.
627 4852 714 4927 Cor.)
747 4854 843 4936 lgitur
858 4855 912 4928 (ib.
929 4855 949 4919 5
965 4867 997 4918 et
1011 4852 1047 4930 9)
1070 4857 1146 4920 radii
1161 4858 1250 4922 istius
1263 4856 1321 4922 ΔΟ
1342 4863 1517 4927 secundum
