3278 5542
140 315 180 384 rc
730 314 892 372 mun.
917 405 924 413 .

136 497 282 541 merorum
306 479 495 554 concordent,
521 479 661 559 exiguam
684 489 716 543 et
738 480 942 543 insensibilem
958 481 1088 543 existere
1103 480 1303 544 differentiam
1316 480 1346 542 in
1361 480 1488 544 arcubus

137 567 271 641 zodiaci,
306 586 427 647 quorum
458 569 558 648 gratia
581 567 662 628 sinus
686 577 717 630 et
741 569 902 631 distantiae
926 570 1127 649 exquimntnr.
1173 570 1217 633 Ut
1238 566 1392 635 5773503
1412 569 1491 632 lacit

138 676 239 719 arcum
263 650 325 718 35ο
349 651 419 731 16’,
457 657 510 719 sed
538 652 690 720 5831967
721 654 795 720 lacit
827 678 927 720 arcum
955 653 1016 722 35⁰
1037 655 1107 733 110⁴,
1138 658 1198 721 diff.
1227 656 1290 735 2d;
1322 658 1415 739 igitur
1442 657 1488 720 hic

137 741 259 820 58464,
284 764 390 825 nempe
414 742 434 808 6
457 746 520 807 fere
544 745 696 827 myriades
719 748 867 810 unitatum
890 748 920 810 in
943 748 1059 810 sinuum
1082 748 1253 811 differentia
1274 767 1333 810 nou
1358 747 1490 810 efficiunt

137 833 288 897 dimidium
310 834 435 914 gradum
455 835 484 896 in
501 835 637 896 arcubus.

224 922 341 984 Deinde
365 923 392 984 si
414 923 561 1004 fingamus
584 924 706 997 saltem,
740 924 814 985 haec
838 943 906 987 esse
928 925 1101 1001 verissima,
1132 937 1215 1006 quae·
1237 926 1274 987 de
1296 925 1487 1006 proportione

105 1026 109 1040 ’·
136 1030 291 1093 corpomm
313 1012 343 1074 iu
368 1012 518 1074 coelorum
542 1012 737 1092 dispositione
761 1013 923 1075 observata
946 1014 1024 1077 dixi:
1049 1034 1107 1077 non
1130 1015 1278 1078 mehercle
1301 1014 1411 1094 injuria
1434 1034 1511 1082 ve-,

136 1102 291 1163 hementer
314 1101 378 1180 quis
402 1102 502 1164 mirari
525 1109 645 1183 posset,
674 1099 870 1181 Copemicnm
898 1111 961 1165 tam
988 1122 1080 1185 prope
1109 1104 1276 1167 accessisse
1305 1105 1342 1165 ad
1366 1103 1410 1166 rei
1435 1122 1486 1165 ve·

136 1192 264 1252 mmmm.
700 1209 703 1215 ·

225 1279 304 1340 Nam
327 1277 457 1340 artifices
481 1278 641 1341 distantias
665 1278 778 1340 orbium
804 1299 840 1340 ex
868 1285 1130 1362 προσθαφαιρισιι
1151 1279 1274 1360 ἅπογιιῳ
1303 1281 1427 1361 capiunt
1457 1290 1487 1341 et

136 1374 320 1447 computant.
367 1368 469 1447 Atque
492 1386 551 1428 non
574 1368 671 1429 solum
695 1367 826 1429 lubricus
850 1377 881 1430 et
904 1369 1033 1431 difficilis
1057 1379 1105 1432 est
1127 1370 1231 1432 modus
1256 1370 1295 1431 ad
1310 1388 1485 1450 easperve·

136 1456 237 1520 niendi
255 1475 308 1536 per
332 1456 501 1517 diuturnam
524 1456 773 1530 observationem,
799 1457 854 1518 sed
877 1457 969 1519 etiam
992 1459 1076 1539 ipsae
1099 1459 1248 1521 interdum
1272 1468 1407 1520 veterum
1430 1458 1485 1521 ob·

137 1545 337 1620 servationes,
362 1545 468 1626 quibus
492 1563 545 1606 cen
569 1545 769 1606 fundamentis
792 1546 975 1619 recentiores
998 1548 1053 1609 niti
1076 1548 1203 1620 debent,
1226 1569 1245 1609 a
1267 1548 1397 1609 veritate
1422 1548 1485 1609 dis-

136 1641 271 1714 crepant,
294 1652 348 1695 nec
372 1633 490 1696 omnino
513 1635 700 1696 certissimae
724 1643 803 1696 sunt.

224 1720 313 1793 Quod
336 1723 426 1803 igitur
449 1724 562 1785 numeri
585 1723 615 1785 in
638 1723 821 1785 Mercurio
846 1723 1003 1798 dissident,
1027 1725 1214 1787 excusationi
1227 1724 1313 1787 nobis
1332 1743 1401 1785 esse
1416 1732 1487 1804 pot-

136 1824 185 1874 est
207 1811 363 1891 multiplex
387 1805 527 1891 planetae
550 1813 683 1874 varietas
708 1821 739 1873 et
762 1812 892 1874 maxima
915 1813 980 1892 ejus
995 1814 1174 1876 observandi
1190 1813 1361 1888 difficultas,
1387 1813 1488 1892 utqui

136 1921 204 1964 raro
228 1901 386 1962 admodum
409 1900 548 1964 cemitnr.
597 1899 688 1981 (Cap.
712 1900 832 1976 XVII.)

225 1989 328 2051 Etiam
351 1989 424 2051 illud
448 1991 629 2053 astronomis
653 1990 870 2052 aestimandum
894 1990 1041 2071 relinquo,
1071 2001 1169 2052 utrum
1196 2008 1253 2052 non
1282 1991 1311 2052 in
1341 1991 1397 2051 hoc
1420 1991 1489 2069 pla-

138 2087 209 2142 neta
232 2097 376 2158 vaporum
399 2078 550 2140 densitate
574 2089 606 2140 et
628 2079 754 2161 physica
776 2080 933 2157 parallaxi
957 2098 1045 2160 quam
1068 2099 1122 2141 nec
1147 2079 1200 2142 Sol
1223 2098 1278 2142 uec
1302 2079 1389 2141 Luna
1413 2079 1488 2142 effu-

138 2169 192 2250 git,
217 2168 365 2230 interdum
390 2168 541 2237 fallantur.
588 2169 667 2230 liam
690 2169 747 2230 etsi
771 2169 920 2231 interdum
944 2169 991 2231 hic
1014 2169 1168 2248 planetae
1184 2169 1277 2230 radiis
1293 2167 1374 2230 Solis
1390 2187 1488 2231 emer-

136 2259 199 2337 git,
233 2276 383 2336 nunquam
416 2264 517 2319 tamen
545 2258 603 2318 nisi
635 2276 726 2337 prope
759 2257 942 2319 horizontem
970 2276 1024 2337 per
1050 2258 1240 2337 interjectam
1264 2258 1486 2319 exhalationnm

140 2347 256 2425 copiam
279 2354 382 2408 nostro
408 2365 441 2405 se
465 2346 541 2407 visui
564 2354 750 2425 praesentat.

232 2432 318 2505 Quod
342 2440 441 2495 autem
463 2433 494 2495 iu
516 2435 634 2495 Marte
659 2434 750 2495 etiam
772 2453 829 2495 non
855 2434 1071 2496 contemnenda
1085 2441 1133 2495 est
1147 2434 1319 2509 diversitas,
1344 2434 1417 2496 nihil
1432 2433 1489 2496 mi·

143 2543 225 2594 rum,
248 2541 303 2583 nec
326 2541 373 2584 me
397 2528 514 2596 movet;
548 2530 681 2585 moveret
703 2522 821 2603 potius,
851 2523 877 2584 si
900 2522 983 2584 nulla
1005 2535 1097 2585 esset.
1143 2523 1268 2587 Memini
1291 2542 1419 2605 namque
1443 2542 1490 2585 me

144 2634 162 2673 a
186 2631 251 2674 meo
273 2618 467 2691 praeceptore
490 2611 652 2674 Maesulino
676 2611 824 2686 audiisse,
849 2610 956 2674 sideris
978 2612 1065 2694 hujus
1089 2631 1204 2674 errores
1228 2633 1247 2674 a
1270 2613 1385 2674 calculo
1410 2614 1492 2675 intra

144 2700 163 2763 2
188 2702 367 2780 integrorum
388 2700 532 2780 graduum
551 2700 708 2779 angustias
727 2701 793 2780 cogi
813 2719 870 2762 non
889 2719 989 2780 posse.
1037 2699 1130 2780 (Cap.
1153 2701 1289 2776 XVIII.)

231 2791 277 2852 At
299 2789 443 2870 objicias,
477 2787 671 2853 Saturnum
703 2789 823 2851 nimium
850 2788 1031 2870 discrepare.
1079 2788 1159 2861 Quid
1190 2790 1238 2852 hic
1262 2790 1375 2871 agam?
1412 2790 1493 2852 Num

143 2880 212 2962 quid
236 2879 390 2941 convictus
413 2878 502 2941 snm?
525 2879 647 2940 Minime
662 2897 742 2941 vero.
789 2879 868 2941 Nam
890 2878 969 2941 sicut
991 2877 1096 2959 ingens
1120 2879 1184 2959 ejus
1208 2880 1355 2941 distantia
1378 2878 1491 2941 facilli-

142 2988 222 3032 mam
245 2968 338 3033 errori
361 2987 484 3031 cansam
505 2968 631 3047 praebet
653 2968 683 3030 in
706 2967 932 3029 observatione:
958 2966 1001 3028 sic
1025 2986 1106 3031 error
1128 2968 1158 3030 in
1174 2967 1328 3044 distantia,
1353 2967 1492 3048 quamvis

143 3059 319 3132 luculentus,
344 3057 481 3137 exiguam
504 3068 535 3118 et
557 3055 695 3136 opinione
719 3056 859 3118 minorem
876 3055 967 3117 efficit
986 3056 1015 3119 in
1029 3065 1111 3119 motu
1125 3055 1213 3138 inque
1231 3062 1493 3138 προσθαφαιρισιι

75 3176 78 3181 ·
143 3147 361 3210 diversitatem.
407 3146 450 3208 Et
481 3153 580 3208 tamen
604 3165 698 3226 neque
722 3145 809 3224 hujus
832 3144 939 3206 sideris
961 3155 1059 3208 motns
1082 3145 1248 3209 certissime
1272 3146 1397 3209 dimensi
1421 3155 1494 3208 sunt

144 3236 326 3299 astronomi:
350 3236 398 3297 vel
422 3235 488 3296 sola
510 3233 676 3315 praeterita
697 3234 794 3296 hieme
818 3252 938 3296 cernere
961 3241 1038 3297 erat.
1074 3234 1153 3298 Nam
1176 3235 1224 3297 die
1247 3232 1277 3297 2.
1297 3233 1347 3298 12.
1363 3235 1441 3298 ch.
1460 3256 1490 3298 a.

147 3320 231 3389 1594
254 3324 337 3387 visus
361 3332 410 3386 est
432 3333 538 3385 exacte
561 3323 640 3385 inter
663 3323 809 3385 cervicem
837 3332 869 3385 et
895 3342 946 3385 cor
973 3322 1082 3398 leonis,
1116 3322 1167 3385 ubi
1194 3344 1261 3386 esse
1285 3324 1417 3386 debebat
1439 3343 1491 3386 se-

144 3414 271 3477 cundum
294 3414 440 3476 calculum
464 3413 494 3475 d.
519 3409 572 3474 21.
598 3408 651 3475 ³1.
667 3409 736 3475 Oct.
760 3411 933 3492 praeterita.
979 3412 1156 3474 Differentia
1170 3413 1251 3493 long.
1268 3410 1329 3488 37‘,
1356 3413 1410 3475 lat.
1426 3409 1488 3482 20‘.

143 3503 211 3585 plus
235 3503 342 3565 minus.
390 3499 479 3574 Quod
502 3501 529 3562 si
551 3500 632 3563 intra
654 3501 731 3563 hunc
754 3501 911 3563 terminum
933 3501 1132 3580 permanserit
1155 3501 1220 3582 ejus
1238 3510 1338 3564 motus
1357 3509 1490 3565 correcta

143 3593 231 3657 modo
251 3591 406 3667 distantia,
431 3589 609 3653 existimabo
625 3589 741 3652 abunde
761 3589 951 3652 satisfactum
966 3590 1028 3652 fore
1043 3590 1232 3654 astronomis.
1279 3588 1372 3670 (Cap.
1386 3589 1491 3665 XIX.)

232 3678 313 3753 Quid
327 3681 353 3743 si
366 3700 437 3742 vero
448 3679 611 3742 astronomi
625 3680 680 3741 hoc
695 3678 789 3758 adjuti
799 3679 984 3741 theoremate
998 3679 1028 3740 in
1042 3679 1226 3742 correctione
1241 3688 1374 3742 motuum
1387 3680 1418 3741 in
1434 3698 1496 3761 qua

142 3771 258 3853 pridem
280 3771 429 3833 desudant
450 3769 577 3850 posthac
601 3768 717 3831 felicius
740 3787 865 3849 pergere
887 3769 1025 3848 possint?
1050 3769 1155 3849 Neque
1175 3770 1231 3832 hoc
1246 3770 1321 3831 adeo
1336 3767 1496 3833 ridiculum

143 3871 191 3922 est
214 3860 323 3934 dicere,
345 3879 416 3922 nam
438 3860 465 3921 si
487 3858 591 3921 haberi
612 3866 719 3938 posset
741 3856 846 3919 similis
871 3858 1128 3920 eccentricitatum
1150 3858 1237 3933 ratio,
1264 3858 1382 3938 qualem
1404 3856 1494 3921 viue-

143 3969 208 4015 mus
232 3967 299 4010 esse
322 3948 352 4009 in
377 3948 539 4022 distantiis,
563 3947 702 4009 coniecta
724 3967 772 4008 res
796 3953 879 4008 esset
897 3956 929 4008 et
951 3945 1073 4008 cuilibet
1087 3945 1185 4008 obvia.
1231 3946 1312 4009 Nam
1327 3946 1402 4008 adeo
1417 3964 1496 4009 con-

144 4039 260 4100 cinnum
284 4036 356 4099 mihi
379 4036 497 4097 videtur
519 4036 575 4097 hoc
599 4035 635 4097 de
659 4035 831 4116 corporibus
854 4036 1024 4114 negotium,
1056 4041 1090 4095 ut
1120 4034 1260 4116 quicquid
1286 4035 1382 4098 adhuc
1406 4035 1498 4099 deest

144 4127 182 4189 ad
206 4135 337 4188 motuum
359 4133 496 4187 exactam
519 4123 737 4203 cognitionem,
772 4143 857 4186 omne
885 4123 915 4185 in
939 4121 1193 4185 eccentricitatnm
1222 4124 1298 4186 vitia
1329 4124 1494 4189 conseram.

143 4215 291 4295 Imprimis
324 4214 461 4276 idoneam
489 4213 557 4274 huic
586 4214 629 4275 rei
653 4231 760 4275 censeo
784 4212 936 4275 Martialis
961 4213 1192 4275 eccentricitatis
1220 4212 1495 4297 amplificationem,

145 4324 221 4386 quae
244 4304 307 4366 fieri
329 4311 434 4384 posset
456 4321 509 4382 per
531 4320 656 4381 parvum
679 4301 830 4364 circellum
855 4303 992 4380 (propter
1015 4302 1115 4364 varios
1138 4302 1247 4364 Martis
1276 4305 1406 4376 errores)
1439 4308 1496 4365 aut

145 4394 407 4474 quomodocunque
431 4392 528 4453 aliter.
574 4391 653 4454 liam
675 4391 762 4454 Jovis
787 4390 827 4452 ad
842 4392 979 4464 Martem,
1005 4390 1114 4453 Terrae
1138 4391 1177 4452 ad
1195 4390 1346 4453 Venerem
1363 4409 1495 4470 propor-

145 4483 187 4543 tio
212 4482 317 4544 eadem
340 4500 416 4563 qnae
439 4480 468 4542 in
492 4479 682 4560 corporibus,
717 4479 849 4553 iudicat,
882 4478 911 4539 in
936 4479 1062 4543 maxime
1086 4479 1234 4554 Veneris,
1266 4479 1372 4541 intime
1394 4479 1494 4553 Jovis,

146 4571 218 4632 item
240 4571 269 4631 in
294 4577 359 4632 tota
382 4570 492 4632 Terrae
517 4569 739 4631 eccentricitate
763 4587 823 4629 uon
846 4567 890 4629 ita
904 4567 991 4630 facile
1006 4569 1074 4650 quid
1089 4568 1197 4630 mutari
1211 4587 1310 4648 posse.
1356 4568 1494 4630 Videant

146 4661 254 4735 etiam,
290 4659 395 4740 quibus
415 4668 462 4720 est
484 4659 591 4732 otium,
624 4667 723 4719 utrum
746 4675 804 4718 non
828 4663 931 4718 cetera
953 4676 1093 4737 corpora,
1118 4676 1192 4735 qnae
1216 4657 1332 4737 species
1355 4657 1493 4719 diversas

145 4749 253 4812 sortita
275 4756 353 4823 sunt,
378 4747 567 4811 occasionem
590 4746 755 4828 praebeant
776 4741 839 4807 suis
863 4744 1036 4809 differentiis
1065 4753 1097 4807 et
1119 4746 1156 4807 de
1180 4744 1438 4810 eccentricitatum
1462 4755 1494 4811 et
