3278 5542
133 314 199 383 424
695 314 932 367 messanae·

225 475 425 539 Differentiae
449 494 520 554 ergo
546 475 576 536 iu
600 474 771 537 universum
796 473 972 555 quindecim.
1018 473 1088 536 Jam
1106 473 1276 550 videamus,
1300 473 1416 556 quinam
1435 473 1472 535 iu·

136 575 183 630 ter
206 569 261 629 has
286 566 431 638 delectus,
455 573 488 626 et
511 583 659 645 quaenam
682 564 745 624 sint
767 564 946 626 naturaliter
969 563 1143 627 duommos

478 726 485 739 ⁴
676 653 806 714 Thesis
829 652 948 716 XXIIl.

226 742 358 805 Primum
383 742 495 803 nullum
520 755 677 804 excessum
705 742 752 802 vel
784 742 934 804 defectum
957 741 1126 803 solitarium
1153 742 1219 804 sine
1248 739 1474 821 compensatione

137 832 304 894 consistere
329 851 456 910 aequum
481 838 538 893 est.
585 832 633 892 Ex
655 831 801 892 solitariis
824 831 925 911 itaque
950 850 1017 905 sex,
1051 837 1178 911 quatuor
1206 831 1330 893 cadunt.
1375 829 1475 892 Modio-

139 921 233 983 critas
258 940 328 982 vero
352 920 463 982 caloris
488 920 744 991 (mediocritatem
767 921 959 1001 proportione
982 920 1094 995 muudi,
1118 938 1176 982 non
1201 917 1375 1002 quantitate
1397 918 1475 980 aesti-

136 1010 299 1084 mabimus)
325 1010 437 1070 collata
461 1011 560 1070 estin
586 1028 694 1088 corpus
711 1008 828 1084 Solare,
855 1009 903 1090 qni
927 1028 1007 1070 mere
1030 1010 1152 1088 propria
1164 1009 1230 1072 luce
1246 1009 1355 1071 utitur:
1380 1008 1477 1069 medio-

137 1099 229 1160 critas
253 1099 444 1161 humectandi
469 1100 497 1161 in
523 1117 630 1177 corpus
654 1099 784 1170 Lunare,
810 1118 884 1179 quae
901 1117 982 1160 mere
1006 1099 1180 1160 mutuatitia
1201 1097 1288 1162 Solis
1310 1104 1344 1159 et
1366 1096 1476 1159 siderum

136 1190 202 1251 luce
227 1189 330 1250 utitur.

508 1290 511 1295 ’
612 1292 617 1299 ·
674 1275 807 1336 Thonis
830 1274 950 1337 XXIV.

228 1365 344 1427 Deinde
369 1384 464 1446 neque
489 1382 632 1426 excessus
657 1365 801 1426 cumulari
830 1363 1013 1444 expediebat
1040 1364 1088 1425 rel
1117 1363 1265 1425 delectus.
1313 1359 1396 1423 Sunt
1417 1362 1478 1424 enin

143 1476 162 1516 a
186 1462 294 1515 natura
317 1455 406 1534 paulo
431 1453 605 1528 alieniores,
638 1473 693 1514 nec
717 1453 774 1514 nisi
798 1453 1016 1533 contemperati
1040 1471 1184 1514 excessus
1206 1470 1275 1514 cum
1300 1451 1420 1513 defectu
1439 1470 1479 1514 rc·

141 1543 298 1623 cipiuntur.
345 1546 450 1623 ltaque
475 1543 573 1604 nullus
597 1543 720 1622 planeta
744 1543 843 1604 factus
868 1551 924 1618 est,
950 1543 999 1621 qui
1022 1551 1179 1621 utrumque
1203 1541 1252 1603 rel
1267 1559 1425 1602 excessum
1443 1542 1480 1601 rel

140 1633 291 1694 delectum
316 1633 512 1710 suscepisset.
559 1632 692 1693 Restant
711 1649 782 1710 crgo
807 1631 996 1693 differentiae
1020 1650 1058 1692 ex
1076 1629 1351 1692 combinationibus
1371 1637 1480 1710 septem

139 1723 236 1785 Porro
260 1741 297 1782 ex
321 1722 367 1783 his
391 1721 437 1783 bis
461 1721 548 1782 binae
573 1721 678 1781 eodem
703 1721 849 1782 recidunt.
896 1719 1012 1781 Eadem
1036 1719 1114 1781 euim
1137 1726 1187 1781 est
1208 1718 1366 1803 proportio
1390 1737 1481 1781 exoa·

140 1830 192 1872 sus
220 1811 329 1872 caloris
358 1811 397 1871 ad
428 1809 670 1871 mediocritatem
698 1809 844 1881 humoris,
880 1827 957 1888 quae
987 1808 1208 1871 mediocritatis
1235 1807 1352 1870 caloris
1380 1808 1480 1869 ad‘de·

142 1901 253 1961 lectum
287 1900 433 1961 humoris:
469 1899 574 1959 eadem
603 1899 739 1960 defectus
768 1897 877 1959 caloris
906 1898 944 1958 ad
978 1897 1217 1960 mediocritatem
1240 1895 1392 1973 humoris,
1420 1915 1481 1977 qnae

142 1989 360 2050 mediocritatis
385 1987 495 2049 caloris
520 1988 559 2048 ad
583 2006 740 2049 excessum
764 1986 911 2062 humoris,
946 1988 1024 2067 qnod
1047 1989 1096 2049 vel
1128 1988 1157 2049 iu
1187 1988 1285 2067 ligura
1311 1985 1412 2048 lineae
1436 2006 1482 2066 ps·

146 2077 244 2141 ralleli
260 2079 433 2138 ostendunt.
481 2077 565 2138 Idem
581 2077 617 2137 de
638 2077 753 2154 junctis
769 2076 944 2138 excessibus
959 2076 1108 2157 judicium,
1133 2076 1182 2138 vel
1202 2076 1385 2138 defectibus.
1421 2074 1484 2138 Sunt

143 2186 214 2246 crgo
238 2185 327 2227 verae
351 2166 540 2227 differentiae
565 2165 702 2245 quinque,
727 2174 789 2227 tres
805 2165 967 2245 simplices,
993 2166 1070 2228 duae
1085 2175 1118 2228 ut
1136 2166 1203 2246 jam
1225 2165 1328 2246 patuit
1352 2165 1483 2244 quodam-

143 2256 229 2317 modo
260 2255 408 2335 duplices,
443 2273 495 2315 sen
527 2255 627 2333 potius
661 2256 785 2317 duorum
818 2255 985 2329 nominum,
1019 2275 1079 2316 nna
1110 2257 1210 2318 trium.
1258 2255 1306 2316 Ac
1339 2272 1407 2315 cum
1433 2254 1484 2315 siut

142 2344 305 2406 inmundo
335 2344 462 2425 quinque
487 2344 579 2405 etiam
602 2345 756 2422 planetae,
790 2352 852 2405 tres
876 2343 1047 2422 superiores
1070 2352 1102 2406 et
1130 2345 1188 2406 duo
1211 2342 1391 2417 inferiores,
1422 2361 1483 2404 con·

143 2442 319 2495 sentancum
345 2432 481 2512 equidem
506 2441 563 2506 est,
589 2433 636 2493 vel
659 2434 696 2494 ob
721 2434 797 2494 hanc
821 2434 916 2494 solam
941 2452 1063 2494 cansam
1087 2433 1240 2515 (quamvis
1265 2440 1298 2494 et
1320 2433 1401 2494 aliae
1422 2449 1483 2511 sup-

142 2524 263 2601 petant)
289 2530 335 2583 tot
358 2541 479 2582 numero
505 2523 602 2582 factos
627 2541 714 2582 esse:
745 2521 822 2582 adeo
846 2521 919 2583 nihil
943 2523 1042 2602 aptius
1075 2543 1143 2585 esse
1171 2522 1273 2603 potuit
1300 2522 1359 2583 hac
1382 2520 1483 2584 combi-

142 2611 295 2674 nationnm
319 2611 397 2672 inter
421 2610 503 2691 ipsos
528 2610 753 2673 distributione:
778 2630 867 2690 quam
892 2611 948 2672 hac
973 2612 1088 2673 tabella
1109 2611 1149 2673 ob
1172 2611 1276 2674 oculos
1298 2629 1388 2691 pono.

303 2788 456 2851 Excessus
563 2787 653 2847 l-V
698 2787 724 2849 P
769 2788 784 2848 l
828 2787 855 2848 Τ
899 2786 926 2848 Ε
971 2787 1001 2850 R
1117 2787 1272 2852 Excessus

485 2875 508 2938 S
536 2893 600 2938 mer
974 2875 998 2939 S
1043 2876 1067 2940 S

547 2964 576 3024 A
689 2982 725 3026 cu
825 2964 856 3024 V
967 2965 999 3029 R

624 3053 649 3114 T
693 3052 723 3114 N
822 3053 847 3114 ri
897 3054 928 3116 A
1356 3068 1387 3129 tn

241 3191 261 3223 s
544 3140 602 3202 VE
693 3142 723 3202 V
817 3142 850 3202 M
959 3162 994 3204 us

29 3298 42 3310 ³
151 3230 213 3291 Sol.
241 3229 272 3322 ξ’
303 3227 448 3292 Mediocr.
557 3231 571 3290 Ι
618 3230 648 3290 V
693 3230 719 3292 P
764 3232 779 3293 l
825 3231 850 3291 T
894 3229 929 3294 Ε,
967 3230 997 3293 R
1118 3230 1317 3295 Mediocritas
1355 3231 1480 3300 gisna

530 3318 719 3469 Ἣ
815 3318 989 3471 iss
1356 3302 1387 3474 Ξ

552 3495 582 3557 Α
681 3496 710 3558 N
814 3495 840 3557 ri
960 3497 991 3557 V

486 3584 519 3646 M
544 3584 603 3646 VB
947 3606 982 3647 us
1028 3584 1052 3649 S

305 3673 451 3735 Defectus
541 3674 555 3735 I
601 3674 632 3734 V
675 3672 702 3734 P
746 3674 763 3735 I
810 3674 836 3735 T
881 3673 909 3736 E
953 3674 984 3736 R
1120 3673 1269 3737 Defectus

687 3849 821 3912 Thesis
844 3850 946 3913 XXV.

229 3936 278 3996 Ex
299 3937 346 3998 his
377 3937 525 4016 sequitur,
559 3939 699 4019 planetas
733 3939 861 4020 quinque
886 3958 943 4000 non
972 3946 1091 4001 tantum
1125 3940 1302 4003 mutuatitia
1325 3941 1408 4005 Solis
1426 3940 1479 4002 luce

142 4024 209 4093 frui,
237 4026 289 4086 sed
314 4026 406 4086 etiam
430 4027 466 4087 de
491 4046 544 4087 sno
569 4028 682 4105 aliquid
706 4029 835 4090 addere:
860 4030 939 4109 quod
963 4029 1081 4109 quidem
1106 4038 1137 4091 et
1160 4028 1238 4091 aliae
1264 4031 1400 4095 rationes
1420 4048 1480 4092 sna·

144 4114 226 4174 deut.
272 4113 352 4175 Nam
376 4115 402 4175 si
426 4114 521 4176 multa
544 4116 622 4195 apud
646 4136 700 4178 nos
723 4117 849 4199 physica
873 4136 1000 4197 corpora
1020 4119 1116 4179 lucem
1130 4119 1244 4182 habent
1263 4119 1402 4196 insitam,
1424 4116 1480 4199 quid

144 4202 299 4283 prohibet,
325 4202 437 4264 hahere
462 4206 602 4279 eandem,
632 4214 754 4285 praeter
778 4206 894 4281 Solem,
920 4215 952 4268 ct
976 4208 1051 4269 alios
1075 4208 1183 4286 globos
1206 4211 1382 4273 coelestes?
1422 4209 1481 4270 thu

143 4292 168 4352 si
193 4299 332 4352 carerent
355 4292 494 4370 planetae
520 4296 583 4356 luce
606 4296 745 4374 propria,
770 4295 910 4358 videntur
933 4298 1023 4359 etiarn
1049 4297 1169 4373 faciem,
1195 4299 1479 4374 ntLuna,1uutsre

144 4380 263 4443 debere.
310 4380 446 4460 Denique
471 4382 613 4444 credibile
637 4392 695 4460 est,
720 4384 868 4464 fulgorem
891 4394 923 4447 et
942 4386 1190 4449 scintillationem
1204 4397 1414 4469 argumentum
1426 4402 1478 4448 esse

143 4470 218 4532 lucis
241 4469 391 4550 propriae,
416 4471 649 4534 nebulositatem
673 4482 705 4534 et
727 4474 879 4554 pigritiem
905 4475 1033 4538 alienae.

681 4562 817 4624 Thesis
840 4563 987 4627 XXVI..

232 4645 491 4709 Considerandum
514 4667 590 4710 nunc
614 4649 705 4711 etiarn
729 4653 786 4714 hoc
810 4661 870 4728 est,
897 4654 1039 4733 quidnam
1062 4653 1093 4714 id
1116 4651 1173 4725 sit,
1205 4655 1286 4735 quod
1307 4655 1476 4734 planetarum
1519 4678 1521 4685 ·

141 4736 197 4798 has
220 4735 300 4798 vires
329 4737 359 4798 iu
384 4754 541 4798 excessum
569 4738 697 4800 medium
726 4751 758 4802 et
790 4743 940 4804 defectmn
971 4742 1156 4822 distinguere
1189 4743 1299 4822 possit.
1346 4737 1475 4805 Mutuati·

142 4824 215 4886 tiam
239 4824 340 4908 itaque
364 4827 461 4890 lucem
484 4843 549 4889 cum
574 4849 593 4889 a
616 4829 777 4893 reflexione
801 4831 1023 4902 deduxerimus,
1046 4831 1259 4896 considerandi
1278 4838 1353 4897 sunt
1370 4828 1475 4914 probe
