3278 5542
143 311 208 380 304
564 312 666 365 num
684 312 787 380 sapim
804 312 957 379 tuomque
974 320 1076 367 nunt·

139 474 217 523 literit
235 485 337 523 cautam
366 470 461 521 hletae
480 472 688 535 compensationis
712 487 755 536 pro
774 470 930 523 dedicatione
946 471 1074 523 Prodrnmi
1097 472 1172 525 ailert
1188 471 1395 537 aununtiet·
1413 472 1482 533 „tals

139 547 254 593 mitotnm
273 550 366 593 ttaturn
383 543 490 605 patriae,
509 549 538 591 nt
555 542 613 592 hinc
631 558 746 606 proceret
764 545 911 594 occasiones
928 549 1040 608 captent.
1059 544 1181 608 eiusmodi
1198 545 1336 611 patt'tionaa
1347 544 1480 611 dausque·

140 616 203 680 qnod
222 628 261 671 ea,
281 629 345 678 quae
363 628 437 677 supra
455 613 559 664 diximus
578 613 609 663 de
627 614 817 671 lierbersteoio.
837 615 982 665 confirmare
1001 616 1105 667 ridetur.

210 684 298 734 Porro:
320 683 436 743 „indicia
455 684 619 750 genethliaca
638 685 725 735 veliem
744 693 772 735 ιιι
790 687 869 749 prima
887 700 984 750 quaque
1002 688 1133 737 occasione
1152 700 1316 751 componeret
1333 692 1360 737 et
1376 685 1434 736 milti
1447 684 1485 736 hat

26 764 30 770 “
140 758 263 813 mittereac
282 755 352 805 labor
369 756 507 806 liberaliter
525 757 569 805 tibi
588 757 814 820 compensabitur.“
852 756 966 807 Deinde:
995 758 1131 813 „Generosi
1147 759 1199 808 mel
1217 758 1320 808 nomine
1337 765 1365 808 te
1381 762 1485 823 regent

140 829 295 877 nativitatem
333 827 392 876 mihi
427 835 494 877 certo
520 828 644 886 mitterem
671 834 772 877 tenetur
799 829 864 877 enim
887 842 978 890 parent
1002 829 1136 887 detidario.
1164 828 1267 893 legendi
1295 830 1423 879 lamam
1445 827 1484 878 Μ

139 897 290 948 Nativitates
308 898 363 947 illas
382 904 433 948 tres
451 913 529 961 nuper
547 900 592 946 tibi
610 913 627 948 a
644 914 685 949 me
698 900 804 949 traditae
823 914 951 962 compone·
987 899 1114 951 indicium
1125 899 1238 965 qnodque
1249 900 1401 967 singulam
1410 899 1485 957 tetih.

139 984 185 1019 nec
204 970 234 1019 de
251 968 382 1019 honorario
410 969 514 1018 honesto
540 969 649 1018 dubita.“
688 970 815 1036 Denique:
843 970 980 1021 Pecuniam
1005 971 1050 1021 tihi
1068 972 1146 1021 mittit
1164 969 1307 1021 Generotut
1335 966 1371 1019 40
1392 970 1485 1021 thalatt

138 1044 261 1106 integros,
288 1055 331 1104 pro
350 1040 438 1105 quibus
461 1041 533 1090 latori
551 1042 667 1090 restituet
686 1038 720 1089 50
739 1042 851 1091 ilorenot.
887 1039 1002 1092 Postulat
1019 1058 1063 1105 pro
1081 1042 1195 1099 servitio.
1224 1041 1291 1107 quod
1308 1041 1358 1093 hae
1386 1041 1414 1090 in
1428 1046 1485 1106 pate

138 1114 182 1162 tibi
200 1111 307 1168 exhibet.
326 1118 355 1160 ut
366 1112 525 1161 nativitatem
542 1111 637 1161 scheda
655 1114 827 1178 consignatam
846 1112 995 1177 componat“
1015 1111 1061 1162 ho.
1469 1146 1476 1161 .

207 1182 298 1232 Intnnt
314 1182 353 1231 his
372 1182 556 1245 Zehentmajeri
580 1183 656 1233 literis
675 1184 755 1233 multa
778 1190 868 1234 notatu
895 1184 1008 1250 digniora
1033 1184 1065 1234 de
1090 1185 1164 1234 rebus
1186 1182 1294 1249 publicis
1311 1182 1433 1247 Styriaeit
1450 1188 1481 1233 ta

141 1255 270 1303 multnosit
289 1261 316 1302 et
334 1253 509 1303 devexatione
529 1255 617 1303 civium
628 1254 730 1304 Lntheri
748 1255 807 1304 fidei
825 1254 993 1313 addictorum.
1013 1256 1044 1307 de
1053 1255 1157 1320 Kepleri
1173 1257 1306 1306 sententia
1321 1254 1354 1305 de
1371 1254 1441 1305 rebat
1454 1252 1482 1303 11-

140 1326 212 1382 riuis,
232 1325 262 1374 de
280 1326 356 1388 ipsius
374 1326 433 1381 vita.
453 1325 539 1374 studiis
558 1325 674 1390 aliisque.
694 1340 758 1390 quae
778 1328 861 1376 omnia
877 1325 918 1376 hic
937 1328 1083 1377 omittuntur
1102 1326 1150 1377 alio
1168 1326 1225 1377 loco
1243 1324 1406 1377 reemenda-
1439 1322 1482 1375 litt

139 1402 237 1445 tantum
256 1396 377 1452 addimus,
396 1397 460 1459 quod
479 1397 576 1460 propius
595 1397 628 1445 ad
646 1412 705 1453 rem,
726 1397 757 1446 de
775 1411 825 1462 qna
841 1397 880 1447 his
899 1399 995 1463 agimus
1015 1397 1092 1455 ioliit.
1111 1398 1241 1462 pertinent
1256 1396 1380 1461 indicium
1397 1394 1482 1460 Kapld

140 1469 171 1517 de
190 1467 324 1532 astrologia
341 1467 453 1516 exhibet:
479 1467 559 1525 „Tu“,
578 1468 663 1517 toribit
682 1467 886 1530 ZehentmaJernt
905 1468 928 1518 d.
953 1465 991 1517 13.
1013 1468 1069 1520 Oct.
1089 1465 1147 1527 bb..
1175 1470 1233 1533 „qni
1251 1469 1395 1533 sapientiae
1411 1465 1481 1517 studiis

139 1539 260 1588 incumbit
280 1545 306 1587 et
324 1539 418 1587 inturos
436 1547 539 1588 eventus
558 1553 588 1587 ex
607 1541 680 1588 astrit
697 1541 829 1603 prospicis,
855 1552 960 1604 quaeso,
987 1541 1008 1589 ti
1032 1539 1091 1605 qnid
1107 1541 1134 1589 in
1152 1539 1260 1590 nidorum
1284 1540 1369 1605 petitu
1386 1535 1481 1589 minat

138 1611 246 1667 vertisti,
265 1609 330 1673 quod
349 1609 473 1674 singulare
492 1610 550 1673 quid
568 1611 706 1675 regionibus
724 1610 793 1660 hisce
812 1610 959 1667 denunciet,
983 1611 1045 1660 mihi
1064 1616 1090 1660 et
1108 1612 1236 1661 Generoto
1256 1626 1314 1661 meo
1333 1610 1480 1661 communica

137 1680 290 1746 Magnopere
309 1680 435 1730 desiderat
451 1681 493 1729 ille
512 1681 631 1743 ejusmodi
649 1682 758 1744 speciale
776 1683 962 1747 prognosticon,
990 1682 1101 1746 inprimit
1119 1695 1136 1731 a
1153 1686 1193 1737 te,
1217 1683 1269 1731 viro
1288 1682 1365 1732 docto
1382 1688 1409 1732 et
1423 1679 1479 1741 hai·

139 1755 199 1801 artis
216 1754 303 1815 perito.
341 1751 394 1816 Ego
413 1765 475 1801 sane
493 1759 603 1803 mentem
621 1759 690 1802 tuam
709 1753 740 1802 de
759 1753 878 1815 eiusmodi
897 1752 1063 1818 singularibus
1081 1756 1134 1816 jam
1148 1758 1208 1802 ante
1225 1759 1386 1817 nortpertum
1402 1750 1478 1801 habeo:

138 1823 198 1873 nihil
216 1822 332 1872 videlicet
350 1823 410 1873 certi
428 1823 453 1872 in
471 1824 553 1886 specie
576 1823 685 1886 praedici
703 1838 790 1887 posse.
815 1830 860 1875 aut
877 1836 980 1875 eventus
1000 1831 1080 1874 certor
1103 1823 1219 1882 definiris
1243 1823 1291 1874 aad
1310 1822 1480 1891 genmdnat

136 1895 209 1945 valde
227 1894 347 1943 lubricam
365 1908 419 1944 este
440 1894 618 1959 astrologorum
636 1894 777 1944 notitiam.“
1369 1952 1373 1961 Ι

208 1964 303 2015 Similia
321 1965 443 2029 Keplerns
463 1966 550 2015 eodem
569 1973 678 2029 tempore
696 1966 846 2016 llomelio
865 1966 979 2026 cuidam
999 1966 1105 2023 medico,
1123 1965 1295 2030 perscripsisse
1312 1964 1422 2025 ridemr.
1438 1963 1479 2027 til·

136 2052 192 2087 cum
210 2037 324 2086 themata
341 2038 500 2086 nativitatum
513 2037 642 2087 liberorum
660 2052 759 2087 suornm
778 2038 809 2086 ab
828 2038 880 2101 ipso
899 2039 1021 2100 petiisset,
1042 2038 1069 2086 in
1082 2036 1242 2101 respectione
1260 2037 1320 2085 vitio
1332 2034 1478 2098 vertathp·

137 2109 200 2167 lero,
223 2108 303 2172 „quod
324 2107 386 2157 adeo
405 2109 520 2173 insurgat
537 2109 563 2156 in
582 2109 719 2158 doctrinam
731 2109 841 2158 Arabum
862 2114 886 2158 et
904 2108 988 2172 procul
1008 2107 1082 2157 dubio
1101 2114 1229 2171 receptam
1247 2120 1266 2156 a
1282 2108 1369 2171 primia
1386 2106 1480 2171 petitu

139 2180 276 2229 doctrinam
295 2186 321 2228 et
339 2178 504 2229 fundamenta
522 2180 682 2244 astrologica,
701 2182 846 2242 praetertim
864 2181 889 2228 in
910 2180 995 2229 domos
1013 2178 1196 2241 planetarnm.“
1236 2176 1387 2244 „Perle3a“,
1407 2176 1479 2242 pergit

140 2251 228 2311 „libros
247 2248 413 2314 Theophrasti
430 2249 557 2300 Paracelsi
576 2257 602 2300 οι
620 2252 730 2300 invenies
749 2251 858 2300 diversas
877 2265 894 2300 a
911 2257 954 2300 tuo
971 2249 1065 2313 judicio
1083 2251 1202 2305 mtionet.
1220 2249 1309 2313 quibua
1327 2256 1356 2301 et
1371 2264 1414 2314 per
1428 2260 1480 2313 quat

138 2322 221 2371 media
239 2330 308 2394 stipa
325 2322 452 2370 nobiscnm
471 2324 661 2371 communicent.
698 2321 778 2372 Nemo
797 2323 910 2371 nascitur
929 2323 1021 2385 absque
1039 2321 1159 2385 peculiari
1172 2320 1254 2373 domo.
1275 2322 1316 2371 oni
1333 2320 1482 2386 praestata

139 2393 220 2449 stella.
240 2406 285 2442 seu
297 2391 403 2455 Hylech.
423 2406 496 2457 quem
515 2394 633 2458 angelum
651 2408 696 2442 seu
714 2395 817 2458 genium
830 2402 874 2442 aut
892 2393 1004 2457 spiritum
1021 2394 1134 2442 nominet
1153 2390 1269 2442 saitem-⁸

208 2463 250 2514 Sic
270 2476 299 2512 ex
312 2463 325 2512 J
333 2476 390 2512 oan
399 2464 446 2513 nis
465 2464 633 2521 Ericksen,
654 2464 766 2528 discipuli
779 2463 903 2527 qnondam
916 2463 1048 2527 Tychonis‚
1069 2463 1219 2529 astrologiae
1232 2460 1370 2513 admodum
1389 2459 1478 2519 addicti.

136 2535 213 2584 literis
233 2534 320 2583 eadem
339 2532 453 2598 colligere
471 2549 609 2598 possumus,
629 2535 773 2585 toribentis:
794 2533 892 2598 „Saepe
910 2535 969 2583 mihi
986 2536 1055 2585 venit
1073 2536 1098 2584 ln
1117 2541 1234 2591 mentam,
1254 2533 1313 2584 dnm
1337 2547 1370 2583 aa
1387 2544 1446 2598 quae
1459 2538 1481 2581 tr

137 2609 163 2656 in
183 2606 337 2670 astrologicis
357 2605 518 2655 disserentem
537 2606 660 2671 quondam
688 2606 770 2655 andivi
788 2608 892 2662 rumino,
912 2621 1004 2655 numne
1022 2619 1086 2671 qnae
1104 2612 1201 2655 veterat
1219 2603 1251 2654 de
1269 2604 1426 2667 planetarum
1444 2601 1480 2652 do-

138 2678 218 2727 mibnt
236 2677 400 2737 tradiderunt,
418 2676 452 2726 ad
469 2678 596 2727 stellarum
614 2679 776 2727 inerrantium
794 2680 867 2742 sigua
883 2678 975 2740 potius.
995 2691 1069 2743 qnam
1086 2676 1290 2727 dodecatemorla
1307 2676 1432 2741 tignorum
1442 2674 1480 2724 th·

137 2749 186 2798 culi
204 2750 255 2798 sint
272 2748 410 2798 reserenda.
447 2750 552 2798 Arerem
572 2764 603 2798 ex
620 2757 646 2799 te
666 2763 829 2813 cognoscere,
855 2749 942 2813 quibus
968 2748 1136 2798 laudamentis
1161 2747 1287 2796 domomm
1306 2745 1395 2797 mnndi
1417 2744 1482 2811 tiqui·

137 2820 215 2870 ficata
232 2820 378 2876 innitantur,
399 2833 442 2868 cnr
458 2821 552 2883 primae
571 2820 631 2880 vita,
651 2820 776 2869 secundae
794 2820 889 2869 lucram
907 2817 952 2869 do.
972 2821 1023 2868 sint
1046 2819 1175 2879 attributa.
1211 2816 1297 2879 Quam
1312 2817 1411 2876 rellan,
1430 2826 1484 2881 quaa

137 2891 168 2941 de
187 2891 362 2941 directionibus
380 2893 522 2955 scripserat,
540 2892 689 2954 perlustrare
707 2905 812 2954 possem,
833 2891 903 2940 siita
920 2892 965 2939 tibi
984 2891 1063 2939 vitum
1075 2890 1158 2946 inerit,
1177 2888 1269 2938 Davidi
1282 2888 1399 2939 Fabricio
1408 2886 1484 2939 udan

137 2977 220 3027 opera,
239 2964 280 3028 qui
298 2964 325 3011 in
337 2965 471 3027 propinquo
483 2962 524 3012 hic
536 2963 612 3028 degit,
632 2961 863 3012 communicanda‘*
884 2958 918 3023 (E
930 2962 1006 3011 literis
1019 2961 1043 3011 d.
1058 2961 1211 3011 Davantriao
1224 2959 1249 3010 d.
1264 2956 1307 3017 20.
1322 2959 1394 3025 Sept
1406 2952 1484 3018 1401.)

207 3051 253 3101 His
278 3052 381 3101 tandem
408 3053 578 3115 tubjungimut
605 3065 648 3112 ea,
673 3066 738 3115 quae
765 3050 889 3114 Keplerus
915 3064 959 3114 per
983 3049 1069 3099 literas
1094 3050 1147 3115 epit
1170 3063 1226 3099 cum
1252 3046 1310 3106 illo.
1337 3062 1411 3113 qnam
1434 3046 1486 3097 tint

138 3123 265 3179 Erichaen,
279 3122 404 3171 Davide
416 3122 458 3170 l'a
467 3123 509 3172 bri
519 3124 579 3179 cio,
599 3125 639 3186 qui
655 3124 720 3172 inter
732 3136 831 3178 omnet,
851 3137 907 3171 cnm
919 3122 1005 3186 quibua
1019 3126 1179 3172 conversatus
1193 3126 1232 3170 ett
1243 3118 1381 3184 Keplernt.
1397 3115 1486 3171 mariti

137 3194 225 3243 habuit
242 3194 401 3258 astrologiam
419 3194 618 3258 sententiamque
637 3194 668 3243 de
686 3194 729 3242 illa
747 3195 834 3243 mirum
852 3195 878 3242 in
897 3192 997 3243 modum
1010 3192 1121 3256 Keplero
1141 3192 1251 3242 extorsit.
1287 3189 1382 3241 Insunt
1392 3188 1485 3241 Fabricii

137 3266 225 3316 literae
242 3264 392 3330 Keplerique
411 3265 595 3328 responsionum
614 3264 757 3314 adversaria
774 3264 813 3314 vel
831 3265 984 3327 exemplaria
1001 3279 1045 3328 per
1064 3276 1230 3314 ammirantes
1248 3262 1357 3327 Kepleri
1374 3261 1487 3325 sumpts

138 3334 214 3401 (qnod
232 3335 295 3385 lorte
308 3335 364 3385 Ursi
381 3336 552 3386 immodestiae
570 3337 734 3386 tribuendum.
765 3335 828 3385 Vide
840 3350 914 3399 supra
926 3351 950 3399 p.
965 3332 1039 3396 234.)
1053 3335 1169 3386 volumini
1181 3333 1213 3384 X.
1224 3332 1288 3384 ldae.
1299 3332 1485 3398 Palaepolitano-

136 3424 198 3458 rum·
216 3407 299 3458 Minus
308 3408 438 3471 perspicua
447 3408 553 3457 Fabricii
563 3409 798 3472 amanuensiumque
808 3407 910 3471 Kepleri
919 3420 1008 3457 manns
1016 3421 1061 3457 ten
1071 3407 1170 3457 inscitia
1177 3405 1267 3455 horum
1276 3418 1324 3455 teu
1333 3403 1485 3471 negligente

137 3480 261 3529 difficilem
280 3493 336 3529 eam
354 3481 453 3543 saepius
470 3479 583 3528 iecerunt
601 3480 732 3543 explicatu.
770 3479 875 3530 Fabricii
893 3478 1015 3528 scribendi
1027 3480 1100 3535 ratio,
1120 3491 1177 3543 qna.
1197 3476 1320 3543 quidquid
1331 3478 1360 3527 in
1374 3477 1484 3527 calann

136 3553 240 3607 veniret,
258 3551 335 3600 literis
354 3551 500 3608 mandabat,
518 3550 656 3614 Keplerum
669 3552 752 3610 movit,
772 3556 801 3599 ut
813 3550 919 3615 singula,
940 3550 972 3599 ad
991 3564 1056 3614 quae
1068 3549 1241 3614 respondebat,
1259 3549 1372 3599 numeria
1383 3550 1483 3599 notam

137 3639 182 3674 not
199 3637 256 3673 vero
276 3629 357 3672 ratum
375 3622 514 3678 habuimus,
533 3623 636 3687 singulis
648 3622 754 3672 Fabricii
772 3621 956 3686 quaestionibus
967 3622 1198 3685 exceptionibutqne
1215 3621 1328 3685 proxime
1347 3619 1482 3683 sublmen

136 3696 239 3760 Kepleri
257 3707 383 3759 responsa,
403 3695 478 3758 ipsius
495 3696 575 3744 secuti
593 3693 693 3744 modum
710 3693 821 3757 Keplerir
840 3708 887 3758 quo
905 3707 964 3742 nsua
983 3699 1021 3743 eat
1038 3694 1065 3742 in
1085 3691 1200 3756 „Ecloqit
1219 3688 1378 3741 chronioit.“

208 3784 248 3836 De
261 3785 367 3835 Fabricii
385 3785 438 3834 vita
454 3783 518 3835 haec
537 3783 607 3833 nobis
625 3784 762 3832 innotuere.
800 3781 882 3832 Natus
901 3787 941 3832 est
958 3795 1024 3831 anno
1045 3777 1113 3830 itti
1126 3780 1224 3832 Stenae
1241 3780 1341 3831 ermae
1358 3776 1479 3831 οιοοιιιῧι

138 3860 216 3909 literis
235 3858 312 3906 sacris
332 3870 432 3920 operam
451 3855 538 3912 dabat,
557 3870 604 3904 nec
623 3868 672 3904 non
692 3854 897 3903 mathematicam
917 3854 1140 3918 astronomiamque
1160 3850 1267 3903 colebat
1304 3848 1478 3901 lnobamtado·

139 3932 210 3979 nibus
229 3927 356 3977 stellarum
376 3926 522 3983 excellebat,
541 3941 639 3975 omnem
657 3926 803 3975 industriam
823 3932 849 3974 et
867 3925 1031 3975 subtilitatem
1049 3924 1184 3981 adhibens,
1203 3924 1310 3988 acieque
1328 3923 1397 3973 risus
1410 3921 1476 3983 alta*

139 4001 184 4050 lari
202 3998 341 4063 praeditus.
361 3999 398 4046 ita
415 4005 444 4048 ut
461 3998 583 4061 Keplerns
603 4012 659 4047 eum
679 3997 790 4060 Tychoni
809 4002 972 4061 compararet,
992 3996 1092 4046 dicem:
1120 3997 1172 4054 „vir
1189 3993 1248 4043 talia
1271 3995 1299 4043 in
1318 3988 1477 4069 utronomss

139 4085 216 4137 penes
234 4084 319 4134 quem.
346 4075 401 4131 post
420 4070 567 4119 exstinctam
592 4083 648 4118 cum
667 4076 769 4119 anctore
788 4068 885 4119 Braheo
904 4066 1060 4133 diligentiam
1084 4065 1232 4116 observandi
1256 4064 1393 4125 eoelestia,
1415 4069 1475 4136 omi!

139 4144 233 4192 stetin
252 4140 403 4190 observando
422 4141 583 4190 anctoritaa“.
620 4137 687 4202 (Lib.
708 4141 738 4189 de
757 4139 836 4189 Stella
853 4152 918 4188 nora
937 4153 992 4203 cap.
1012 4134 1082 4199 lili.)
1119 4136 1222 4200 Kepleri
1248 4137 1379 4203 ingenium
1395 4132 1475 4183 maxi!

88 4205 92 4211 ’
138 4214 232 4265 habens
251 4212 411 4261 libentissime
431 4211 548 4261 audiebat
565 4218 716 4269 monentem,
737 4218 839 4276 paratus
861 4224 958 4275 semper
979 4209 1012 4259 ad
1025 4209 1107 4259 cilicia
1125 4223 1182 4258 cum
1195 4209 1366 4258 ethonomica
1382 4200 1476 4256 surh

138 4287 185 4351 ipsi
204 4298 221 4334 a
238 4283 346 4346 Keplero
365 4283 486 4332 mandata
503 4282 662 4346 perficienda.
700 4281 807 4335 Soatens
825 4289 909 4331 autem
927 4283 1101 4345 superstitione
1119 4279 1270 4344 astrologiae
1287 4274 1475 4343 nimimaibsq·

139 4359 198 4414 bate
215 4355 308 4418 jndicio
326 4353 455 4404 imbecillis
473 4355 499 4402 in
516 4355 617 4404 minutia
636 4355 788 4411 versabatur.
808 4354 922 4419 graviora
939 4368 988 4402 non
1005 4352 1162 4419 intelligebat
1173 4349 1327 4416 Kepleriqne
1339 4348 1474 4401 teroem

142 4430 322 4495 cogitationum
341 4432 367 4474 οι
385 4426 564 4475 ιοιιιοιιιίοιιιιιι
583 4428 730 4476 varietatem
749 4440 798 4474 non
818 4431 947 4474 aseecntna
966 4430 1017 4481 ett;
1041 4423 1195 4488 opinionibus
1212 4420 1391 4486 praejudicatis
1407 4417 1475 4469 dati!

141 4517 173 4551 ne
193 4514 267 4551 auant
287 4497 385 4563 quidem
405 4503 443 4547 est
461 4497 587 4547 discedere
606 4511 622 4546 a
640 4494 783 4546 Ptolemaeo
803 4503 848 4546 ant
865 4497 934 4560 sequi
953 4494 1083 4558 Gopernici
1100 4494 1132 4544 de
1151 4493 1242 4543 mundo
1260 4494 1392 4549 udonem,
1407 4496 1476 4555 qua*

141 4586 216 4637 qnam
233 4570 377 4634 saepissime
396 4570 516 4617 incitatus
535 4581 552 4617 a
569 4568 686 4630 Keplero.
725 4568 779 4628 Quo
798 4574 908 4631 tempore
927 4568 1083 4616 familiaritas
1102 4565 1148 4629 ipti
1162 4578 1217 4614 cnm
1229 4563 1342 4629 Keplero
1358 4556 1475 4614 murth

141 4644 193 4697 bat,
211 4643 317 4706 pastoris
335 4654 437 4689 munere
456 4639 607 4704 fungebatur
618 4639 798 4689 Resterhaviae
816 4640 910 4688 Frisiae
929 4638 1064 4699 orientalis.
1084 4636 1173 4688 deinde
1186 4632 1283 4697 (itta)
1295 4637 1412 4691 Ararim,
1426 4624 1476 4679 aad·

140 4715 206 4766 breti
231 4714 278 4772 „ob
296 4712 386 4762 bellum
405 4713 430 4761 in
449 4712 529 4760 Frisia
553 4717 650 4777 gestum
678 4713 793 4776 migrarit
812 4709 945 4763 Esenam“.
972 4711 1015 4759 nbi
1041 4725 1099 4773 „pro
1124 4714 1235 4771 tempore
1260 4708 1380 4772 principit
1403 4701 1477 4753 auls!

140 4785 300 4836 concionator
317 4783 395 4834 habet
410 4783 514 4833 liberam
531 4783 557 4833 in
576 4797 634 4834 arce
652 4783 791 4841 mensam“‚
815 4782 920 4848 denique
940 4776 1041 4832 Oatelab
1059 4776 1154 4844 (1004)
1174 4779 1359 4831 contionatoris
1376 4772 1476 4841 w

139 4864 181 4911 tur
197 4852 308 4908 munere.
