<?xml version="1.0" encoding="UTF-8"?>
<!DOCTYPE html PUBLIC "-//W3C//DTD XHTML 1.0 Transitional//EN"
    "http://www.w3.org/TR/xhtml1/DTD/xhtml1-transitional.dtd">
<html xmlns="http://www.w3.org/1999/xhtml" xml:lang="en" lang="en">
 <head>
  <title>
</title>
<meta http-equiv="Content-Type" content="text/html;charset=utf-8" />
  <meta name='ocr-system' content='tesseract 3.04.00' />
  <meta name='ocr-capabilities' content='ocr_page ocr_carea ocr_par ocr_line ocrx_word'/>
</head>
<body>
  <div class='ocr_page' id='page_1' title='image "./joanniskepleria17frisgoog_0070.png"; bbox 0 0 3278 5542; ppageno 0'>
   <div class='ocr_carea' id='block_1_1' title="bbox 740 294 1497 364">
    <p class='ocr_par' dir='ltr' id='par_1_1' title="bbox 740 294 1497 364">
     <span class='ocr_line' id='line_1_1' title="bbox 740 294 1497 364; baseline -0.008 4"><span class='ocrx_word' id='word_1_1' title='bbox 740 294 901 346; x_wconf 60' lang='lat' dir='ltr'>m·</span> <span class='ocrx_word' id='word_1_2' title='bbox 1453 297 1497 364; x_wconf 81' lang='lat' dir='ltr'>st</span> 
     </span>
    </p>
   </div>
   <div class='ocr_carea' id='block_1_2' title="bbox 136 451 1550 1735">
    <p class='ocr_par' dir='ltr' id='par_1_2' title="bbox 136 451 1550 1735">
     <span class='ocr_line' id='line_1_2' title="bbox 140 451 1496 525; baseline 0.006 -23"><span class='ocrx_word' id='word_1_3' title='bbox 140 451 295 502; x_wconf 81' lang='lat' dir='ltr'>hiaestlium</span> <span class='ocrx_word' id='word_1_4' title='bbox 312 454 430 510; x_wconf 74' lang='lat' dir='ltr'>volu‘sria</span> <span class='ocrx_word' id='word_1_5' title='bbox 448 454 556 518; x_wconf 82' lang='lat' dir='ltr'>peteuda</span> <span class='ocrx_word' id='word_1_6' title='bbox 575 455 637 510; x_wconf 68' lang='lat' dir='ltr'>scits</span> <span class='ocrx_word' id='word_1_7' title='bbox 656 455 713 518; x_wconf 89' lang='lat' dir='ltr'>quin</span> <span class='ocrx_word' id='word_1_8' title='bbox 732 453 817 504; x_wconf 86' lang='lat' dir='ltr'>ethic</span> <span class='ocrx_word' id='word_1_9' title='bbox 834 453 975 504; x_wconf 82' lang='lat' dir='ltr'>difficillime</span> <span class='ocrx_word' id='word_1_10' title='bbox 993 456 1149 506; x_wconf 82' lang='lat' dir='ltr'>invenienda.</span> <span class='ocrx_word' id='word_1_11' title='bbox 1187 455 1269 518; x_wconf 86' lang='lat' dir='ltr'>Quam</span> <span class='ocrx_word' id='word_1_12' title='bbox 1288 472 1386 521; x_wconf 88' lang='lat' dir='ltr'>operam</span> <span class='ocrx_word' id='word_1_13' title='bbox 1405 461 1496 525; x_wconf 89' lang='lat' dir='ltr'>siquis</span> 
     </span>
     <span class='ocr_line' id='line_1_3' title="bbox 139 523 1496 590; baseline 0.006 -18"><span class='ocrx_word' id='word_1_14' title='bbox 139 525 351 588; x_wconf 71' lang='lat' dir='ltr'>superaddiderit,</span> <span class='ocrx_word' id='word_1_15' title='bbox 369 526 437 575; x_wconf 89' lang='lat' dir='ltr'>illum</span> <span class='ocrx_word' id='word_1_16' title='bbox 456 527 582 590; x_wconf 87' lang='lat' dir='ltr'>antiquum</span> <span class='ocrx_word' id='word_1_17' title='bbox 599 523 782 590; x_wconf 82' lang='lat' dir='ltr'>Pythagoram,</span> <span class='ocrx_word' id='word_1_18' title='bbox 800 525 842 589; x_wconf 90' lang='lat' dir='ltr'>qui</span> <span class='ocrx_word' id='word_1_19' title='bbox 860 524 1014 575; x_wconf 86' lang='lat' dir='ltr'>harmoniam</span> <span class='ocrx_word' id='word_1_20' title='bbox 1032 528 1179 578; x_wconf 88' lang='lat' dir='ltr'>concinnam</span> <span class='ocrx_word' id='word_1_21' title='bbox 1197 528 1355 584; x_wconf 87' lang='lat' dir='ltr'>coelestibus,</span> <span class='ocrx_word' id='word_1_22' title='bbox 1383 531 1432 580; x_wconf 89' lang='lat' dir='ltr'>imo</span> <span class='ocrx_word' id='word_1_23' title='bbox 1450 534 1496 581; x_wconf 87' lang='lat' dir='ltr'>toti</span> 
     </span>
     <span class='ocr_line' id='line_1_4' title="bbox 139 595 1495 661; baseline 0.006 -17"><span class='ocrx_word' id='word_1_24' title='bbox 139 595 235 645; x_wconf 81' lang='lat' dir='ltr'>mundo</span> <span class='ocrx_word' id='word_1_25' title='bbox 253 596 336 647; x_wconf 87' lang='lat' dir='ltr'>inesse</span> <span class='ocrx_word' id='word_1_26' title='bbox 354 597 546 661; x_wconf 80' lang='lat' dir='ltr'>pnesentiebat,</span> <span class='ocrx_word' id='word_1_27' title='bbox 565 609 681 660; x_wconf 86' lang='lat' dir='ltr'>superare</span> <span class='ocrx_word' id='word_1_28' title='bbox 700 596 811 645; x_wconf 76' lang='lat' dir='ltr'>dixerim.</span> <span class='ocrx_word' id='word_1_29' title='bbox 839 595 873 645; x_wconf 85' lang='lat' dir='ltr'>Et</span> <span class='ocrx_word' id='word_1_30' title='bbox 889 596 949 646; x_wconf 87' lang='lat' dir='ltr'>licet</span> <span class='ocrx_word' id='word_1_31' title='bbox 965 598 1098 652; x_wconf 85' lang='lat' dir='ltr'>circulares</span> <span class='ocrx_word' id='word_1_32' title='bbox 1116 601 1142 648; x_wconf 91' lang='lat' dir='ltr'>in</span> <span class='ocrx_word' id='word_1_33' title='bbox 1154 599 1223 649; x_wconf 87' lang='lat' dir='ltr'>coslo</span> <span class='ocrx_word' id='word_1_34' title='bbox 1243 600 1365 650; x_wconf 90' lang='lat' dir='ltr'>motiones</span> <span class='ocrx_word' id='word_1_35' title='bbox 1381 616 1495 652; x_wconf 87' lang='lat' dir='ltr'>nonnun-</span> 
     </span>
     <span class='ocr_line' id='line_1_5' title="bbox 138 666 1550 735; baseline 0.006 -19"><span class='ocrx_word' id='word_1_36' title='bbox 138 680 216 731; x_wconf 86' lang='lat' dir='ltr'>quam</span> <span class='ocrx_word' id='word_1_37' title='bbox 235 667 371 731; x_wconf 83' lang='lat' dir='ltr'>angulares</span> <span class='ocrx_word' id='word_1_38' title='bbox 388 668 553 733; x_wconf 76' lang='lat' dir='ltr'>quaedamst</span> <span class='ocrx_word' id='word_1_39' title='bbox 576 668 658 717; x_wconf 84' lang='lat' dir='ltr'>sarias</span> <span class='ocrx_word' id='word_1_40' title='bbox 684 666 777 732; x_wconf 81' lang='lat' dir='ltr'>ligurus</span> <span class='ocrx_word' id='word_1_41' title='bbox 802 673 876 732; x_wconf 88' lang='lat' dir='ltr'>atqua</span> <span class='ocrx_word' id='word_1_42' title='bbox 899 669 1054 732; x_wconf 82' lang='lat' dir='ltr'>utplurimum</span> <span class='ocrx_word' id='word_1_43' title='bbox 1077 670 1196 735; x_wconf 87' lang='lat' dir='ltr'>oblongas</span> <span class='ocrx_word' id='word_1_44' title='bbox 1214 672 1347 734; x_wconf 85' lang='lat' dir='ltr'>composito</span> <span class='ocrx_word' id='word_1_45' title='bbox 1365 687 1410 721; x_wconf 91' lang='lat' dir='ltr'>suo</span> <span class='ocrx_word' id='word_1_46' title='bbox 1428 681 1496 724; x_wconf 91' lang='lat' dir='ltr'>motu</span> <span class='ocrx_word' id='word_1_47' title='bbox 1546 698 1550 705; x_wconf 95' lang='lat'>·</span> 
     </span>
     <span class='ocr_line' id='line_1_6' title="bbox 138 737 1495 804; baseline 0.005 -17"><span class='ocrx_word' id='word_1_48' title='bbox 138 737 241 788; x_wconf 78' lang='lat' dir='ltr'>efficere</span> <span class='ocrx_word' id='word_1_49' title='bbox 260 740 356 789; x_wconf 79' lang='lat' dir='ltr'>audeas</span> <span class='ocrx_word' id='word_1_50' title='bbox 374 739 472 804; x_wconf 87' lang='lat' dir='ltr'>singula</span> <span class='ocrx_word' id='word_1_51' title='bbox 489 739 619 789; x_wconf 84' lang='lat' dir='ltr'>tmtinanti</span> <span class='ocrx_word' id='word_1_52' title='bbox 637 738 714 788; x_wconf 90' lang='lat' dir='ltr'>rideri</span> <span class='ocrx_word' id='word_1_53' title='bbox 732 739 840 801; x_wconf 87' lang='lat' dir='ltr'>possint:</span> <span class='ocrx_word' id='word_1_54' title='bbox 859 737 888 787; x_wconf 80' lang='lat' dir='ltr'>fit</span> <span class='ocrx_word' id='word_1_55' title='bbox 905 746 991 790; x_wconf 89' lang='lat' dir='ltr'>tamen</span> <span class='ocrx_word' id='word_1_56' title='bbox 1009 741 1035 790; x_wconf 93' lang='lat' dir='ltr'>id</span> <span class='ocrx_word' id='word_1_57' title='bbox 1052 756 1096 804; x_wconf 89' lang='lat' dir='ltr'>per</span> <span class='ocrx_word' id='word_1_58' title='bbox 1114 741 1230 791; x_wconf 88' lang='lat' dir='ltr'>accidens</span> <span class='ocrx_word' id='word_1_59' title='bbox 1253 748 1278 790; x_wconf 83' lang='lat' dir='ltr'>et</span> <span class='ocrx_word' id='word_1_60' title='bbox 1300 741 1414 792; x_wconf 90' lang='lat' dir='ltr'>abhorret</span> <span class='ocrx_word' id='word_1_61' title='bbox 1431 747 1495 794; x_wconf 88' lang='lat' dir='ltr'>ratio</span> 
     </span>
     <span class='ocr_line' id='line_1_7' title="bbox 138 807 1496 876; baseline 0.005 -18"><span class='ocrx_word' id='word_1_62' title='bbox 138 810 169 858; x_wconf 90' lang='lat' dir='ltr'>ab</span> <span class='ocrx_word' id='word_1_63' title='bbox 188 808 241 859; x_wconf 90' lang='lat' dir='ltr'>hac</span> <span class='ocrx_word' id='word_1_64' title='bbox 260 812 434 875; x_wconf 76' lang='lat' dir='ltr'>suppositione.</span> <span class='ocrx_word' id='word_1_65' title='bbox 473 807 575 874; x_wconf 88' lang='lat' dir='ltr'>Oportet</span> <span class='ocrx_word' id='word_1_66' title='bbox 594 810 659 859; x_wconf 90' lang='lat' dir='ltr'>enim</span> <span class='ocrx_word' id='word_1_67' title='bbox 677 808 775 857; x_wconf 87' lang='lat' dir='ltr'>omnino</span> <span class='ocrx_word' id='word_1_68' title='bbox 794 824 823 859; x_wconf 89' lang='lat' dir='ltr'>ex</span> <span class='ocrx_word' id='word_1_69' title='bbox 841 810 998 860; x_wconf 88' lang='lat' dir='ltr'>circularibus</span> <span class='ocrx_word' id='word_1_70' title='bbox 1017 813 1128 876; x_wconf 87' lang='lat' dir='ltr'>componi</span> <span class='ocrx_word' id='word_1_71' title='bbox 1145 819 1264 862; x_wconf 87' lang='lat' dir='ltr'>astrorum</span> <span class='ocrx_word' id='word_1_72' title='bbox 1284 813 1412 869; x_wconf 84' lang='lat' dir='ltr'>circuitus.</span> <span class='ocrx_word' id='word_1_73' title='bbox 1434 815 1496 865; x_wconf 85' lang='lat' dir='ltr'>aliea</span> 
     </span>
     <span class='ocr_line' id='line_1_8' title="bbox 138 880 1494 946; baseline 0.005 -16"><span class='ocrx_word' id='word_1_74' title='bbox 138 889 260 944; x_wconf 72' lang='lat' dir='ltr'>pupetuo</span> <span class='ocrx_word' id='word_1_75' title='bbox 279 881 432 932; x_wconf 77' lang='lat' dir='ltr'>uniformiter</span> <span class='ocrx_word' id='word_1_76' title='bbox 450 888 476 931; x_wconf 91' lang='lat' dir='ltr'>et</span> <span class='ocrx_word' id='word_1_77' title='bbox 494 880 655 945; x_wconf 72' lang='lat' dir='ltr'>aequabiliter</span> <span class='ocrx_word' id='word_1_78' title='bbox 673 882 699 929; x_wconf 89' lang='lat' dir='ltr'>iu</span> <span class='ocrx_word' id='word_1_79' title='bbox 717 895 744 929; x_wconf 90' lang='lat' dir='ltr'>se</span> <span class='ocrx_word' id='word_1_80' title='bbox 762 895 810 930; x_wconf 90' lang='lat' dir='ltr'>nou</span> <span class='ocrx_word' id='word_1_81' title='bbox 829 887 981 931; x_wconf 82' lang='lat' dir='ltr'>revertentur</span> <span class='ocrx_word' id='word_1_82' title='bbox 998 889 1025 932; x_wconf 91' lang='lat' dir='ltr'>et</span> <span class='ocrx_word' id='word_1_83' title='bbox 1041 885 1223 946; x_wconf 75' lang='lat' dir='ltr'>perennitatem</span> <span class='ocrx_word' id='word_1_84' title='bbox 1235 884 1393 933; x_wconf 76' lang='lat' dir='ltr'>frustrabant</span> <span class='ocrx_word' id='word_1_85' title='bbox 1418 884 1494 936; x_wconf 88' lang='lat' dir='ltr'>Prae·</span> 
     </span>
     <span class='ocr_line' id='line_1_9' title="bbox 139 951 1493 1017; baseline 0.004 -16"><span class='ocrx_word' id='word_1_86' title='bbox 139 960 255 1016; x_wconf 81' lang='lat' dir='ltr'>tanquam</span> <span class='ocrx_word' id='word_1_87' title='bbox 267 953 426 1017; x_wconf 90' lang='lat' dir='ltr'>quodminus</span> <span class='ocrx_word' id='word_1_88' title='bbox 443 953 566 1016; x_wconf 87' lang='lat' dir='ltr'>simplices</span> <span class='ocrx_word' id='word_1_89' title='bbox 583 953 711 1016; x_wconf 87' lang='lat' dir='ltr'>magisque</span> <span class='ocrx_word' id='word_1_90' title='bbox 730 951 861 1001; x_wconf 83' lang='lat' dir='ltr'>anomalae</span> <span class='ocrx_word' id='word_1_91' title='bbox 879 960 958 1010; x_wconf 90' lang='lat' dir='ltr'>eraut,</span> <span class='ocrx_word' id='word_1_92' title='bbox 976 968 1024 1003; x_wconf 87' lang='lat' dir='ltr'>nec</span> <span class='ocrx_word' id='word_1_93' title='bbox 1042 955 1117 1004; x_wconf 90' lang='lat' dir='ltr'>etlam</span> <span class='ocrx_word' id='word_1_94' title='bbox 1136 955 1262 1006; x_wconf 89' lang='lat' dir='ltr'>doctrinas</span> <span class='ocrx_word' id='word_1_95' title='bbox 1281 957 1379 1005; x_wconf 84' lang='lat' dir='ltr'>sturni</span> <span class='ocrx_word' id='word_1_96' title='bbox 1397 971 1493 1006; x_wconf 87' lang='lat' dir='ltr'>accom-</span> 
     </span>
     <span class='ocr_line' id='line_1_10' title="bbox 141 1020 1495 1091; baseline 0.002 -17"><span class='ocrx_word' id='word_1_97' title='bbox 141 1023 237 1074; x_wconf 84' lang='lat' dir='ltr'>modae.</span> <span class='ocrx_word' id='word_1_98' title='bbox 276 1024 318 1074; x_wconf 88' lang='lat' dir='ltr'>Da</span> <span class='ocrx_word' id='word_1_99' title='bbox 337 1020 357 1089; x_wconf 61' lang='lat' dir='ltr'>Q</span> <span class='ocrx_word' id='word_1_100' title='bbox 374 1039 425 1073; x_wconf 91' lang='lat' dir='ltr'>non</span> <span class='ocrx_word' id='word_1_101' title='bbox 444 1031 482 1074; x_wconf 82' lang='lat' dir='ltr'>est</span> <span class='ocrx_word' id='word_1_102' title='bbox 500 1037 545 1073; x_wconf 87' lang='lat' dir='ltr'>our</span> <span class='ocrx_word' id='word_1_103' title='bbox 561 1023 646 1073; x_wconf 87' lang='lat' dir='ltr'>doleas</span> <span class='ocrx_word' id='word_1_104' title='bbox 670 1026 724 1087; x_wconf 80' lang='lat' dir='ltr'>ejus</span> <span class='ocrx_word' id='word_1_105' title='bbox 741 1023 838 1072; x_wconf 89' lang='lat' dir='ltr'>stellam</span> <span class='ocrx_word' id='word_1_106' title='bbox 857 1037 874 1074; x_wconf 91' lang='lat' dir='ltr'>a</span> <span class='ocrx_word' id='word_1_107' title='bbox 890 1039 930 1074; x_wconf 87' lang='lat' dir='ltr'>me</span> <span class='ocrx_word' id='word_1_108' title='bbox 948 1040 997 1074; x_wconf 91' lang='grc' dir='ltr'>ιιοιι</span> <span class='ocrx_word' id='word_1_109' title='bbox 1015 1040 1070 1074; x_wconf 90' lang='lat' dir='ltr'>esse</span> <span class='ocrx_word' id='word_1_110' title='bbox 1088 1026 1258 1083; x_wconf 67' lang='grc' dir='ltr'>οιιοιιοιοιιι,</span> <span class='ocrx_word' id='word_1_111' title='bbox 1285 1028 1410 1091; x_wconf 81' lang='lat' dir='ltr'>estquod</span> <span class='ocrx_word' id='word_1_112' title='bbox 1430 1029 1495 1078; x_wconf 89' lang='lat' dir='ltr'>idem</span> 
     </span>
     <span class='ocr_line' id='line_1_11' title="bbox 142 1094 1494 1159; baseline 0.003 -14"><span class='ocrx_word' id='word_1_113' title='bbox 142 1109 192 1145; x_wconf 84' lang='lat' dir='ltr'>carn</span> <span class='ocrx_word' id='word_1_114' title='bbox 205 1094 347 1159; x_wconf 84' lang='lat' dir='ltr'>Cepernico</span> <span class='ocrx_word' id='word_1_115' title='bbox 365 1097 391 1144; x_wconf 89' lang='lat' dir='ltr'>in</span> <span class='ocrx_word' id='word_1_116' title='bbox 411 1097 463 1158; x_wconf 79' lang='lat' dir='ltr'>ejus</span> <span class='ocrx_word' id='word_1_117' title='bbox 480 1095 657 1159; x_wconf 71' lang='lat' dir='ltr'>phoenomenis</span> <span class='ocrx_word' id='word_1_118' title='bbox 676 1095 834 1144; x_wconf 86' lang='lat' dir='ltr'>ostendendis</span> <span class='ocrx_word' id='word_1_119' title='bbox 848 1096 1011 1158; x_wconf 80' lang='lat' dir='ltr'>praetendere</span> <span class='ocrx_word' id='word_1_120' title='bbox 1024 1097 1105 1147; x_wconf 82' lang='lat' dir='ltr'>velim.</span> <span class='ocrx_word' id='word_1_121' title='bbox 1133 1097 1207 1147; x_wconf 90' lang='lat' dir='ltr'>Licet</span> <span class='ocrx_word' id='word_1_122' title='bbox 1225 1098 1289 1147; x_wconf 90' lang='lat' dir='ltr'>euim</span> <span class='ocrx_word' id='word_1_123' title='bbox 1308 1097 1400 1148; x_wconf 89' lang='lat' dir='ltr'>aSolis</span> <span class='ocrx_word' id='word_1_124' title='bbox 1418 1099 1494 1149; x_wconf 89' lang='lat' dir='ltr'>radiis</span> 
     </span>
     <span class='ocr_line' id='line_1_12' title="bbox 139 1165 1493 1234; baseline 0.004 -19"><span class='ocrx_word' id='word_1_125' title='bbox 139 1168 265 1216; x_wconf 77' lang='lat' dir='ltr'>radssime</span> <span class='ocrx_word' id='word_1_126' title='bbox 284 1167 445 1231; x_wconf 70' lang='lat' dir='ltr'>digrediatur,</span> <span class='ocrx_word' id='word_1_127' title='bbox 464 1174 491 1216; x_wconf 90' lang='lat' dir='ltr'>et</span> <span class='ocrx_word' id='word_1_128' title='bbox 506 1167 647 1216; x_wconf 85' lang='lat' dir='ltr'>inclinatior</span> <span class='ocrx_word' id='word_1_129' title='bbox 666 1167 731 1229; x_wconf 89' lang='lat' dir='ltr'>apud</span> <span class='ocrx_word' id='word_1_130' title='bbox 745 1180 790 1215; x_wconf 90' lang='lat' dir='ltr'>nos</span> <span class='ocrx_word' id='word_1_131' title='bbox 802 1168 827 1216; x_wconf 90' lang='lat' dir='ltr'>in</span> <span class='ocrx_word' id='word_1_132' title='bbox 840 1165 925 1216; x_wconf 86' lang='lat' dir='ltr'>Dauia</span> <span class='ocrx_word' id='word_1_133' title='bbox 937 1168 970 1215; x_wconf 90' lang='lat' dir='ltr'>sit</span> <span class='ocrx_word' id='word_1_134' title='bbox 981 1167 1095 1232; x_wconf 86' lang='lat' dir='ltr'>sphaera,</span> <span class='ocrx_word' id='word_1_135' title='bbox 1115 1182 1189 1233; x_wconf 87' lang='lat' dir='ltr'>quam</span> <span class='ocrx_word' id='word_1_136' title='bbox 1203 1169 1336 1234; x_wconf 78' lang='lat' dir='ltr'>Frueburgi</span> <span class='ocrx_word' id='word_1_137' title='bbox 1348 1171 1373 1218; x_wconf 90' lang='lat' dir='ltr'>ln</span> <span class='ocrx_word' id='word_1_138' title='bbox 1386 1169 1493 1229; x_wconf 84' lang='lat' dir='ltr'>Prussls,</span> 
     </span>
     <span class='ocr_line' id='line_1_13' title="bbox 137 1237 1495 1306; baseline 0.004 -20"><span class='ocrx_word' id='word_1_139' title='bbox 137 1237 177 1286; x_wconf 90' lang='lat' dir='ltr'>ubi</span> <span class='ocrx_word' id='word_1_140' title='bbox 188 1239 254 1287; x_wconf 79' lang='lat' dir='ltr'>vixit</span> <span class='ocrx_word' id='word_1_141' title='bbox 266 1237 426 1302; x_wconf 85' lang='lat' dir='ltr'>Copsrnicus,</span> <span class='ocrx_word' id='word_1_142' title='bbox 444 1237 574 1303; x_wconf 87' lang='lat' dir='ltr'>pluresque</span> <span class='ocrx_word' id='word_1_143' title='bbox 585 1251 654 1287; x_wconf 89' lang='lat' dir='ltr'>mara</span> <span class='ocrx_word' id='word_1_144' title='bbox 667 1239 735 1287; x_wconf 86' lang='lat' dir='ltr'>circa</span> <span class='ocrx_word' id='word_1_145' title='bbox 746 1237 852 1287; x_wconf 88' lang='lat' dir='ltr'>insulam</span> <span class='ocrx_word' id='word_1_146' title='bbox 864 1238 1024 1288; x_wconf 85' lang='lat' dir='ltr'>habitationis</span> <span class='ocrx_word' id='word_1_147' title='bbox 1042 1247 1143 1290; x_wconf 89' lang='lat' dir='ltr'>nostrae</span> <span class='ocrx_word' id='word_1_148' title='bbox 1162 1241 1273 1289; x_wconf 84' lang='lat' dir='ltr'>emiserit</span> <span class='ocrx_word' id='word_1_149' title='bbox 1288 1255 1401 1304; x_wconf 87' lang='lat' dir='ltr'>raperer,</span> <span class='ocrx_word' id='word_1_150' title='bbox 1420 1256 1495 1306; x_wconf 91' lang='lat' dir='ltr'>quam</span> 
     </span>
     <span class='ocr_line' id='line_1_14' title="bbox 136 1307 1494 1376; baseline 0.005 -22"><span class='ocrx_word' id='word_1_151' title='bbox 136 1307 254 1359; x_wconf 82' lang='lat' dir='ltr'>Vistula:</span> <span class='ocrx_word' id='word_1_152' title='bbox 274 1309 385 1373; x_wconf 87' lang='lat' dir='ltr'>plurimis</span> <span class='ocrx_word' id='word_1_153' title='bbox 400 1316 487 1358; x_wconf 85' lang='lat' dir='ltr'>tamen</span> <span class='ocrx_word' id='word_1_154' title='bbox 504 1309 605 1365; x_wconf 73' lang='lat' dir='ltr'>mribus,</span> <span class='ocrx_word' id='word_1_155' title='bbox 624 1310 672 1358; x_wconf 91' lang='lat' dir='ltr'>imo</span> <span class='ocrx_word' id='word_1_156' title='bbox 690 1324 754 1373; x_wconf 91' lang='lat' dir='ltr'>pane</span> <span class='ocrx_word' id='word_1_157' title='bbox 772 1308 874 1375; x_wconf 86' lang='lat' dir='ltr'>singulis</span> <span class='ocrx_word' id='word_1_158' title='bbox 893 1311 971 1367; x_wconf 82' lang='lat' dir='ltr'>annia,</span> <span class='ocrx_word' id='word_1_159' title='bbox 992 1310 1049 1360; x_wconf 90' lang='lat' dir='ltr'>dum</span> <span class='ocrx_word' id='word_1_160' title='bbox 1068 1312 1093 1360; x_wconf 91' lang='lat' dir='ltr'>in</span> <span class='ocrx_word' id='word_1_161' title='bbox 1106 1310 1260 1376; x_wconf 87' lang='lat' dir='ltr'>Urauiburgo</span> <span class='ocrx_word' id='word_1_162' title='bbox 1274 1318 1357 1361; x_wconf 88' lang='lat' dir='ltr'>nestro</span> <span class='ocrx_word' id='word_1_163' title='bbox 1375 1313 1494 1363; x_wconf 76' lang='lat' dir='ltr'>sideribus</span> 
     </span>
     <span class='ocr_line' id='line_1_15' title="bbox 136 1381 1493 1448; baseline 0.002 -18"><span class='ocrx_word' id='word_1_164' title='bbox 136 1381 303 1446; x_wconf 71' lang='lat' dir='ltr'>invigilarem,</span> <span class='ocrx_word' id='word_1_165' title='bbox 322 1389 375 1430; x_wconf 89' lang='lat' dir='ltr'>tam</span> <span class='ocrx_word' id='word_1_166' title='bbox 393 1394 453 1430; x_wconf 87' lang='lat' dir='ltr'>eous</span> <span class='ocrx_word' id='word_1_167' title='bbox 470 1394 545 1445; x_wconf 89' lang='lat' dir='ltr'>quam</span> <span class='ocrx_word' id='word_1_168' title='bbox 563 1382 715 1444; x_wconf 82' lang='lat' dir='ltr'>vespertinus</span> <span class='ocrx_word' id='word_1_169' title='bbox 734 1388 851 1431; x_wconf 84' lang='lat' dir='ltr'>accurate</span> <span class='ocrx_word' id='word_1_170' title='bbox 870 1394 886 1431; x_wconf 92' lang='lat' dir='ltr'>a</span> <span class='ocrx_word' id='word_1_171' title='bbox 903 1382 974 1430; x_wconf 90' lang='lat' dir='ltr'>nobis</span> <span class='ocrx_word' id='word_1_172' title='bbox 991 1383 1094 1432; x_wconf 87' lang='lat' dir='ltr'>coelitus</span> <span class='ocrx_word' id='word_1_173' title='bbox 1112 1382 1259 1432; x_wconf 86' lang='lat' dir='ltr'>denotatus:</span> <span class='ocrx_word' id='word_1_174' title='bbox 1277 1391 1307 1432; x_wconf 91' lang='lat' dir='ltr'>ut</span> <span class='ocrx_word' id='word_1_175' title='bbox 1324 1397 1404 1447; x_wconf 89' lang='lat' dir='ltr'>neque</span> <span class='ocrx_word' id='word_1_176' title='bbox 1421 1383 1493 1448; x_wconf 82' lang='lat' dir='ltr'>hujus</span> 
     </span>
     <span class='ocr_line' id='line_1_16' title="bbox 137 1452 1492 1519; baseline 0.004 -18"><span class='ocrx_word' id='word_1_177' title='bbox 137 1454 207 1509; x_wconf 88' lang='lat' dir='ltr'>astri,</span> <span class='ocrx_word' id='word_1_178' title='bbox 227 1458 288 1501; x_wconf 88' lang='lat' dir='ltr'>utut</span> <span class='ocrx_word' id='word_1_179' title='bbox 305 1454 428 1502; x_wconf 83' lang='lat' dir='ltr'>rarissime</span> <span class='ocrx_word' id='word_1_180' title='bbox 445 1458 541 1516; x_wconf 88' lang='lat' dir='ltr'>pateat,</span> <span class='ocrx_word' id='word_1_181' title='bbox 562 1458 587 1501; x_wconf 90' lang='lat' dir='ltr'>et</span> <span class='ocrx_word' id='word_1_182' title='bbox 603 1452 687 1501; x_wconf 90' lang='lat' dir='ltr'>multis</span> <span class='ocrx_word' id='word_1_183' title='bbox 706 1453 857 1502; x_wconf 77' lang='lat' dir='ltr'>anfractibus</span> <span class='ocrx_word' id='word_1_184' title='bbox 876 1453 909 1500; x_wconf 89' lang='lat' dir='ltr'>sit</span> <span class='ocrx_word' id='word_1_185' title='bbox 926 1453 1063 1509; x_wconf 82' lang='lat' dir='ltr'>obnoxium,</span> <span class='ocrx_word' id='word_1_186' title='bbox 1082 1467 1126 1502; x_wconf 90' lang='lat' dir='ltr'>nos</span> <span class='ocrx_word' id='word_1_187' title='bbox 1144 1454 1229 1519; x_wconf 83' lang='lat' dir='ltr'>lugere</span> <span class='ocrx_word' id='word_1_188' title='bbox 1247 1456 1324 1517; x_wconf 91' lang='lat' dir='ltr'>possit</span> <span class='ocrx_word' id='word_1_189' title='bbox 1342 1457 1432 1506; x_wconf 89' lang='lat' dir='ltr'>semita</span> <span class='ocrx_word' id='word_1_190' title='bbox 1449 1471 1492 1506; x_wconf 91' lang='lat' dir='ltr'>ne·</span> 
     </span>
     <span class='ocr_line' id='line_1_17' title="bbox 136 1518 1491 1591; baseline 0.002 -18"><span class='ocrx_word' id='word_1_191' title='bbox 136 1537 264 1588; x_wconf 86' lang='lat' dir='ltr'>quaquam</span> <span class='ocrx_word' id='word_1_192' title='bbox 285 1523 316 1573; x_wconf 92' lang='lat' dir='ltr'>ab</span> <span class='ocrx_word' id='word_1_193' title='bbox 335 1524 437 1573; x_wconf 89' lang='lat' dir='ltr'>aliorum</span> <span class='ocrx_word' id='word_1_194' title='bbox 456 1522 534 1572; x_wconf 90' lang='lat' dir='ltr'>dubiis</span> <span class='ocrx_word' id='word_1_195' title='bbox 553 1524 812 1581; x_wconf 81' lang='lat' dir='ltr'>animadversionibus,</span> <span class='ocrx_word' id='word_1_196' title='bbox 830 1525 866 1572; x_wconf 90' lang='lat' dir='ltr'>uti</span> <span class='ocrx_word' id='word_1_197' title='bbox 885 1530 986 1574; x_wconf 85' lang='lat' dir='ltr'>coactus</span> <span class='ocrx_word' id='word_1_198' title='bbox 1004 1530 1044 1583; x_wconf 76' lang='lat' dir='ltr'>est</span> <span class='ocrx_word' id='word_1_199' title='bbox 1056 1523 1212 1588; x_wconf 82' lang='lat' dir='ltr'>Cepernicus,</span> <span class='ocrx_word' id='word_1_200' title='bbox 1231 1525 1375 1575; x_wconf 88' lang='lat' dir='ltr'>mutuanda.</span> <span class='ocrx_word' id='word_1_201' title='bbox 1407 1526 1447 1577; x_wconf 86' lang='lat' dir='ltr'>De</span> <span class='ocrx_word' id='word_1_202' title='bbox 1467 1518 1491 1591; x_wconf 75' lang='grc'><em>9</em></span> 
     </span>
     <span class='ocr_line' id='line_1_18' title="bbox 136 1594 1490 1661; baseline 0.001 -16"><span class='ocrx_word' id='word_1_203' title='bbox 136 1602 259 1659; x_wconf 90' lang='lat' dir='ltr'>quantum</span> <span class='ocrx_word' id='word_1_204' title='bbox 277 1595 399 1645; x_wconf 89' lang='lat' dir='ltr'>hactenus</span> <span class='ocrx_word' id='word_1_205' title='bbox 416 1596 582 1659; x_wconf 84' lang='lat' dir='ltr'>pervestigare</span> <span class='ocrx_word' id='word_1_206' title='bbox 600 1594 682 1651; x_wconf 90' lang='lat' dir='ltr'>licuit,</span> <span class='ocrx_word' id='word_1_207' title='bbox 701 1605 794 1645; x_wconf 78' lang='lat' dir='ltr'>cenum</span> <span class='ocrx_word' id='word_1_208' title='bbox 813 1601 864 1649; x_wconf 84' lang='lat' dir='ltr'>est,</span> <span class='ocrx_word' id='word_1_209' title='bbox 885 1597 938 1657; x_wconf 73' lang='lat' dir='ltr'>eius</span> <span class='ocrx_word' id='word_1_210' title='bbox 956 1609 1095 1661; x_wconf 77' lang='lat' dir='ltr'>apogaeum</span> <span class='ocrx_word' id='word_1_211' title='bbox 1112 1611 1162 1646; x_wconf 88' lang='lat' dir='ltr'>non</span> <span class='ocrx_word' id='word_1_212' title='bbox 1180 1597 1282 1646; x_wconf 87' lang='lat' dir='ltr'>multum</span> <span class='ocrx_word' id='word_1_213' title='bbox 1302 1612 1318 1646; x_wconf 91' lang='lat' dir='ltr'>a</span> <span class='ocrx_word' id='word_1_214' title='bbox 1337 1596 1416 1647; x_wconf 86' lang='lat' dir='ltr'>Solari</span> <span class='ocrx_word' id='word_1_215' title='bbox 1435 1605 1490 1648; x_wconf 87' lang='lat' dir='ltr'>ant·</span> 
     </span>
     <span class='ocr_line' id='line_1_19' title="bbox 136 1665 1492 1735; baseline 0.002 -19"><span class='ocrx_word' id='word_1_216' title='bbox 136 1681 230 1716; x_wconf 83' lang='lat' dir='ltr'>sorsum</span> <span class='ocrx_word' id='word_1_217' title='bbox 249 1669 379 1722; x_wconf 83' lang='lat' dir='ltr'>removeri,</span> <span class='ocrx_word' id='word_1_218' title='bbox 399 1666 469 1716; x_wconf 86' lang='lat' dir='ltr'>aliter</span> <span class='ocrx_word' id='word_1_219' title='bbox 487 1680 561 1731; x_wconf 86' lang='lat' dir='ltr'>quam</span> <span class='ocrx_word' id='word_1_220' title='bbox 578 1668 657 1715; x_wconf 88' lang='lat' dir='ltr'>sensit</span> <span class='ocrx_word' id='word_1_221' title='bbox 674 1665 834 1730; x_wconf 86' lang='lat' dir='ltr'>Copernieus,</span> <span class='ocrx_word' id='word_1_222' title='bbox 853 1681 900 1716; x_wconf 89' lang='lat' dir='ltr'>uec</span> <span class='ocrx_word' id='word_1_223' title='bbox 919 1667 997 1717; x_wconf 87' lang='lat' dir='ltr'>eidem</span> <span class='ocrx_word' id='word_1_224' title='bbox 1015 1674 1100 1716; x_wconf 89' lang='lat' dir='ltr'>tamen</span> <span class='ocrx_word' id='word_1_225' title='bbox 1118 1667 1192 1731; x_wconf 89' lang='lat' dir='ltr'>plane</span> <span class='ocrx_word' id='word_1_226' title='bbox 1210 1669 1285 1724; x_wconf 91' lang='lat' dir='ltr'>uniri,</span> <span class='ocrx_word' id='word_1_227' title='bbox 1305 1674 1333 1717; x_wconf 92' lang='lat' dir='ltr'>ut</span> <span class='ocrx_word' id='word_1_228' title='bbox 1349 1668 1492 1735; x_wconf 79' lang='lat' dir='ltr'>Albategnli</span> 
     </span>
    </p>
   </div>
   <div class='ocr_carea' id='block_1_3' title="bbox 137 1736 1584 1803">
    <p class='ocr_par' dir='ltr' id='par_1_3' title="bbox 137 1736 1584 1803">
     <span class='ocr_line' id='line_1_20' title="bbox 137 1736 1584 1803; baseline 0.003 -16"><span class='ocrx_word' id='word_1_229' title='bbox 137 1739 279 1788; x_wconf 85' lang='lat' dir='ltr'>imitatione</span> <span class='ocrx_word' id='word_1_230' title='bbox 297 1738 382 1787; x_wconf 83' lang='lat' dir='ltr'>volunt</span> <span class='ocrx_word' id='word_1_231' title='bbox 399 1737 577 1801; x_wconf 80' lang='lat' dir='ltr'>Alpbonsinae.</span> <span class='ocrx_word' id='word_1_232' title='bbox 612 1736 641 1786; x_wconf 87' lang='lat' dir='ltr'>ln</span> <span class='ocrx_word' id='word_1_233' title='bbox 661 1738 845 1788; x_wconf 87' lang='lat' dir='ltr'>eccantricitate</span> <span class='ocrx_word' id='word_1_234' title='bbox 863 1744 948 1787; x_wconf 88' lang='lat' dir='ltr'>tamen</span> <span class='ocrx_word' id='word_1_235' title='bbox 966 1741 1019 1801; x_wconf 78' lang='lat' dir='ltr'>ejus</span> <span class='ocrx_word' id='word_1_236' title='bbox 1044 1753 1093 1787; x_wconf 89' lang='lat' dir='ltr'>non</span> <span class='ocrx_word' id='word_1_237' title='bbox 1118 1745 1157 1788; x_wconf 88' lang='lat' dir='ltr'>est</span> <span class='ocrx_word' id='word_1_238' title='bbox 1180 1753 1225 1803; x_wconf 91' lang='lat' dir='ltr'>par</span> <span class='ocrx_word' id='word_1_239' title='bbox 1248 1740 1324 1798; x_wconf 85' lang='lat' dir='ltr'>ratio,</span> <span class='ocrx_word' id='word_1_240' title='bbox 1351 1753 1409 1789; x_wconf 90' lang='lat' dir='ltr'>nam</span> <span class='ocrx_word' id='word_1_241' title='bbox 1436 1755 1492 1791; x_wconf 89' lang='lat' dir='ltr'>eam</span> <span class='ocrx_word' id='word_1_242' title='bbox 1579 1757 1584 1764; x_wconf 85' lang='lat'><strong>·</strong></span> 
     </span>
    </p>
   </div>
   <div class='ocr_carea' id='block_1_4' title="bbox 137 1807 1491 3727">
    <p class='ocr_par' dir='ltr' id='par_1_4' title="bbox 137 1807 1491 1945">
     <span class='ocr_line' id='line_1_21' title="bbox 137 1807 1491 1877; baseline 0.002 -19"><span class='ocrx_word' id='word_1_243' title='bbox 137 1809 212 1858; x_wconf 85' lang='lat' dir='ltr'>multe</span> <span class='ocrx_word' id='word_1_244' title='bbox 232 1811 355 1858; x_wconf 85' lang='lat' dir='ltr'>minorem</span> <span class='ocrx_word' id='word_1_245' title='bbox 373 1808 452 1858; x_wconf 87' lang='lat' dir='ltr'>Solari</span> <span class='ocrx_word' id='word_1_246' title='bbox 472 1807 628 1872; x_wconf 83' lang='lat' dir='ltr'>deprehendi.</span> <span class='ocrx_word' id='word_1_247' title='bbox 657 1811 698 1858; x_wconf 78' lang='lat' dir='ltr'>An</span> <span class='ocrx_word' id='word_1_248' title='bbox 715 1809 839 1859; x_wconf 86' lang='lat' dir='ltr'>mutabilis</span> <span class='ocrx_word' id='word_1_249' title='bbox 857 1810 897 1866; x_wconf 86' lang='lat' dir='ltr'>sit,</span> <span class='ocrx_word' id='word_1_250' title='bbox 916 1810 1024 1859; x_wconf 91' lang='lat' dir='ltr'>noudum</span> <span class='ocrx_word' id='word_1_251' title='bbox 1043 1809 1152 1868; x_wconf 86' lang='lat' dir='ltr'>dixerim,</span> <span class='ocrx_word' id='word_1_252' title='bbox 1171 1810 1215 1860; x_wconf 90' lang='lat' dir='ltr'>sed</span> <span class='ocrx_word' id='word_1_253' title='bbox 1233 1825 1282 1860; x_wconf 91' lang='lat' dir='ltr'>non</span> <span class='ocrx_word' id='word_1_254' title='bbox 1300 1823 1448 1877; x_wconf 87' lang='lat' dir='ltr'>magnopere</span> <span class='ocrx_word' id='word_1_255' title='bbox 1466 1811 1491 1861; x_wconf 92' lang='lat' dir='ltr'>id</span> 
     </span>
     <span class='ocr_line' id='line_1_22' title="bbox 139 1880 945 1945; baseline -0.002 -15"><span class='ocrx_word' id='word_1_256' title='bbox 139 1881 253 1944; x_wconf 81' lang='lat' dir='ltr'>probabit</span> <span class='ocrx_word' id='word_1_257' title='bbox 271 1880 311 1930; x_wconf 84' lang='lat' dir='ltr'>rel</span> <span class='ocrx_word' id='word_1_258' title='bbox 329 1881 475 1944; x_wconf 87' lang='lat' dir='ltr'>improbabit</span> <span class='ocrx_word' id='word_1_259' title='bbox 492 1889 538 1929; x_wconf 89' lang='lat' dir='ltr'>tua</span> <span class='ocrx_word' id='word_1_260' title='bbox 554 1895 599 1943; x_wconf 88' lang='lat' dir='ltr'>per</span> <span class='ocrx_word' id='word_1_261' title='bbox 616 1894 643 1929; x_wconf 88' lang='lat' dir='ltr'>sc</span> <span class='ocrx_word' id='word_1_262' title='bbox 662 1881 791 1945; x_wconf 89' lang='lat' dir='ltr'>ingeniosa</span> <span class='ocrx_word' id='word_1_263' title='bbox 807 1882 945 1931; x_wconf 89' lang='lat' dir='ltr'>ratiocinia.</span> 
     </span>
    </p>

    <p class='ocr_par' dir='ltr' id='par_1_5' title="bbox 139 1950 1491 3515">
     <span class='ocr_line' id='line_1_23' title="bbox 205 1950 1490 2016; baseline 0.001 -15"><span class='ocrx_word' id='word_1_264' title='bbox 205 1952 228 2001; x_wconf 79' lang='lat' dir='ltr'>B</span> <span class='ocrx_word' id='word_1_265' title='bbox 248 1952 325 2002; x_wconf 86' lang='lat' dir='ltr'>stella</span> <span class='ocrx_word' id='word_1_266' title='bbox 341 1952 418 2015; x_wconf 89' lang='lat' dir='ltr'>polari</span> <span class='ocrx_word' id='word_1_267' title='bbox 437 1951 476 2001; x_wconf 84' lang='lat' dir='ltr'>rel</span> <span class='ocrx_word' id='word_1_268' title='bbox 493 1953 578 2016; x_wconf 79' lang='lat' dir='ltr'>quasis</span> <span class='ocrx_word' id='word_1_269' title='bbox 597 1951 647 2000; x_wconf 89' lang='lat' dir='ltr'>alia</span> <span class='ocrx_word' id='word_1_270' title='bbox 664 1951 785 2002; x_wconf 87' lang='lat' dir='ltr'>subtiliter</span> <span class='ocrx_word' id='word_1_271' title='bbox 804 1966 897 2008; x_wconf 88' lang='lat' dir='ltr'>eruere,</span> <span class='ocrx_word' id='word_1_272' title='bbox 916 1966 950 2001; x_wconf 91' lang='lat' dir='ltr'>an</span> <span class='ocrx_word' id='word_1_273' title='bbox 968 1951 1033 2000; x_wconf 91' lang='lat' dir='ltr'>orbis</span> <span class='ocrx_word' id='word_1_274' title='bbox 1050 1965 1147 2000; x_wconf 90' lang='lat' dir='ltr'>annuus</span> <span class='ocrx_word' id='word_1_275' title='bbox 1160 1950 1252 2002; x_wconf 80' lang='lat' dir='ltr'>Terrae</span> <span class='ocrx_word' id='word_1_276' title='bbox 1270 1950 1430 2016; x_wconf 79' lang='lat' dir='ltr'>aCopernico</span> <span class='ocrx_word' id='word_1_277' title='bbox 1449 1968 1490 2002; x_wconf 86' lang='lat' dir='ltr'>en·</span> 
     </span>
     <span class='ocr_line' id='line_1_24' title="bbox 139 2022 1490 2088; baseline 0.001 -15"><span class='ocrx_word' id='word_1_278' title='bbox 139 2025 277 2088; x_wconf 84' lang='lat' dir='ltr'>cogitatus,</span> <span class='ocrx_word' id='word_1_279' title='bbox 305 2025 325 2073; x_wconf 86' lang='lat' dir='ltr'>si</span> <span class='ocrx_word' id='word_1_280' title='bbox 342 2025 363 2072; x_wconf 93' lang='lat' dir='ltr'>is</span> <span class='ocrx_word' id='word_1_281' title='bbox 382 2029 462 2079; x_wconf 87' lang='lat' dir='ltr'>esset,</span> <span class='ocrx_word' id='word_1_282' title='bbox 488 2030 592 2072; x_wconf 82' lang='lat' dir='ltr'>octavae</span> <span class='ocrx_word' id='word_1_283' title='bbox 614 2022 735 2086; x_wconf 89' lang='lat' dir='ltr'>sphaerae</span> <span class='ocrx_word' id='word_1_284' title='bbox 753 2022 829 2072; x_wconf 86' lang='lat' dir='ltr'>stellis</span> <span class='ocrx_word' id='word_1_285' title='bbox 849 2023 1026 2088; x_wconf 88' lang='lat' dir='ltr'>aliquantulam</span> <span class='ocrx_word' id='word_1_286' title='bbox 1049 2024 1157 2072; x_wconf 87' lang='lat' dir='ltr'>insinuet</span> <span class='ocrx_word' id='word_1_287' title='bbox 1177 2024 1330 2086; x_wconf 86' lang='lat' dir='ltr'>parallarlu,</span> <span class='ocrx_word' id='word_1_288' title='bbox 1352 2027 1406 2086; x_wconf 87' lang='lat' dir='ltr'>jam</span> <span class='ocrx_word' id='word_1_289' title='bbox 1431 2032 1490 2076; x_wconf 88' lang='lat' dir='ltr'>ante</span> 
     </span>
     <span class='ocr_line' id='line_1_25' title="bbox 141 2094 1489 2160; baseline 0.002 -16"><span class='ocrx_word' id='word_1_290' title='bbox 141 2097 237 2159; x_wconf 88' lang='lat' dir='ltr'>saepius</span> <span class='ocrx_word' id='word_1_291' title='bbox 256 2102 284 2144; x_wconf 90' lang='lat' dir='ltr'>et</span> <span class='ocrx_word' id='word_1_292' title='bbox 303 2094 432 2160; x_wconf 84' lang='lat' dir='ltr'>diligenter</span> <span class='ocrx_word' id='word_1_293' title='bbox 449 2096 553 2158; x_wconf 89' lang='lat' dir='ltr'>experiri</span> <span class='ocrx_word' id='word_1_294' title='bbox 571 2095 678 2154; x_wconf 89' lang='lat' dir='ltr'>tentari,</span> <span class='ocrx_word' id='word_1_295' title='bbox 700 2109 783 2144; x_wconf 86' lang='lat' dir='ltr'>rerum</span> <span class='ocrx_word' id='word_1_296' title='bbox 801 2095 861 2144; x_wconf 93' lang='lat' dir='ltr'>nihil</span> <span class='ocrx_word' id='word_1_297' title='bbox 881 2094 1027 2157; x_wconf 81' lang='lat' dir='ltr'>ejuscemodi</span> <span class='ocrx_word' id='word_1_298' title='bbox 1051 2094 1163 2159; x_wconf 85' lang='lat' dir='ltr'>diligenti</span> <span class='ocrx_word' id='word_1_299' title='bbox 1186 2096 1256 2144; x_wconf 90' lang='lat' dir='ltr'>lacta</span> <span class='ocrx_word' id='word_1_300' title='bbox 1279 2094 1489 2147; x_wconf 81' lang='lat' dir='ltr'>animadversione</span> 
     </span>
     <span class='ocr_line' id='line_1_26' title="bbox 143 2163 1491 2230; baseline 0 -14"><span class='ocrx_word' id='word_1_301' title='bbox 143 2167 260 2221; x_wconf 75' lang='lat' dir='ltr'>mesum</span> <span class='ocrx_word' id='word_1_302' title='bbox 280 2167 395 2230; x_wconf 82' lang='lat' dir='ltr'>comperi.</span> <span class='ocrx_word' id='word_1_303' title='bbox 432 2163 499 2216; x_wconf 80' lang='lat' dir='ltr'>Nam</span> <span class='ocrx_word' id='word_1_304' title='bbox 523 2166 621 2215; x_wconf 88' lang='lat' dir='ltr'>stellam</span> <span class='ocrx_word' id='word_1_305' title='bbox 644 2165 764 2229; x_wconf 87' lang='lat' dir='ltr'>polarem.</span> <span class='ocrx_word' id='word_1_306' title='bbox 790 2180 934 2230; x_wconf 83' lang='lat' dir='ltr'>quocunque</span> <span class='ocrx_word' id='word_1_307' title='bbox 958 2167 1016 2215; x_wconf 88' lang='lat' dir='ltr'>anni</span> <span class='ocrx_word' id='word_1_308' title='bbox 1039 2172 1148 2229; x_wconf 90' lang='lat' dir='ltr'>tempore</span> <span class='ocrx_word' id='word_1_309' title='bbox 1171 2179 1245 2229; x_wconf 92' lang='lat' dir='ltr'>supra</span> <span class='ocrx_word' id='word_1_310' title='bbox 1267 2165 1305 2215; x_wconf 88' lang='lat' dir='ltr'>rel</span> <span class='ocrx_word' id='word_1_311' title='bbox 1327 2166 1391 2215; x_wconf 88' lang='lat' dir='ltr'>inira</span> <span class='ocrx_word' id='word_1_312' title='bbox 1409 2167 1491 2229; x_wconf 89' lang='lat' dir='ltr'>pulum</span> 
     </span>
     <span class='ocr_line' id='line_1_27' title="bbox 142 2233 1489 2301; baseline -0.001 -14"><span class='ocrx_word' id='word_1_313' title='bbox 142 2240 248 2301; x_wconf 79' lang='lat' dir='ltr'>praecise</span> <span class='ocrx_word' id='word_1_314' title='bbox 268 2237 434 2292; x_wconf 82' lang='lat' dir='ltr'>observatam,</span> <span class='ocrx_word' id='word_1_315' title='bbox 453 2237 565 2286; x_wconf 90' lang='lat' dir='ltr'>adhibita</span> <span class='ocrx_word' id='word_1_316' title='bbox 583 2237 692 2299; x_wconf 84' lang='lat' dir='ltr'>ejusdem</span> <span class='ocrx_word' id='word_1_317' title='bbox 710 2237 741 2286; x_wconf 91' lang='lat' dir='ltr'>ab</span> <span class='ocrx_word' id='word_1_318' title='bbox 759 2236 801 2286; x_wconf 93' lang='lat' dir='ltr'>illo</span> <span class='ocrx_word' id='word_1_319' title='bbox 819 2239 953 2287; x_wconf 87' lang='lat' dir='ltr'>remotione</span> <span class='ocrx_word' id='word_1_320' title='bbox 970 2250 1030 2285; x_wconf 80' lang='lat' dir='ltr'>sera</span> <span class='ocrx_word' id='word_1_321' title='bbox 1049 2233 1124 2301; x_wconf 89' lang='lat' dir='ltr'>(quae</span> <span class='ocrx_word' id='word_1_322' title='bbox 1142 2236 1189 2286; x_wconf 91' lang='lat' dir='ltr'>hoc</span> <span class='ocrx_word' id='word_1_323' title='bbox 1207 2250 1272 2286; x_wconf 90' lang='lat' dir='ltr'>auno</span> <span class='ocrx_word' id='word_1_324' title='bbox 1287 2244 1326 2287; x_wconf 89' lang='lat' dir='ltr'>est</span> <span class='ocrx_word' id='word_1_325' title='bbox 1344 2233 1427 2284; x_wconf 68' lang='grc' dir='ltr'>ΜΡ</span> <span class='ocrx_word' id='word_1_326' title='bbox 1438 2236 1489 2286; x_wconf 85' lang='grc'>10”</span> 
     </span>
     <span class='ocr_line' id='line_1_28' title="bbox 142 2303 1489 2372; baseline 0.001 -14"><span class='ocrx_word' id='word_1_327' title='bbox 142 2315 236 2358; x_wconf 75' lang='lat' dir='ltr'>acum</span> <span class='ocrx_word' id='word_1_328' title='bbox 256 2304 341 2356; x_wconf 75' lang='lat'><strong><em>6⁰13‘</em></strong></span> <span class='ocrx_word' id='word_1_329' title='bbox 352 2305 403 2357; x_wconf 64' lang='lat'>26⁰</span> <span class='ocrx_word' id='word_1_330' title='bbox 423 2306 449 2369; x_wconf 76' lang='grc' dir='ltr'>Υ</span> <span class='ocrx_word' id='word_1_331' title='bbox 468 2314 494 2357; x_wconf 90' lang='lat' dir='ltr'>et</span> <span class='ocrx_word' id='word_1_332' title='bbox 513 2309 559 2362; x_wconf 48' lang='grc' dir='ltr'>ἡ</span> <span class='ocrx_word' id='word_1_333' title='bbox 579 2308 741 2358; x_wconf 86' lang='lat' dir='ltr'>meridianum</span> <span class='ocrx_word' id='word_1_334' title='bbox 763 2322 837 2372; x_wconf 90' lang='lat' dir='ltr'>supra</span> <span class='ocrx_word' id='word_1_335' title='bbox 861 2315 887 2358; x_wconf 85' lang='lat' dir='ltr'>et</span> <span class='ocrx_word' id='word_1_336' title='bbox 911 2309 976 2357; x_wconf 88' lang='lat' dir='ltr'>inira</span> <span class='ocrx_word' id='word_1_337' title='bbox 996 2306 1079 2371; x_wconf 90' lang='lat' dir='ltr'>polum</span> <span class='ocrx_word' id='word_1_338' title='bbox 1097 2303 1198 2369; x_wconf 73' lang='lat' dir='ltr'>maurit)</span> <span class='ocrx_word' id='word_1_339' title='bbox 1226 2310 1331 2358; x_wconf 86' lang='lat' dir='ltr'>candem</span> <span class='ocrx_word' id='word_1_340' title='bbox 1348 2309 1373 2358; x_wconf 84' lang='lat' dir='ltr'>la</span> <span class='ocrx_word' id='word_1_341' title='bbox 1391 2308 1489 2359; x_wconf 91' lang='lat' dir='ltr'>dimidio</span> 
     </span>
     <span class='ocr_line' id='line_1_29' title="bbox 141 2376 1489 2445; baseline 0.003 -17"><span class='ocrx_word' id='word_1_342' title='bbox 141 2381 258 2445; x_wconf 84' lang='lat' dir='ltr'>scrupulo,</span> <span class='ocrx_word' id='word_1_343' title='bbox 278 2381 329 2428; x_wconf 92' lang='lat' dir='ltr'>imo</span> <span class='ocrx_word' id='word_1_344' title='bbox 347 2381 412 2428; x_wconf 88' lang='lat' dir='ltr'>iutra</span> <span class='ocrx_word' id='word_1_345' title='bbox 430 2387 543 2444; x_wconf 88' lang='lat' dir='ltr'>quartam</span> <span class='ocrx_word' id='word_1_346' title='bbox 561 2380 599 2429; x_wconf 86' lang='lat' dir='ltr'>rel</span> <span class='ocrx_word' id='word_1_347' title='bbox 617 2387 713 2429; x_wconf 85' lang='lat' dir='ltr'>sertam</span> <span class='ocrx_word' id='word_1_348' title='bbox 727 2381 779 2441; x_wconf 79' lang='lat' dir='ltr'>elus</span> <span class='ocrx_word' id='word_1_349' title='bbox 792 2386 887 2442; x_wconf 88' lang='lat' dir='ltr'>partem</span> <span class='ocrx_word' id='word_1_350' title='bbox 906 2376 1046 2440; x_wconf 86' lang='lat' dir='ltr'>(subtiliora</span> <span class='ocrx_word' id='word_1_351' title='bbox 1061 2379 1125 2428; x_wconf 84' lang='lat' dir='ltr'>risos</span> <span class='ocrx_word' id='word_1_352' title='bbox 1138 2393 1188 2428; x_wconf 86' lang='lat' dir='ltr'>nou</span> <span class='ocrx_word' id='word_1_353' title='bbox 1200 2376 1329 2441; x_wconf 89' lang='lat' dir='ltr'>discernit)</span> <span class='ocrx_word' id='word_1_354' title='bbox 1347 2383 1489 2444; x_wconf 86' lang='lat' dir='ltr'>praebuisse</span> 
     </span>
     <span class='ocr_line' id='line_1_30' title="bbox 141 2449 1487 2515; baseline 0.001 -15"><span class='ocrx_word' id='word_1_355' title='bbox 141 2453 180 2514; x_wconf 89' lang='lat' dir='ltr'>poli</span> <span class='ocrx_word' id='word_1_356' title='bbox 197 2451 383 2500; x_wconf 85' lang='lat' dir='ltr'>sublimitatem</span> <span class='ocrx_word' id='word_1_357' title='bbox 401 2451 571 2507; x_wconf 84' lang='lat' dir='ltr'>animadverti,</span> <span class='ocrx_word' id='word_1_358' title='bbox 591 2451 655 2515; x_wconf 88' lang='lat' dir='ltr'>quod</span> <span class='ocrx_word' id='word_1_359' title='bbox 674 2457 700 2499; x_wconf 90' lang='lat' dir='ltr'>et</span> <span class='ocrx_word' id='word_1_360' title='bbox 718 2449 774 2499; x_wconf 86' lang='lat' dir='ltr'>Chr.</span> <span class='ocrx_word' id='word_1_361' title='bbox 787 2449 954 2507; x_wconf 83' lang='lat' dir='ltr'>Rothmauno,</span> <span class='ocrx_word' id='word_1_362' title='bbox 973 2452 1014 2514; x_wconf 86' lang='lat' dir='ltr'>qui</span> <span class='ocrx_word' id='word_1_363' title='bbox 1027 2449 1211 2514; x_wconf 86' lang='lat' dir='ltr'>Copemicaeae</span> <span class='ocrx_word' id='word_1_364' title='bbox 1228 2451 1390 2514; x_wconf 88' lang='lat' dir='ltr'>speculationi</span> <span class='ocrx_word' id='word_1_365' title='bbox 1407 2452 1487 2503; x_wconf 90' lang='lat' dir='ltr'>indul·</span> 
     </span>
     <span class='ocr_line' id='line_1_31' title="bbox 142 2521 1487 2587; baseline 0 -15"><span class='ocrx_word' id='word_1_366' title='bbox 142 2538 194 2587; x_wconf 85' lang='lat' dir='ltr'>gena</span> <span class='ocrx_word' id='word_1_367' title='bbox 214 2523 312 2587; x_wconf 86' lang='lat' dir='ltr'>aliquid</span> <span class='ocrx_word' id='word_1_368' title='bbox 332 2523 476 2571; x_wconf 75' lang='lat' dir='ltr'>discriminis</span> <span class='ocrx_word' id='word_1_369' title='bbox 494 2522 534 2571; x_wconf 92' lang='lat' dir='ltr'>hic</span> <span class='ocrx_word' id='word_1_370' title='bbox 552 2522 652 2572; x_wconf 88' lang='lat' dir='ltr'>subesse</span> <span class='ocrx_word' id='word_1_371' title='bbox 671 2523 786 2585; x_wconf 87' lang='lat' dir='ltr'>opinatus</span> <span class='ocrx_word' id='word_1_372' title='bbox 805 2529 850 2577; x_wconf 87' lang='lat' dir='ltr'>est,</span> <span class='ocrx_word' id='word_1_373' title='bbox 865 2522 1010 2584; x_wconf 73' lang='lat' dir='ltr'>iamdudum</span> <span class='ocrx_word' id='word_1_374' title='bbox 1029 2523 1143 2576; x_wconf 87' lang='lat' dir='ltr'>indicari,</span> <span class='ocrx_word' id='word_1_375' title='bbox 1161 2528 1189 2570; x_wconf 85' lang='lat' dir='ltr'>ut</span> <span class='ocrx_word' id='word_1_376' title='bbox 1200 2521 1258 2572; x_wconf 89' lang='lat' dir='ltr'>hinc</span> <span class='ocrx_word' id='word_1_377' title='bbox 1270 2522 1329 2572; x_wconf 88' lang='lat' dir='ltr'>nihil</span> <span class='ocrx_word' id='word_1_378' title='bbox 1341 2537 1384 2586; x_wconf 86' lang='lat' dir='ltr'>pro</span> <span class='ocrx_word' id='word_1_379' title='bbox 1398 2521 1487 2586; x_wconf 77' lang='lat' dir='ltr'>Copor-</span> 
     </span>
     <span class='ocr_line' id='line_1_32' title="bbox 143 2591 1488 2659; baseline 0.001 -16"><span class='ocrx_word' id='word_1_380' title='bbox 143 2597 188 2644; x_wconf 90' lang='lat' dir='ltr'>nito</span> <span class='ocrx_word' id='word_1_381' title='bbox 208 2602 255 2643; x_wconf 92' lang='lat' dir='ltr'>tuo</span> <span class='ocrx_word' id='word_1_382' title='bbox 275 2591 358 2656; x_wconf 90' lang='lat' dir='ltr'>(cujus</span> <span class='ocrx_word' id='word_1_383' title='bbox 378 2596 523 2644; x_wconf 84' lang='lat' dir='ltr'>concinnam</span> <span class='ocrx_word' id='word_1_384' title='bbox 543 2600 569 2642; x_wconf 90' lang='lat' dir='ltr'>et</span> <span class='ocrx_word' id='word_1_385' title='bbox 586 2595 739 2659; x_wconf 87' lang='lat' dir='ltr'>ingeniosam</span> <span class='ocrx_word' id='word_1_386' title='bbox 758 2594 950 2657; x_wconf 86' lang='lat' dir='ltr'>speculationem</span> <span class='ocrx_word' id='word_1_387' title='bbox 970 2593 1033 2642; x_wconf 89' lang='lat' dir='ltr'>alias</span> <span class='ocrx_word' id='word_1_388' title='bbox 1052 2593 1167 2643; x_wconf 90' lang='lat' dir='ltr'>admirari</span> <span class='ocrx_word' id='word_1_389' title='bbox 1181 2599 1206 2642; x_wconf 90' lang='lat' dir='ltr'>et</span> <span class='ocrx_word' id='word_1_390' title='bbox 1218 2594 1392 2656; x_wconf 88' lang='lat' dir='ltr'>depraedicare</span> <span class='ocrx_word' id='word_1_391' title='bbox 1410 2591 1488 2657; x_wconf 88' lang='lat' dir='ltr'>soleo)</span> 
     </span>
     <span class='ocr_line' id='line_1_33' title="bbox 143 2663 1488 2728; baseline 0.001 -14"><span class='ocrx_word' id='word_1_392' title='bbox 143 2667 226 2716; x_wconf 88' lang='lat' dir='ltr'>tuendo</span> <span class='ocrx_word' id='word_1_393' title='bbox 245 2666 371 2714; x_wconf 87' lang='lat' dir='ltr'>residuum</span> <span class='ocrx_word' id='word_1_394' title='bbox 389 2668 421 2713; x_wconf 89' lang='lat' dir='ltr'>sit</span> <span class='ocrx_word' id='word_1_395' title='bbox 438 2665 526 2714; x_wconf 82' lang='lat' dir='ltr'>solatii.</span> <span class='ocrx_word' id='word_1_396' title='bbox 564 2664 639 2714; x_wconf 77' lang='lat' dir='ltr'>Peras</span> <span class='ocrx_word' id='word_1_397' title='bbox 659 2664 767 2720; x_wconf 87' lang='lat' dir='ltr'>aliunde,</span> <span class='ocrx_word' id='word_1_398' title='bbox 786 2666 806 2713; x_wconf 90' lang='lat' dir='ltr'>si</span> <span class='ocrx_word' id='word_1_399' title='bbox 819 2665 924 2714; x_wconf 87' lang='lat' dir='ltr'>dabitur.</span> <span class='ocrx_word' id='word_1_400' title='bbox 955 2663 1004 2713; x_wconf 90' lang='lat' dir='ltr'>Sed</span> <span class='ocrx_word' id='word_1_401' title='bbox 1022 2664 1053 2713; x_wconf 92' lang='lat' dir='ltr'>de</span> <span class='ocrx_word' id='word_1_402' title='bbox 1070 2663 1109 2713; x_wconf 90' lang='lat' dir='ltr'>his</span> <span class='ocrx_word' id='word_1_403' title='bbox 1128 2672 1202 2728; x_wconf 83' lang='lat' dir='ltr'>atque</span> <span class='ocrx_word' id='word_1_404' title='bbox 1221 2665 1275 2713; x_wconf 90' lang='lat' dir='ltr'>aliis</span> <span class='ocrx_word' id='word_1_405' title='bbox 1293 2664 1388 2728; x_wconf 87' lang='lat' dir='ltr'>plenius</span> <span class='ocrx_word' id='word_1_406' title='bbox 1406 2673 1488 2721; x_wconf 82' lang='lat' dir='ltr'>tecum</span> 
     </span>
     <span class='ocr_line' id='line_1_34' title="bbox 143 2735 1489 2802; baseline 0 -15"><span class='ocrx_word' id='word_1_407' title='bbox 143 2737 243 2799; x_wconf 84' lang='lat' dir='ltr'>jucunde</span> <span class='ocrx_word' id='word_1_408' title='bbox 264 2744 292 2787; x_wconf 91' lang='lat' dir='ltr'>et</span> <span class='ocrx_word' id='word_1_409' title='bbox 303 2737 458 2800; x_wconf 90' lang='lat' dir='ltr'>perlubenter</span> <span class='ocrx_word' id='word_1_410' title='bbox 471 2749 553 2800; x_wconf 90' lang='lat' dir='ltr'>agam,</span> <span class='ocrx_word' id='word_1_411' title='bbox 571 2735 689 2802; x_wconf 85' lang='lat' dir='ltr'>pluraque</span> <span class='ocrx_word' id='word_1_412' title='bbox 710 2751 739 2785; x_wconf 85' lang='lat' dir='ltr'>ex</span> <span class='ocrx_word' id='word_1_413' title='bbox 756 2737 817 2785; x_wconf 86' lang='lat' dir='ltr'>meis</span> <span class='ocrx_word' id='word_1_414' title='bbox 836 2736 1029 2795; x_wconf 85' lang='lat' dir='ltr'>communicabo,</span> <span class='ocrx_word' id='word_1_415' title='bbox 1048 2738 1069 2784; x_wconf 85' lang='lat' dir='ltr'>si</span> <span class='ocrx_word' id='word_1_416' title='bbox 1087 2751 1136 2790; x_wconf 89' lang='lat' dir='ltr'>ma,</span> <span class='ocrx_word' id='word_1_417' title='bbox 1155 2737 1191 2784; x_wconf 91' lang='lat' dir='ltr'>uti</span> <span class='ocrx_word' id='word_1_418' title='bbox 1210 2736 1337 2800; x_wconf 87' lang='lat' dir='ltr'>polliceris,</span> <span class='ocrx_word' id='word_1_419' title='bbox 1357 2737 1489 2801; x_wconf 89' lang='lat' dir='ltr'>aliquando</span> 
     </span>
     <span class='ocr_line' id='line_1_35' title="bbox 145 2806 1489 2872; baseline 0.001 -14"><span class='ocrx_word' id='word_1_420' title='bbox 145 2811 256 2863; x_wconf 65' lang='lat' dir='ltr'>inmens,</span> <span class='ocrx_word' id='word_1_421' title='bbox 275 2808 341 2872; x_wconf 90' lang='lat' dir='ltr'>quod</span> <span class='ocrx_word' id='word_1_422' title='bbox 359 2808 403 2857; x_wconf 92' lang='lat' dir='ltr'>tibi</span> <span class='ocrx_word' id='word_1_423' title='bbox 419 2811 472 2869; x_wconf 76' lang='lat' dir='ltr'>jam</span> <span class='ocrx_word' id='word_1_424' title='bbox 490 2809 569 2856; x_wconf 88' lang='lat' dir='ltr'>minus</span> <span class='ocrx_word' id='word_1_425' title='bbox 588 2807 718 2857; x_wconf 86' lang='lat' dir='ltr'>molestum</span> <span class='ocrx_word' id='word_1_426' title='bbox 736 2809 782 2856; x_wconf 90' lang='lat' dir='ltr'>erit</span> <span class='ocrx_word' id='word_1_427' title='bbox 800 2821 874 2872; x_wconf 89' lang='lat' dir='ltr'>quam</span> <span class='ocrx_word' id='word_1_428' title='bbox 892 2813 979 2865; x_wconf 86' lang='lat' dir='ltr'>autea,</span> <span class='ocrx_word' id='word_1_429' title='bbox 1000 2821 1055 2854; x_wconf 90' lang='lat' dir='ltr'>cum</span> <span class='ocrx_word' id='word_1_430' title='bbox 1073 2808 1098 2856; x_wconf 91' lang='lat' dir='ltr'>in</span> <span class='ocrx_word' id='word_1_431' title='bbox 1117 2806 1238 2856; x_wconf 88' lang='lat' dir='ltr'>Bohemia</span> <span class='ocrx_word' id='word_1_432' title='bbox 1255 2823 1304 2857; x_wconf 90' lang='lat' dir='ltr'>non</span> <span class='ocrx_word' id='word_1_433' title='bbox 1323 2808 1454 2867; x_wconf 72' lang='lat' dir='ltr'>admodum</span> <span class='ocrx_word' id='word_1_434' title='bbox 1473 2823 1489 2859; x_wconf 91' lang='lat' dir='ltr'>a</span> 
     </span>
     <span class='ocr_line' id='line_1_36' title="bbox 147 2876 1489 2944; baseline 0.004 -19"><span class='ocrx_word' id='word_1_435' title='bbox 147 2881 201 2929; x_wconf 86' lang='lat' dir='ltr'>robis</span> <span class='ocrx_word' id='word_1_436' title='bbox 220 2889 318 2928; x_wconf 89' lang='lat' dir='ltr'>remota</span> <span class='ocrx_word' id='word_1_437' title='bbox 336 2894 401 2928; x_wconf 90' lang='lat' dir='ltr'>nuuc</span> <span class='ocrx_word' id='word_1_438' title='bbox 419 2879 490 2927; x_wconf 89' lang='lat' dir='ltr'>sedes</span> <span class='ocrx_word' id='word_1_439' title='bbox 508 2876 617 2928; x_wconf 88' lang='lat' dir='ltr'>Uraniae</span> <span class='ocrx_word' id='word_1_440' title='bbox 636 2893 712 2928; x_wconf 88' lang='lat' dir='ltr'>noras</span> <span class='ocrx_word' id='word_1_441' title='bbox 730 2878 831 2935; x_wconf 84' lang='lat' dir='ltr'>linerim,</span> <span class='ocrx_word' id='word_1_442' title='bbox 851 2886 925 2941; x_wconf 89' lang='lat' dir='ltr'>atque</span> <span class='ocrx_word' id='word_1_443' title='bbox 943 2879 968 2927; x_wconf 91' lang='lat' dir='ltr'>in</span> <span class='ocrx_word' id='word_1_444' title='bbox 987 2891 1044 2927; x_wconf 88' lang='lat' dir='ltr'>arce</span> <span class='ocrx_word' id='word_1_445' title='bbox 1063 2879 1209 2927; x_wconf 89' lang='lat' dir='ltr'>caesariana</span> <span class='ocrx_word' id='word_1_446' title='bbox 1227 2877 1364 2933; x_wconf 86' lang='lat' dir='ltr'>Benachia,</span> <span class='ocrx_word' id='word_1_447' title='bbox 1383 2880 1489 2944; x_wconf 88' lang='lat' dir='ltr'>quinque</span> 
     </span>
     <span class='ocr_line' id='line_1_37' title="bbox 147 2948 1487 3014; baseline 0.001 -16"><span class='ocrx_word' id='word_1_448' title='bbox 147 2951 280 3001; x_wconf 86' lang='lat' dir='ltr'>nilliaribus</span> <span class='ocrx_word' id='word_1_449' title='bbox 299 2949 383 3014; x_wconf 90' lang='lat' dir='ltr'>Praga</span> <span class='ocrx_word' id='word_1_450' title='bbox 400 2958 503 3005; x_wconf 89' lang='lat' dir='ltr'>remota,</span> <span class='ocrx_word' id='word_1_451' title='bbox 522 2950 639 2999; x_wconf 88' lang='lat' dir='ltr'>habitem.</span> <span class='ocrx_word' id='word_1_452' title='bbox 666 2948 733 2999; x_wconf 84' lang='lat' dir='ltr'>Num</span> <span class='ocrx_word' id='word_1_453' title='bbox 751 2964 790 2999; x_wconf 90' lang='lat' dir='ltr'>me</span> <span class='ocrx_word' id='word_1_454' title='bbox 807 2963 823 2998; x_wconf 94' lang='lat' dir='ltr'>a</span> <span class='ocrx_word' id='word_1_455' title='bbox 842 2963 961 2998; x_wconf 85' lang='lat' dir='ltr'>caesarea</span> <span class='ocrx_word' id='word_1_456' title='bbox 978 2951 1109 3010; x_wconf 86' lang='lat' dir='ltr'>majestate</span> <span class='ocrx_word' id='word_1_457' title='bbox 1128 2949 1177 2997; x_wconf 92' lang='lat' dir='ltr'>huc</span> <span class='ocrx_word' id='word_1_458' title='bbox 1194 2963 1208 2998; x_wconf 88' lang='lat' dir='ltr'>a</span> <span class='ocrx_word' id='word_1_459' title='bbox 1228 2949 1362 2999; x_wconf 82' lang='lat' dir='ltr'>Germania</span> <span class='ocrx_word' id='word_1_460' title='bbox 1379 2950 1487 3000; x_wconf 86' lang='lat' dir='ltr'>clemen·</span> 
     </span>
     <span class='ocr_line' id='line_1_38' title="bbox 148 3020 1487 3086; baseline 0 -14"><span class='ocrx_word' id='word_1_461' title='bbox 148 3024 230 3074; x_wconf 71' lang='grc' dir='ltr'>ιιιίιιιο</span> <span class='ocrx_word' id='word_1_462' title='bbox 247 3030 364 3072; x_wconf 85' lang='lat' dir='ltr'>sucatum</span> <span class='ocrx_word' id='word_1_463' title='bbox 381 3028 406 3071; x_wconf 92' lang='lat' dir='ltr'>et</span> <span class='ocrx_word' id='word_1_464' title='bbox 418 3022 592 3086; x_wconf 85' lang='lat' dir='ltr'>benignissime</span> <span class='ocrx_word' id='word_1_465' title='bbox 604 3035 635 3070; x_wconf 90' lang='lat' dir='ltr'>ac</span> <span class='ocrx_word' id='word_1_466' title='bbox 647 3020 780 3070; x_wconf 88' lang='lat' dir='ltr'>liberaliter</span> <span class='ocrx_word' id='word_1_467' title='bbox 791 3028 916 3083; x_wconf 87' lang='lat' dir='ltr'>receptum</span> <span class='ocrx_word' id='word_1_468' title='bbox 929 3035 992 3077; x_wconf 88' lang='lat' dir='ltr'>esse,</span> <span class='ocrx_word' id='word_1_469' title='bbox 1011 3029 1037 3069; x_wconf 93' lang='lat' dir='ltr'>te</span> <span class='ocrx_word' id='word_1_470' title='bbox 1056 3020 1087 3069; x_wconf 91' lang='lat' dir='ltr'>ah</span> <span class='ocrx_word' id='word_1_471' title='bbox 1107 3021 1160 3069; x_wconf 86' lang='lat' dir='ltr'>aliis</span> <span class='ocrx_word' id='word_1_472' title='bbox 1176 3022 1230 3082; x_wconf 84' lang='lat' dir='ltr'>jam</span> <span class='ocrx_word' id='word_1_473' title='bbox 1249 3028 1325 3071; x_wconf 90' lang='lat' dir='ltr'>autea</span> <span class='ocrx_word' id='word_1_474' title='bbox 1343 3023 1487 3086; x_wconf 83' lang='lat' dir='ltr'>cognovisse</span> 
     </span>
     <span class='ocr_line' id='line_1_39' title="bbox 151 3088 1487 3158; baseline 0 -15"><span class='ocrx_word' id='word_1_475' title='bbox 151 3091 181 3153; x_wconf 77' lang='lat' dir='ltr'>les</span> <span class='ocrx_word' id='word_1_476' title='bbox 193 3109 240 3158; x_wconf 90' lang='lat' dir='ltr'>qno</span> <span class='ocrx_word' id='word_1_477' title='bbox 259 3094 387 3143; x_wconf 89' lang='lat' dir='ltr'>dimidium</span> <span class='ocrx_word' id='word_1_478' title='bbox 403 3096 455 3155; x_wconf 85' lang='lat' dir='ltr'>jam</span> <span class='ocrx_word' id='word_1_479' title='bbox 475 3107 566 3141; x_wconf 88' lang='lat' dir='ltr'>anuum</span> <span class='ocrx_word' id='word_1_480' title='bbox 584 3092 624 3141; x_wconf 90' lang='lat' dir='ltr'>hic</span> <span class='ocrx_word' id='word_1_481' title='bbox 643 3088 787 3154; x_wconf 87' lang='lat' dir='ltr'>subsistam)</span> <span class='ocrx_word' id='word_1_482' title='bbox 806 3093 925 3141; x_wconf 84' lang='lat' dir='ltr'>existimo.</span> <span class='ocrx_word' id='word_1_483' title='bbox 944 3089 1026 3140; x_wconf 84' lang='lat' dir='ltr'>Nolim</span> <span class='ocrx_word' id='word_1_484' title='bbox 1044 3098 1129 3141; x_wconf 87' lang='lat' dir='ltr'>tamen</span> <span class='ocrx_word' id='word_1_485' title='bbox 1147 3099 1176 3140; x_wconf 89' lang='lat' dir='ltr'>ut</span> <span class='ocrx_word' id='word_1_486' title='bbox 1193 3092 1305 3142; x_wconf 80' lang='lat' dir='ltr'>fortunae</span> <span class='ocrx_word' id='word_1_487' title='bbox 1324 3093 1444 3157; x_wconf 86' lang='lat' dir='ltr'>asperitas</span> <span class='ocrx_word' id='word_1_488' title='bbox 1462 3101 1487 3143; x_wconf 88' lang='lat' dir='ltr'>te</span> 
     </span>
     <span class='ocr_line' id='line_1_40' title="bbox 150 3163 1486 3228; baseline 0.001 -15"><span class='ocrx_word' id='word_1_489' title='bbox 150 3179 182 3213; x_wconf 86' lang='lat' dir='ltr'>nos</span> <span class='ocrx_word' id='word_1_490' title='bbox 199 3165 320 3216; x_wconf 89' lang='lat' dir='ltr'>accedere</span> <span class='ocrx_word' id='word_1_491' title='bbox 340 3164 479 3228; x_wconf 86' lang='lat' dir='ltr'>compellat,</span> <span class='ocrx_word' id='word_1_492' title='bbox 497 3163 541 3213; x_wconf 90' lang='lat' dir='ltr'>sed</span> <span class='ocrx_word' id='word_1_493' title='bbox 559 3165 638 3226; x_wconf 89' lang='lat' dir='ltr'>potius</span> <span class='ocrx_word' id='word_1_494' title='bbox 657 3164 782 3212; x_wconf 86' lang='lat' dir='ltr'>arbitrium</span> <span class='ocrx_word' id='word_1_495' title='bbox 801 3165 921 3227; x_wconf 88' lang='lat' dir='ltr'>proprium</span> <span class='ocrx_word' id='word_1_496' title='bbox 941 3170 967 3212; x_wconf 90' lang='lat' dir='ltr'>et</span> <span class='ocrx_word' id='word_1_497' title='bbox 985 3177 1052 3228; x_wconf 83' lang='lat' dir='ltr'>erga·</span> <span class='ocrx_word' id='word_1_498' title='bbox 1063 3163 1202 3213; x_wconf 88' lang='lat' dir='ltr'>communia</span> <span class='ocrx_word' id='word_1_499' title='bbox 1220 3164 1302 3213; x_wconf 88' lang='lat' dir='ltr'>studia</span> <span class='ocrx_word' id='word_1_500' title='bbox 1320 3177 1388 3213; x_wconf 92' lang='lat' dir='ltr'>amor</span> <span class='ocrx_word' id='word_1_501' title='bbox 1406 3170 1432 3214; x_wconf 90' lang='lat' dir='ltr'>et</span> <span class='ocrx_word' id='word_1_502' title='bbox 1449 3165 1486 3214; x_wconf 86' lang='lat' dir='ltr'>al·</span> 
     </span>
     <span class='ocr_line' id='line_1_41' title="bbox 151 3234 1487 3300; baseline 0.001 -17"><span class='ocrx_word' id='word_1_503' title='bbox 151 3237 216 3286; x_wconf 84' lang='lat' dir='ltr'>lectio.</span> <span class='ocrx_word' id='word_1_504' title='bbox 252 3236 377 3300; x_wconf 86' lang='lat' dir='ltr'>Quicquid</span> <span class='ocrx_word' id='word_1_505' title='bbox 394 3244 478 3286; x_wconf 89' lang='lat' dir='ltr'>tamen</span> <span class='ocrx_word' id='word_1_506' title='bbox 497 3235 522 3284; x_wconf 93' lang='lat' dir='ltr'>id</span> <span class='ocrx_word' id='word_1_507' title='bbox 539 3237 594 3293; x_wconf 89' lang='lat' dir='ltr'>erit,</span> <span class='ocrx_word' id='word_1_508' title='bbox 618 3236 727 3284; x_wconf 83' lang='lat' dir='ltr'>invenies</span> <span class='ocrx_word' id='word_1_509' title='bbox 745 3250 785 3283; x_wconf 88' lang='lat' dir='ltr'>rna</span> <span class='ocrx_word' id='word_1_510' title='bbox 804 3250 853 3284; x_wconf 90' lang='lat' dir='ltr'>nun</span> <span class='ocrx_word' id='word_1_511' title='bbox 873 3235 999 3288; x_wconf 79' lang='lat' dir='ltr'>lomunae.</span> <span class='ocrx_word' id='word_1_512' title='bbox 1019 3235 1194 3298; x_wconf 88' lang='lat' dir='ltr'>qualiscunque</span> <span class='ocrx_word' id='word_1_513' title='bbox 1219 3234 1263 3283; x_wconf 90' lang='lat' dir='ltr'>illa</span> <span class='ocrx_word' id='word_1_514' title='bbox 1285 3235 1330 3291; x_wconf 87' lang='lat' dir='ltr'>sit,</span> <span class='ocrx_word' id='word_1_515' title='bbox 1355 3235 1399 3285; x_wconf 87' lang='lat' dir='ltr'>sed</span> <span class='ocrx_word' id='word_1_516' title='bbox 1418 3242 1487 3285; x_wconf 89' lang='lat' dir='ltr'>tuum</span> 
     </span>
     <span class='ocr_line' id='line_1_42' title="bbox 154 3306 1488 3372; baseline 0.001 -15"><span class='ocrx_word' id='word_1_517' title='bbox 154 3311 251 3365; x_wconf 83' lang='lat' dir='ltr'>taicum,</span> <span class='ocrx_word' id='word_1_518' title='bbox 271 3309 314 3372; x_wconf 91' lang='lat' dir='ltr'>qui</span> <span class='ocrx_word' id='word_1_519' title='bbox 333 3311 409 3357; x_wconf 89' lang='lat' dir='ltr'>etiam</span> <span class='ocrx_word' id='word_1_520' title='bbox 427 3310 453 3357; x_wconf 90' lang='lat' dir='ltr'>iu</span> <span class='ocrx_word' id='word_1_521' title='bbox 472 3307 576 3356; x_wconf 86' lang='lat' dir='ltr'>adversa</span> <span class='ocrx_word' id='word_1_522' title='bbox 593 3313 658 3356; x_wconf 90' lang='lat' dir='ltr'>sorte</span> <span class='ocrx_word' id='word_1_523' title='bbox 677 3321 720 3355; x_wconf 88' lang='lat' dir='ltr'>suo</span> <span class='ocrx_word' id='word_1_524' title='bbox 740 3306 840 3356; x_wconf 87' lang='lat' dir='ltr'>consilio</span> <span class='ocrx_word' id='word_1_525' title='bbox 859 3314 885 3355; x_wconf 92' lang='lat' dir='ltr'>et</span> <span class='ocrx_word' id='word_1_526' title='bbox 903 3306 992 3355; x_wconf 84' lang='lat' dir='ltr'>auxilio</span> <span class='ocrx_word' id='word_1_527' title='bbox 1005 3306 1049 3354; x_wconf 91' lang='lat' dir='ltr'>tibi</span> <span class='ocrx_word' id='word_1_528' title='bbox 1067 3319 1222 3370; x_wconf 89' lang='lat' dir='ltr'>nequaquam</span> <span class='ocrx_word' id='word_1_529' title='bbox 1241 3308 1274 3355; x_wconf 88' lang='lat' dir='ltr'>sit</span> <span class='ocrx_word' id='word_1_530' title='bbox 1292 3306 1426 3362; x_wconf 85' lang='lat' dir='ltr'>deleturus,</span> <span class='ocrx_word' id='word_1_531' title='bbox 1444 3308 1488 3358; x_wconf 87' lang='lat' dir='ltr'>sed</span> 
     </span>
     <span class='ocr_line' id='line_1_43' title="bbox 154 3377 1486 3444; baseline -0.001 -14"><span class='ocrx_word' id='word_1_532' title='bbox 154 3381 215 3439; x_wconf 71' lang='grc' dir='ltr'>ιοιίιιι</span> <span class='ocrx_word' id='word_1_533' title='bbox 232 3388 258 3430; x_wconf 91' lang='lat' dir='ltr'>te</span> <span class='ocrx_word' id='word_1_534' title='bbox 278 3381 313 3428; x_wconf 87' lang='lat' dir='ltr'>ad</span> <span class='ocrx_word' id='word_1_535' title='bbox 331 3382 425 3444; x_wconf 88' lang='lat' dir='ltr'>optima</span> <span class='ocrx_word' id='word_1_536' title='bbox 442 3393 553 3444; x_wconf 86' lang='lat' dir='ltr'>quaeque</span> <span class='ocrx_word' id='word_1_537' title='bbox 571 3387 731 3441; x_wconf 87' lang='lat' dir='ltr'>promoturus.</span> <span class='ocrx_word' id='word_1_538' title='bbox 768 3377 802 3426; x_wconf 87' lang='lat' dir='ltr'>Et</span> <span class='ocrx_word' id='word_1_539' title='bbox 819 3378 840 3426; x_wconf 90' lang='lat' dir='ltr'>si</span> <span class='ocrx_word' id='word_1_540' title='bbox 857 3386 953 3426; x_wconf 87' lang='lat' dir='ltr'>mature</span> <span class='ocrx_word' id='word_1_541' title='bbox 972 3378 1120 3441; x_wconf 83' lang='lat' dir='ltr'>accesseris,</span> <span class='ocrx_word' id='word_1_542' title='bbox 1146 3391 1190 3426; x_wconf 89' lang='lat' dir='ltr'>eas</span> <span class='ocrx_word' id='word_1_543' title='bbox 1213 3379 1275 3427; x_wconf 88' lang='lat' dir='ltr'>iorte</span> <span class='ocrx_word' id='word_1_544' title='bbox 1293 3379 1401 3428; x_wconf 88' lang='lat' dir='ltr'>rationes</span> <span class='ocrx_word' id='word_1_545' title='bbox 1419 3380 1486 3429; x_wconf 86' lang='lat' dir='ltr'>inre·</span> 
     </span>
     <span class='ocr_line' id='line_1_44' title="bbox 155 3448 1389 3515; baseline 0.001 -18"><span class='ocrx_word' id='word_1_546' title='bbox 155 3452 236 3509; x_wconf 79' lang='lat' dir='ltr'>demus,</span> <span class='ocrx_word' id='word_1_547' title='bbox 256 3451 345 3515; x_wconf 88' lang='lat' dir='ltr'>quibus</span> <span class='ocrx_word' id='word_1_548' title='bbox 364 3453 407 3501; x_wconf 88' lang='lat' dir='ltr'>tihi</span> <span class='ocrx_word' id='word_1_549' title='bbox 426 3458 453 3500; x_wconf 92' lang='lat' dir='ltr'>et</span> <span class='ocrx_word' id='word_1_550' title='bbox 470 3452 518 3500; x_wconf 90' lang='lat' dir='ltr'>tuis</span> <span class='ocrx_word' id='word_1_551' title='bbox 536 3451 562 3498; x_wconf 90' lang='lat' dir='ltr'>iu</span> <span class='ocrx_word' id='word_1_552' title='bbox 580 3457 704 3513; x_wconf 88' lang='lat' dir='ltr'>posterum</span> <span class='ocrx_word' id='word_1_553' title='bbox 722 3450 811 3499; x_wconf 82' lang='lat' dir='ltr'>restitns</span> <span class='ocrx_word' id='word_1_554' title='bbox 829 3464 903 3514; x_wconf 89' lang='lat' dir='ltr'>quam</span> <span class='ocrx_word' id='word_1_555' title='bbox 922 3456 998 3498; x_wconf 88' lang='lat' dir='ltr'>antea</span> <span class='ocrx_word' id='word_1_556' title='bbox 1017 3448 1153 3499; x_wconf 88' lang='lat' dir='ltr'>consultum</span> <span class='ocrx_word' id='word_1_557' title='bbox 1171 3450 1226 3498; x_wconf 90' lang='lat' dir='ltr'>erit.</span> <span class='ocrx_word' id='word_1_558' title='bbox 1262 3448 1326 3500; x_wconf 86' lang='lat' dir='ltr'>Vale</span> <span class='ocrx_word' id='word_1_559' title='bbox 1344 3448 1389 3500; x_wconf 82' lang='lat' dir='ltr'>dte.</span> 
     </span>
    </p>

    <p class='ocr_par' dir='ltr' id='par_1_6' title="bbox 206 3517 1236 3573">
     <span class='ocr_line' id='line_1_45' title="bbox 206 3517 1236 3573; baseline -0.006 0"><span class='ocrx_word' id='word_1_560' title='bbox 206 3523 340 3573; x_wconf 80' lang='lat' dir='ltr'>Dabuntur</span> <span class='ocrx_word' id='word_1_561' title='bbox 357 3523 501 3573; x_wconf 87' lang='lat' dir='ltr'>Benachiae</span> <span class='ocrx_word' id='word_1_562' title='bbox 519 3522 570 3571; x_wconf 86' lang='lat' dir='ltr'>sire</span> <span class='ocrx_word' id='word_1_563' title='bbox 588 3520 701 3571; x_wconf 87' lang='lat' dir='ltr'>Venetiis</span> <span class='ocrx_word' id='word_1_564' title='bbox 719 3520 883 3571; x_wconf 88' lang='lat' dir='ltr'>Bohemorum</span> <span class='ocrx_word' id='word_1_565' title='bbox 901 3520 924 3571; x_wconf 80' lang='lat' dir='ltr'>d</span> <span class='ocrx_word' id='word_1_566' title='bbox 944 3517 960 3567; x_wconf 83' lang='lat' dir='ltr'>t</span> <span class='ocrx_word' id='word_1_567' title='bbox 980 3519 1042 3571; x_wconf 86' lang='lat' dir='ltr'>Dec.</span> <span class='ocrx_word' id='word_1_568' title='bbox 1062 3527 1094 3570; x_wconf 88' lang='lat' dir='ltr'>st.</span> <span class='ocrx_word' id='word_1_569' title='bbox 1113 3535 1138 3569; x_wconf 94' lang='lat' dir='ltr'>n.</span> <span class='ocrx_word' id='word_1_570' title='bbox 1159 3517 1236 3569; x_wconf 75' lang='lat'>1590.</span> 
     </span>
    </p>

    <p class='ocr_par' dir='ltr' id='par_1_7' title="bbox 1120 3590 1407 3727">
     <span class='ocr_line' id='line_1_46' title="bbox 1134 3590 1381 3642; baseline 0.004 -3"><span class='ocrx_word' id='word_1_571' title='bbox 1134 3590 1179 3640; x_wconf 83' lang='lat' dir='ltr'>&#39;lui</span> <span class='ocrx_word' id='word_1_572' title='bbox 1199 3591 1381 3642; x_wconf 87' lang='lat' dir='ltr'>amantissimus</span> 
     </span>
     <span class='ocr_line' id='line_1_47' title="bbox 1120 3661 1407 3727; baseline 0.01 -17"><span class='ocrx_word' id='word_1_573' title='bbox 1120 3661 1149 3710; x_wconf 87' lang='grc' dir='ltr'>Τ.</span> <span class='ocrx_word' id='word_1_574' title='bbox 1167 3663 1198 3713; x_wconf 80' lang='grc' dir='ltr'>Β.</span> <span class='ocrx_word' id='word_1_575' title='bbox 1218 3677 1295 3727; x_wconf 85' lang='lat' dir='ltr'>mppr.</span> <span class='ocrx_word' id='word_1_576' title='bbox 1315 3663 1407 3726; x_wconf 84' lang='lat' dir='ltr'>scripsi.</span> 
     </span>
    </p>
   </div>
   <div class='ocr_carea' id='block_1_5' title="bbox 144 3789 1485 4659">
    <p class='ocr_par' dir='ltr' id='par_1_8' title="bbox 211 3789 1175 3870">
     <span class='ocr_line' id='line_1_48' title="bbox 211 3789 1175 3870; baseline -0.009 -11"><span class='ocrx_word' id='word_1_577' title='bbox 211 3808 299 3870; x_wconf 81' lang='lat' dir='ltr'>Quibus</span> <span class='ocrx_word' id='word_1_578' title='bbox 318 3789 467 3870; x_wconf 75' lang='lat' dir='ltr'>interpositis</span> <span class='ocrx_word' id='word_1_579' title='bbox 485 3803 592 3853; x_wconf 90' lang='lat' dir='ltr'>redimus</span> <span class='ocrx_word' id='word_1_580' title='bbox 611 3803 643 3852; x_wconf 91' lang='lat' dir='ltr'>ad</span> <span class='ocrx_word' id='word_1_581' title='bbox 660 3802 744 3852; x_wconf 88' lang='lat' dir='ltr'>literas</span> <span class='ocrx_word' id='word_1_582' title='bbox 762 3803 864 3868; x_wconf 86' lang='lat' dir='ltr'>Kepleri</span> <span class='ocrx_word' id='word_1_583' title='bbox 883 3810 908 3853; x_wconf 88' lang='lat' dir='ltr'>et</span> <span class='ocrx_word' id='word_1_584' title='bbox 925 3801 1053 3852; x_wconf 80' lang='lat' dir='ltr'>Massilini</span> <span class='ocrx_word' id='word_1_585' title='bbox 1069 3807 1175 3852; x_wconf 87' lang='lat' dir='ltr'>mutuas.</span> 
     </span>
    </p>

    <p class='ocr_par' dir='ltr' id='par_1_9' title="bbox 146 3871 1485 4445">
     <span class='ocr_line' id='line_1_49' title="bbox 207 3871 1483 3939; baseline -0.003 -10"><span class='ocrx_word' id='word_1_586' title='bbox 207 3879 351 3931; x_wconf 86' lang='lat' dir='ltr'>ilaestlinus</span> <span class='ocrx_word' id='word_1_587' title='bbox 370 3878 403 3927; x_wconf 88' lang='lat' dir='ltr'>ad</span> <span class='ocrx_word' id='word_1_588' title='bbox 420 3877 504 3926; x_wconf 88' lang='lat' dir='ltr'>literas</span> <span class='ocrx_word' id='word_1_589' title='bbox 522 3875 624 3939; x_wconf 88' lang='lat' dir='ltr'>Kepleri</span> <span class='ocrx_word' id='word_1_590' title='bbox 643 3871 681 3935; x_wconf 87' lang='lat' dir='ltr'>(d.</span> <span class='ocrx_word' id='word_1_591' title='bbox 700 3871 716 3922; x_wconf 79' lang='lat' dir='ltr'>b</span> <span class='ocrx_word' id='word_1_592' title='bbox 735 3874 796 3924; x_wconf 89' lang='lat' dir='ltr'>Dec.</span> <span class='ocrx_word' id='word_1_593' title='bbox 819 3871 901 3933; x_wconf 79' lang='grc'>1598,</span> <span class='ocrx_word' id='word_1_594' title='bbox 920 3891 943 3922; x_wconf 87' lang='grc' dir='ltr'>ι.</span> <span class='ocrx_word' id='word_1_595' title='bbox 962 3889 981 3924; x_wconf 89' lang='grc' dir='ltr'>ι.</span> <span class='ocrx_word' id='word_1_596' title='bbox 1001 3890 1024 3937; x_wconf 88' lang='lat' dir='ltr'>p.</span> <span class='ocrx_word' id='word_1_597' title='bbox 1045 3871 1105 3935; x_wconf 78' lang='lat'>39),</span> <span class='ocrx_word' id='word_1_598' title='bbox 1124 3873 1211 3938; x_wconf 91' lang='lat' dir='ltr'>quibus</span> <span class='ocrx_word' id='word_1_599' title='bbox 1230 3873 1399 3935; x_wconf 86' lang='lat' dir='ltr'>calamitates,</span> <span class='ocrx_word' id='word_1_600' title='bbox 1418 3889 1483 3939; x_wconf 87' lang='lat' dir='ltr'>quae</span> 
     </span>
     <span class='ocr_line' id='line_1_50' title="bbox 154 3944 1484 4016; baseline -0.004 -15"><span class='ocrx_word' id='word_1_601' title='bbox 154 3957 191 4000; x_wconf 80' lang='lat' dir='ltr'>itm</span> <span class='ocrx_word' id='word_1_602' title='bbox 206 3951 332 4016; x_wconf 75' lang='lat' dir='ltr'>Styriacm</span> <span class='ocrx_word' id='word_1_603' title='bbox 350 3947 453 3999; x_wconf 89' lang='lat' dir='ltr'>Lutheri</span> <span class='ocrx_word' id='word_1_604' title='bbox 471 3947 529 3996; x_wconf 86' lang='lat' dir='ltr'>fidei</span> <span class='ocrx_word' id='word_1_605' title='bbox 547 3945 657 3996; x_wconf 85' lang='lat' dir='ltr'>addictos</span> <span class='ocrx_word' id='word_1_606' title='bbox 677 3946 773 4011; x_wconf 88' lang='lat' dir='ltr'>agitare</span> <span class='ocrx_word' id='word_1_607' title='bbox 790 3946 943 4011; x_wconf 88' lang='lat' dir='ltr'>inceperunt,</span> <span class='ocrx_word' id='word_1_608' title='bbox 962 3947 1055 4003; x_wconf 80' lang='lat' dir='ltr'>refert,</span> <span class='ocrx_word' id='word_1_609' title='bbox 1074 3945 1112 3994; x_wconf 90' lang='lat' dir='ltr'>his</span> <span class='ocrx_word' id='word_1_610' title='bbox 1130 3944 1273 4008; x_wconf 88' lang='lat' dir='ltr'>respondit:</span> <span class='ocrx_word' id='word_1_611' title='bbox 1301 3947 1400 3995; x_wconf 77' lang='lat' dir='ltr'>Annum</span> <span class='ocrx_word' id='word_1_612' title='bbox 1418 3946 1484 3996; x_wconf 89' lang='lat' dir='ltr'>huuc</span> 
     </span>
     <span class='ocr_line' id='line_1_51' title="bbox 152 4016 1485 4086; baseline -0.003 -13"><span class='ocrx_word' id='word_1_613' title='bbox 152 4018 205 4072; x_wconf 80' lang='lat' dir='ltr'>Dens</span> <span class='ocrx_word' id='word_1_614' title='bbox 221 4022 289 4073; x_wconf 69' lang='lat' dir='ltr'>Odi.</span> <span class='ocrx_word' id='word_1_615' title='bbox 308 4024 428 4086; x_wconf 90' lang='lat' dir='ltr'>largiatur</span> <span class='ocrx_word' id='word_1_616' title='bbox 446 4019 515 4068; x_wconf 89' lang='lat' dir='ltr'>nobis</span> <span class='ocrx_word' id='word_1_617' title='bbox 533 4017 629 4067; x_wconf 90' lang='lat' dir='ltr'>ielicem</span> <span class='ocrx_word' id='word_1_618' title='bbox 647 4024 674 4066; x_wconf 88' lang='lat' dir='ltr'>et</span> <span class='ocrx_word' id='word_1_619' title='bbox 691 4032 844 4081; x_wconf 89' lang='lat' dir='ltr'>prosperum,</span> <span class='ocrx_word' id='word_1_620' title='bbox 871 4032 918 4082; x_wconf 89' lang='lat' dir='ltr'>quo</span> <span class='ocrx_word' id='word_1_621' title='bbox 941 4031 985 4067; x_wconf 89' lang='lat' dir='ltr'>uos</span> <span class='ocrx_word' id='word_1_622' title='bbox 1009 4018 1041 4067; x_wconf 92' lang='lat' dir='ltr'>ab</span> <span class='ocrx_word' id='word_1_623' title='bbox 1058 4016 1243 4067; x_wconf 87' lang='lat' dir='ltr'>imminentibus</span> <span class='ocrx_word' id='word_1_624' title='bbox 1260 4016 1331 4070; x_wconf 85' lang='lat' dir='ltr'>malis</span> <span class='ocrx_word' id='word_1_625' title='bbox 1350 4017 1485 4069; x_wconf 86' lang='lat' dir='ltr'>clementer</span> 
     </span>
     <span class='ocr_line' id='line_1_52' title="bbox 152 4087 1482 4158; baseline -0.004 -13"><span class='ocrx_word' id='word_1_626' title='bbox 152 4096 265 4145; x_wconf 65' lang='lat' dir='ltr'>mdiat.</span> <span class='ocrx_word' id='word_1_627' title='bbox 304 4093 345 4143; x_wconf 87' lang='lat' dir='ltr'>Da</span> <span class='ocrx_word' id='word_1_628' title='bbox 363 4093 446 4158; x_wconf 88' lang='lat' dir='ltr'>gratia</span> <span class='ocrx_word' id='word_1_629' title='bbox 461 4091 539 4154; x_wconf 88' lang='lat' dir='ltr'>ipsius</span> <span class='ocrx_word' id='word_1_630' title='bbox 557 4103 640 4138; x_wconf 88' lang='lat' dir='ltr'>sumus</span> <span class='ocrx_word' id='word_1_631' title='bbox 657 4089 755 4153; x_wconf 87' lang='lat' dir='ltr'>quidem</span> <span class='ocrx_word' id='word_1_632' title='bbox 774 4091 843 4146; x_wconf 90' lang='lat' dir='ltr'>certi,</span> <span class='ocrx_word' id='word_1_633' title='bbox 861 4089 905 4138; x_wconf 90' lang='lat' dir='ltr'>sed</span> <span class='ocrx_word' id='word_1_634' title='bbox 923 4088 1043 4154; x_wconf 90' lang='lat' dir='ltr'>quomodo</span> <span class='ocrx_word' id='word_1_635' title='bbox 1062 4103 1118 4138; x_wconf 86' lang='lat' dir='ltr'>eam</span> <span class='ocrx_word' id='word_1_636' title='bbox 1136 4088 1404 4152; x_wconf 60' lang='lat' dir='ltr'>dispensandorum.</span> <span class='ocrx_word' id='word_1_637' title='bbox 1430 4087 1482 4140; x_wconf 84' lang='lat' dir='ltr'>Ira·</span> 
     </span>
     <span class='ocr_line' id='line_1_53' title="bbox 150 4159 1482 4224; baseline -0.001 -12"><span class='ocrx_word' id='word_1_638' title='bbox 150 4172 189 4216; x_wconf 88' lang='lat' dir='ltr'>tou</span> <span class='ocrx_word' id='word_1_639' title='bbox 211 4168 276 4217; x_wconf 89' lang='lat' dir='ltr'>enirn</span> <span class='ocrx_word' id='word_1_640' title='bbox 303 4166 395 4214; x_wconf 83' lang='lat' dir='ltr'>mltum</span> <span class='ocrx_word' id='word_1_641' title='bbox 417 4162 486 4213; x_wconf 89' lang='lat' dir='ltr'>Deus</span> <span class='ocrx_word' id='word_1_642' title='bbox 511 4175 585 4224; x_wconf 89' lang='lat' dir='ltr'>saepe</span> <span class='ocrx_word' id='word_1_643' title='bbox 610 4160 721 4220; x_wconf 88' lang='lat' dir='ltr'>simulat,</span> <span class='ocrx_word' id='word_1_644' title='bbox 751 4167 776 4210; x_wconf 92' lang='lat' dir='ltr'>et</span> <span class='ocrx_word' id='word_1_645' title='bbox 800 4162 914 4224; x_wconf 86' lang='lat' dir='ltr'>ingentes</span> <span class='ocrx_word' id='word_1_646' title='bbox 939 4159 1094 4210; x_wconf 83' lang='lat' dir='ltr'>calamitates</span> <span class='ocrx_word' id='word_1_647' title='bbox 1112 4159 1181 4209; x_wconf 91' lang='lat' dir='ltr'>nobis</span> <span class='ocrx_word' id='word_1_648' title='bbox 1203 4160 1302 4222; x_wconf 76' lang='lat' dir='ltr'>objicit,</span> <span class='ocrx_word' id='word_1_649' title='bbox 1329 4166 1358 4209; x_wconf 90' lang='lat' dir='ltr'>at</span> <span class='ocrx_word' id='word_1_650' title='bbox 1376 4159 1482 4211; x_wconf 90' lang='lat' dir='ltr'>clemen·</span> 
     </span>
     <span class='ocr_line' id='line_1_54' title="bbox 148 4230 1483 4302; baseline -0.005 -14"><span class='ocrx_word' id='word_1_651' title='bbox 148 4239 240 4289; x_wconf 71' lang='lat' dir='ltr'>linimus</span> <span class='ocrx_word' id='word_1_652' title='bbox 258 4240 310 4302; x_wconf 92' lang='lat' dir='ltr'>ipse</span> <span class='ocrx_word' id='word_1_653' title='bbox 329 4245 401 4300; x_wconf 89' lang='lat' dir='ltr'>pater</span> <span class='ocrx_word' id='word_1_654' title='bbox 418 4235 522 4299; x_wconf 89' lang='lat' dir='ltr'>gloriose</span> <span class='ocrx_word' id='word_1_655' title='bbox 540 4246 584 4280; x_wconf 90' lang='lat' dir='ltr'>nos</span> <span class='ocrx_word' id='word_1_656' title='bbox 603 4231 660 4279; x_wconf 90' lang='lat' dir='ltr'>iude</span> <span class='ocrx_word' id='word_1_657' title='bbox 677 4231 774 4280; x_wconf 90' lang='lat' dir='ltr'>liberat.</span> <span class='ocrx_word' id='word_1_658' title='bbox 811 4230 893 4295; x_wconf 85' lang='lat' dir='ltr'>ipsum</span> <span class='ocrx_word' id='word_1_659' title='bbox 911 4246 969 4296; x_wconf 91' lang='lat' dir='ltr'>ergo</span> <span class='ocrx_word' id='word_1_660' title='bbox 988 4246 1096 4289; x_wconf 86' lang='lat' dir='ltr'>oremus,</span> <span class='ocrx_word' id='word_1_661' title='bbox 1122 4236 1151 4280; x_wconf 88' lang='lat' dir='ltr'>ut</span> <span class='ocrx_word' id='word_1_662' title='bbox 1174 4232 1195 4279; x_wconf 90' lang='lat' dir='ltr'>si</span> <span class='ocrx_word' id='word_1_663' title='bbox 1220 4231 1277 4296; x_wconf 88' lang='lat' dir='ltr'>qnid</span> <span class='ocrx_word' id='word_1_664' title='bbox 1301 4231 1396 4282; x_wconf 81' lang='lat' dir='ltr'>adversi</span> <span class='ocrx_word' id='word_1_665' title='bbox 1413 4232 1483 4282; x_wconf 87' lang='lat' dir='ltr'>nubis</span> 
     </span>
     <span class='ocr_line' id='line_1_55' title="bbox 147 4302 1483 4368; baseline -0.004 -10"><span class='ocrx_word' id='word_1_666' title='bbox 147 4308 263 4359; x_wconf 83' lang='lat' dir='ltr'>immittere</span> <span class='ocrx_word' id='word_1_667' title='bbox 281 4309 349 4363; x_wconf 88' lang='lat' dir='ltr'>relit,</span> <span class='ocrx_word' id='word_1_668' title='bbox 369 4308 453 4356; x_wconf 81' lang='lat' dir='ltr'>casio</span> <span class='ocrx_word' id='word_1_669' title='bbox 471 4304 584 4368; x_wconf 89' lang='lat' dir='ltr'>mitigare</span> <span class='ocrx_word' id='word_1_670' title='bbox 603 4303 725 4367; x_wconf 86' lang='lat' dir='ltr'>dignetur,</span> <span class='ocrx_word' id='word_1_671' title='bbox 744 4317 776 4352; x_wconf 88' lang='lat' dir='ltr'>ue</span> <span class='ocrx_word' id='word_1_672' title='bbox 798 4302 843 4351; x_wconf 88' lang='lat' dir='ltr'>sub</span> <span class='ocrx_word' id='word_1_673' title='bbox 866 4317 947 4352; x_wconf 86' lang='lat' dir='ltr'>eorum</span> <span class='ocrx_word' id='word_1_674' title='bbox 959 4302 1023 4352; x_wconf 91' lang='lat' dir='ltr'>mole</span> <span class='ocrx_word' id='word_1_675' title='bbox 1040 4302 1078 4352; x_wconf 84' lang='lat' dir='ltr'>rel</span> <span class='ocrx_word' id='word_1_676' title='bbox 1096 4303 1219 4368; x_wconf 76' lang='lat' dir='ltr'>gravitate</span> <span class='ocrx_word' id='word_1_677' title='bbox 1237 4304 1314 4366; x_wconf 85' lang='lat' dir='ltr'>pressi</span> <span class='ocrx_word' id='word_1_678' title='bbox 1332 4303 1370 4353; x_wconf 87' lang='lat' dir='ltr'>rel</span> <span class='ocrx_word' id='word_1_679' title='bbox 1389 4302 1483 4352; x_wconf 90' lang='lat' dir='ltr'>diutur-</span> 
     </span>
     <span class='ocr_line' id='line_1_56' title="bbox 146 4373 1274 4445; baseline -0.004 -18"><span class='ocrx_word' id='word_1_680' title='bbox 146 4382 212 4430; x_wconf 88' lang='lat' dir='ltr'>nitate</span> <span class='ocrx_word' id='word_1_681' title='bbox 230 4380 362 4445; x_wconf 78' lang='lat' dir='ltr'>defatigati</span> <span class='ocrx_word' id='word_1_682' title='bbox 381 4377 578 4432; x_wconf 87' lang='lat' dir='ltr'>succumbamus,</span> <span class='ocrx_word' id='word_1_683' title='bbox 597 4375 641 4423; x_wconf 85' lang='lat' dir='ltr'>sed</span> <span class='ocrx_word' id='word_1_684' title='bbox 659 4373 691 4422; x_wconf 88' lang='lat' dir='ltr'>ad</span> <span class='ocrx_word' id='word_1_685' title='bbox 709 4374 806 4424; x_wconf 79' lang='lat' dir='ltr'>felicem</span> <span class='ocrx_word' id='word_1_686' title='bbox 824 4382 939 4424; x_wconf 79' lang='lat' dir='ltr'>eventum</span> <span class='ocrx_word' id='word_1_687' title='bbox 958 4374 1045 4424; x_wconf 89' lang='lat' dir='ltr'>eadem</span> <span class='ocrx_word' id='word_1_688' title='bbox 1064 4374 1129 4424; x_wconf 87' lang='lat' dir='ltr'>brari</span> <span class='ocrx_word' id='word_1_689' title='bbox 1146 4373 1274 4436; x_wconf 79' lang='lat' dir='ltr'>perducat</span> 
     </span>
    </p>

    <p class='ocr_par' dir='ltr' id='par_1_10' title="bbox 144 4441 1482 4659">
     <span class='ocr_line' id='line_1_57' title="bbox 206 4441 1482 4511; baseline -0.005 -10"><span class='ocrx_word' id='word_1_690' title='bbox 206 4451 302 4502; x_wconf 89' lang='lat' dir='ltr'>Literas</span> <span class='ocrx_word' id='word_1_691' title='bbox 320 4460 377 4501; x_wconf 86' lang='lat' dir='ltr'>tuas</span> <span class='ocrx_word' id='word_1_692' title='bbox 394 4449 455 4503; x_wconf 89' lang='lat' dir='ltr'>heri,</span> <span class='ocrx_word' id='word_1_693' title='bbox 473 4454 601 4511; x_wconf 87' lang='lat' dir='ltr'>postquam</span> <span class='ocrx_word' id='word_1_694' title='bbox 613 4445 705 4508; x_wconf 84' lang='lat' dir='ltr'>vesperi</span> <span class='ocrx_word' id='word_1_695' title='bbox 721 4460 751 4495; x_wconf 83' lang='lat' dir='ltr'>ea</span> <span class='ocrx_word' id='word_1_696' title='bbox 765 4445 867 4511; x_wconf 90' lang='lat' dir='ltr'>collegio</span> <span class='ocrx_word' id='word_1_697' title='bbox 880 4460 990 4495; x_wconf 81' lang='lat' dir='ltr'>reversus</span> <span class='ocrx_word' id='word_1_698' title='bbox 1004 4460 1066 4501; x_wconf 91' lang='lat' dir='ltr'>sum,</span> <span class='ocrx_word' id='word_1_699' title='bbox 1086 4446 1179 4509; x_wconf 79' lang='lat' dir='ltr'>accepi</span> <span class='ocrx_word' id='word_1_700' title='bbox 1207 4444 1236 4495; x_wconf 89' lang='grc' dir='ltr'>Ιιι</span> <span class='ocrx_word' id='word_1_701' title='bbox 1254 4444 1304 4495; x_wconf 84' lang='lat' dir='ltr'>line</span> <span class='ocrx_word' id='word_1_702' title='bbox 1322 4458 1407 4495; x_wconf 85' lang='lat' dir='ltr'>aarum</span> <span class='ocrx_word' id='word_1_703' title='bbox 1427 4441 1482 4506; x_wconf 86' lang='lat' dir='ltr'>(eas</span> 
     </span>
     <span class='ocr_line' id='line_1_58' title="bbox 144 4513 1482 4588; baseline -0.005 -15"><span class='ocrx_word' id='word_1_704' title='bbox 144 4531 232 4587; x_wconf 78' lang='lat' dir='ltr'>propter</span> <span class='ocrx_word' id='word_1_705' title='bbox 253 4525 355 4588; x_wconf 87' lang='lat' dir='ltr'>negotia</span> <span class='ocrx_word' id='word_1_706' title='bbox 379 4536 428 4573; x_wconf 87' lang='lat' dir='ltr'>uou</span> <span class='ocrx_word' id='word_1_707' title='bbox 451 4519 579 4570; x_wconf 78' lang='lat' dir='ltr'>coelestim</span> <span class='ocrx_word' id='word_1_708' title='bbox 599 4515 725 4581; x_wconf 87' lang='lat' dir='ltr'>perlegere</span> <span class='ocrx_word' id='word_1_709' title='bbox 746 4523 771 4565; x_wconf 90' lang='grc' dir='ltr'>οι</span> <span class='ocrx_word' id='word_1_710' title='bbox 793 4516 917 4566; x_wconf 84' lang='lat' dir='ltr'>absolvere</span> <span class='ocrx_word' id='word_1_711' title='bbox 938 4513 1019 4581; x_wconf 85' lang='lat' dir='ltr'>potui)</span> <span class='ocrx_word' id='word_1_712' title='bbox 1040 4519 1151 4574; x_wconf 83' lang='lat' dir='ltr'>invenio,</span> <span class='ocrx_word' id='word_1_713' title='bbox 1175 4517 1239 4581; x_wconf 91' lang='lat' dir='ltr'>quod</span> <span class='ocrx_word' id='word_1_714' title='bbox 1257 4516 1385 4566; x_wconf 85' lang='lat' dir='ltr'>consilium</span> <span class='ocrx_word' id='word_1_715' title='bbox 1400 4530 1482 4566; x_wconf 88' lang='lat' dir='ltr'>rerum</span> 
     </span>
     <span class='ocr_line' id='line_1_59' title="bbox 144 4586 1481 4659; baseline -0.007 -14"><span class='ocrx_word' id='word_1_716' title='bbox 144 4598 230 4644; x_wconf 68' lang='lat' dir='ltr'>uarum</span> <span class='ocrx_word' id='word_1_717' title='bbox 249 4610 265 4645; x_wconf 91' lang='lat' dir='ltr'>a</span> <span class='ocrx_word' id='word_1_718' title='bbox 282 4595 384 4659; x_wconf 86' lang='lat' dir='ltr'>collegio</span> <span class='ocrx_word' id='word_1_719' title='bbox 403 4597 484 4642; x_wconf 89' lang='lat' dir='ltr'>nostro</span> <span class='ocrx_word' id='word_1_720' title='bbox 503 4596 529 4639; x_wconf 85' lang='lat' dir='ltr'>et</span> <span class='ocrx_word' id='word_1_721' title='bbox 546 4588 654 4653; x_wconf 90' lang='lat' dir='ltr'>inprimis</span> <span class='ocrx_word' id='word_1_722' title='bbox 673 4602 689 4636; x_wconf 91' lang='lat' dir='ltr'>a</span> <span class='ocrx_word' id='word_1_723' title='bbox 707 4587 738 4636; x_wconf 85' lang='grc' dir='ltr'>Ι).</span> <span class='ocrx_word' id='word_1_724' title='bbox 754 4586 925 4637; x_wconf 78' lang='lat' dir='ltr'>Halenreffero</span> <span class='ocrx_word' id='word_1_725' title='bbox 946 4590 1018 4652; x_wconf 87' lang='lat' dir='ltr'>petis.</span> <span class='ocrx_word' id='word_1_726' title='bbox 1048 4586 1130 4649; x_wconf 86' lang='lat' dir='ltr'>Quam</span> <span class='ocrx_word' id='word_1_727' title='bbox 1147 4588 1291 4652; x_wconf 90' lang='lat' dir='ltr'>petitionem</span> <span class='ocrx_word' id='word_1_728' title='bbox 1308 4587 1381 4637; x_wconf 90' lang='lat' dir='ltr'>hodie</span> <span class='ocrx_word' id='word_1_729' title='bbox 1399 4601 1481 4645; x_wconf 85' lang='lat' dir='ltr'>mana,</span> 
     </span>
    </p>
   </div>
   <div class='ocr_carea' id='block_1_6' title="bbox 144 4657 1582 4726">
    <p class='ocr_par' dir='ltr' id='par_1_11' title="bbox 144 4657 1582 4726">
     <span class='ocr_line' id='line_1_60' title="bbox 144 4657 1582 4726; baseline -0.006 -9"><span class='ocrx_word' id='word_1_730' title='bbox 144 4677 191 4715; x_wconf 77' lang='lat' dir='ltr'>eum</span> <span class='ocrx_word' id='word_1_731' title='bbox 202 4667 333 4716; x_wconf 86' lang='lat' dir='ltr'>haberetur</span> <span class='ocrx_word' id='word_1_732' title='bbox 345 4670 455 4719; x_wconf 86' lang='lat' dir='ltr'>senatus,</span> <span class='ocrx_word' id='word_1_733' title='bbox 475 4674 609 4726; x_wconf 91' lang='lat' dir='ltr'>proponere</span> <span class='ocrx_word' id='word_1_734' title='bbox 626 4660 657 4708; x_wconf 90' lang='lat' dir='ltr'>ils</span> <span class='ocrx_word' id='word_1_735' title='bbox 675 4659 749 4717; x_wconf 88' lang='lat' dir='ltr'>rolui,</span> <span class='ocrx_word' id='word_1_736' title='bbox 768 4659 812 4709; x_wconf 92' lang='lat' dir='ltr'>sed</span> <span class='ocrx_word' id='word_1_737' title='bbox 824 4659 932 4723; x_wconf 90' lang='lat' dir='ltr'>pluribus</span> <span class='ocrx_word' id='word_1_738' title='bbox 945 4660 1098 4709; x_wconf 89' lang='lat' dir='ltr'>obstantibus</span> <span class='ocrx_word' id='word_1_739' title='bbox 1110 4659 1311 4722; x_wconf 88' lang='lat' dir='ltr'>occupationibus</span> <span class='ocrx_word' id='word_1_740' title='bbox 1328 4657 1388 4708; x_wconf 87' lang='lat' dir='ltr'>nihil</span> <span class='ocrx_word' id='word_1_741' title='bbox 1407 4672 1481 4724; x_wconf 85' lang='lat' dir='ltr'>agere</span> <span class='ocrx_word' id='word_1_742' title='bbox 1579 4658 1582 4666; x_wconf 91' lang='lat'>&#39;</span> 
     </span>
    </p>
   </div>
   <div class='ocr_carea' id='block_1_7' title="bbox 141 4730 1482 4876">
    <p class='ocr_par' dir='ltr' id='par_1_12' title="bbox 141 4730 1482 4876">
     <span class='ocr_line' id='line_1_61' title="bbox 143 4730 1482 4800; baseline -0.004 -14"><span class='ocrx_word' id='word_1_743' title='bbox 143 4740 211 4797; x_wconf 82' lang='lat' dir='ltr'>potui.</span> <span class='ocrx_word' id='word_1_744' title='bbox 246 4735 391 4788; x_wconf 79' lang='lat' dir='ltr'>Differauda</span> <span class='ocrx_word' id='word_1_745' title='bbox 408 4736 483 4800; x_wconf 88' lang='lat' dir='ltr'>igitur</span> <span class='ocrx_word' id='word_1_746' title='bbox 501 4733 559 4783; x_wconf 87' lang='lat' dir='ltr'>mihi</span> <span class='ocrx_word' id='word_1_747' title='bbox 577 4732 625 4782; x_wconf 83' lang='lat' dir='ltr'>luit</span> <span class='ocrx_word' id='word_1_748' title='bbox 641 4730 767 4781; x_wconf 86' lang='lat' dir='ltr'>literarum</span> <span class='ocrx_word' id='word_1_749' title='bbox 784 4731 929 4782; x_wconf 87' lang='lat' dir='ltr'>monstratio</span> <span class='ocrx_word' id='word_1_750' title='bbox 947 4745 1024 4797; x_wconf 89' lang='lat' dir='ltr'>usque</span> <span class='ocrx_word' id='word_1_751' title='bbox 1041 4737 1098 4794; x_wconf 88' lang='lat' dir='ltr'>post</span> <span class='ocrx_word' id='word_1_752' title='bbox 1115 4730 1249 4788; x_wconf 82' lang='lat' dir='ltr'>meridiem,</span> <span class='ocrx_word' id='word_1_753' title='bbox 1267 4730 1386 4796; x_wconf 90' lang='lat' dir='ltr'>siquidem</span> <span class='ocrx_word' id='word_1_754' title='bbox 1405 4733 1482 4780; x_wconf 74' lang='lat' dir='ltr'>auam</span> 
     </span>
     <span class='ocr_line' id='line_1_62' title="bbox 141 4800 1481 4876; baseline -0.003 -19"><span class='ocrx_word' id='word_1_755' title='bbox 141 4806 179 4866; x_wconf 87' lang='lat' dir='ltr'>iis,</span> <span class='ocrx_word' id='word_1_756' title='bbox 196 4809 337 4876; x_wconf 80' lang='lat' dir='ltr'>quibuscum</span> <span class='ocrx_word' id='word_1_757' title='bbox 353 4815 409 4858; x_wconf 88' lang='lat' dir='ltr'>tum</span> <span class='ocrx_word' id='word_1_758' title='bbox 426 4805 596 4862; x_wconf 78' lang='lat' dir='ltr'>conferebam,</span> <span class='ocrx_word' id='word_1_759' title='bbox 615 4802 755 4864; x_wconf 81' lang='lat' dir='ltr'>ridebatur,</span> <span class='ocrx_word' id='word_1_760' title='bbox 775 4803 930 4861; x_wconf 66' lang='lat' dir='ltr'>tabellum</span> <span class='ocrx_word' id='word_1_761' title='bbox 946 4817 1043 4869; x_wconf 87' lang='lat' dir='ltr'>qaoque</span> <span class='ocrx_word' id='word_1_762' title='bbox 1060 4802 1160 4855; x_wconf 86' lang='lat' dir='ltr'>dimidio</span> <span class='ocrx_word' id='word_1_763' title='bbox 1181 4800 1229 4855; x_wconf 86' lang='lat' dir='ltr'>hoo</span> <span class='ocrx_word' id='word_1_764' title='bbox 1247 4801 1302 4862; x_wconf 84' lang='lat' dir='ltr'>dle,</span> <span class='ocrx_word' id='word_1_765' title='bbox 1324 4801 1391 4854; x_wconf 86' lang='lat' dir='ltr'>nitra</span> <span class='ocrx_word' id='word_1_766' title='bbox 1405 4814 1481 4871; x_wconf 81' lang='lat' dir='ltr'>quam</span> 
     </span>
    </p>
   </div>
   <div class='ocr_carea' id='block_1_8' title="bbox 0 0 1644 5542">
    <p class='ocr_par' dir='ltr' id='par_1_13' title="bbox 0 0 1644 5542">
     <span class='ocr_line' id='line_1_63' title="bbox 0 0 1644 5542; baseline 0 1"><span class='ocrx_word' id='word_1_767' title='bbox 0 0 1644 5542; x_wconf 95' lang='lat' dir='ltr'> </span> 
     </span>
    </p>
   </div>
  </div>
 </body>
</html>
