3278 5542
662 363 784 415 assu
801 364 963 429 hartheu
1427 361 1491 427 383

127 520 232 593 litate,
258 533 352 580 eausa
374 517 455 580 acuti
478 527 511 579 et
534 518 646 597 gravis,
671 520 770 599 sitque
793 520 889 581 omnis
911 520 1048 591 ἰσοτονος
1071 529 1103 582 et
1125 522 1250 601 speciali
1266 521 1382 582 nomine
1402 526 1494 600 odey-

123 630 194 689 mr
219 608 358 669 incaelo
382 616 488 669 contra
510 625 614 669 omnes
638 608 719 682 soni,
744 608 907 687 (siquidem
931 610 1099 671 existerent
1120 610 1200 683 soni)
1226 608 1491 682 sustineamur,

128 706 167 761 ut
189 696 222 760 ia
244 695 386 758 continuo
417 695 592 757 intentionis
626 703 658 757 et
689 696 873 759 remissionis
901 706 988 771 actu,
1024 717 1060 759 ae
1091 698 1116 759 si
1148 698 1213 778 quis
1229 698 1378 759 chordam
1402 699 1491 760 simul

118 787 285 868 pulsaret,
318 783 407 847 simul
434 784 605 846 intenderet
628 791 660 845 et
682 785 860 848 remitteret.
907 786 1054 847 Planetae
1078 787 1157 849 enim
1185 786 1312 865 apogaei
1335 797 1492 850 moventur

119 874 273 949 remisse,
307 873 335 934 in
359 873 502 952 perigaeo
527 873 692 934 incitatius.
738 874 846 954 Itaque
870 874 998 954 apogaei
1021 893 1145 953 gravem
1175 875 1352 936 exhiberent
1374 893 1488 950 sonum,

118 962 267 1044 parigaei
290 969 420 1024 acutum.
466 961 515 1023 Ac
538 962 598 1023 etsi
621 962 708 1039 hujus
733 962 879 1024 acuminis
902 971 935 1024 et
948 964 1119 1040 gravitatis,
1144 963 1333 1036 intensionis,
1358 964 1490 1042 inquam,

118 1058 166 1115 et
185 1049 372 1114 remissionis
395 1069 536 1111 mensura
557 1050 705 1129 reperitur
727 1050 864 1131 proxime
887 1051 917 1112 in
941 1051 1088 1113 distantia
1110 1053 1251 1132 planetae
1275 1071 1294 1111 a
1317 1058 1431 1124 centro,
1456 1062 1490 1113 nt

123 1141 162 1205 ier
188 1141 294 1203 Marte
321 1138 461 1218 probavi,
496 1146 597 1201 tamen
627 1138 704 1201 ratio
733 1140 815 1201 fallit
843 1138 872 1200 in
902 1141 1125 1219 comparatione
1156 1142 1280 1203 duorum
1303 1140 1490 1219 planetarum

122 1229 211 1294 later
233 1247 284 1302 se;
308 1246 366 1289 non
389 1227 469 1289 enim
492 1236 527 1289 ut
549 1228 700 1298 diametri,
725 1229 769 1291 sic
792 1236 900 1303 motus,
926 1248 1019 1291 causa
1041 1229 1217 1291 intensionis
1242 1237 1274 1291 et
1293 1229 1488 1291 remissionis.

124 1317 278 1382 Deiectus
300 1323 388 1396 patet
411 1335 448 1377 ex
469 1316 617 1398 Mysterio
644 1313 910 1396 cnsmographico.
958 1318 1068 1379 Altera
1090 1337 1192 1392 causa,
1217 1338 1269 1380 cur
1292 1337 1357 1379 com
1373 1318 1489 1398 Pytha-

123 1405 252 1489 goraeis
284 1411 317 1466 et
338 1403 436 1467 Plinio
469 1412 549 1467 erret
571 1404 783 1481 Reinhardus,
817 1425 855 1467 ex
888 1406 969 1468 sonis
1002 1407 1124 1469 musicis
1157 1409 1290 1469 fonnans
1326 1406 1490 1468 diametros
1560 1433 1563 1439 ·

124 1496 341 1578 planetamm,
379 1500 428 1555 est
459 1493 551 1567 haec,
591 1495 668 1572 quod
701 1494 840 1556 diametri
874 1494 1083 1574 intelliguntur
1116 1495 1309 1574 sphaerarum
1338 1495 1488 1569 diametri,

127 1585 264 1665 sphaera
287 1599 357 1645 vero
381 1581 429 1643 rel
453 1600 560 1660 corpus
584 1591 632 1643 est
655 1583 817 1645 secundum
841 1583 992 1665 physicos,
1016 1584 1065 1644 vel
1089 1585 1171 1646 locus
1196 1584 1376 1657 solidus„in
1400 1603 1488 1664 quern

128 1675 258 1755 planeta
281 1690 422 1733 successu
446 1672 614 1733 seculorum
637 1672 747 1733 venire·
762 1679 873 1752 potest.
920 1672 1069 1734 Dia'metri
1089 1672 1180 1751 igitur
1198 1672 1393 1751 sphaerarum
1412 1692 1488 1734 nan-

125 1763 285 1827 ciscuntur
308 1759 518 1840 proportiones
542 1778 613 1821 suas
637 1779 674 1820 ex
697 1761 800 1840 figuris
824 1760 944 1834 solidis,
973 1769 1007 1822 ut
1034 1759 1152 1823 ostendi
1181 1761 1210 1822 in
1234 1761 1381 1842 Mysterio
1406 1759 1487 1823 Cos-

125 1850 334 1930 mographicn.
382 1845 498 1910 Contra
521 1867 612 1910 sonus
636 1857 685 1910 est
707 1858 821 1923 motus3
845 1851 940 1911 omnis
964 1868 1035 1911 vero
1059 1857 1159 1910 motus
1183 1849 1212 1911 in
1233 1849 1326 1911 linea:
1353 1859 1486 1911 motuum

125 1940 223 2020 igitur
246 1938 398 2017 proportio
423 1937 647 1998 convenientius
672 1938 827 2017 quaeritur
850 1958 886 1999 ex
910 1938 1013 2017 figuris
1037 1939 1228 2017 geometricis
1251 1939 1363 2016 planis,
1390 1939 1487 2001 circu-

125 2029 190 2091 lum
216 2029 329 2097 (motus
353 2026 495 2088 coelestis
515 2027 640 2099 lineam)
666 2026 879 2089 diuidentibus.
927 2028 969 2089 Ut
992 2027 1068 2087 enim
1093 2046 1126 2087 se
1150 2028 1243 2087 habet
1259 2027 1337 2088 linea
1361 2028 1399 2087 ad
1419 2046 1488 2088 cor-

124 2135 185 2198 pus
212 2116 348 2188 solidum,
374 2113 418 2175 sie
443 2134 475 2175 se
500 2114 593 2176 habet
616 2116 835 2192 quodammodo
859 2127 958 2176 motus
982 2116 1021 2175 ad
1045 2134 1152 2193 corpus
1177 2116 1343 2196 physicum.

224 2207 270 2265 De
306 2203 498 2278 „enarmonio
522 2203 707 2264 chromatico
732 2213 763 2264 et
787 2205 960 2264 diatonico“
995 2222 1084 2282 quum
1108 2222 1211 2281 parum
1237 2204 1324 2265 hodie
1349 2204 1488 2276 sciamus,

125 2312 186 2356 nee
212 2293 304 2354 ullum
329 2292 497 2371 exemplum
520 2291 668 2352 melodiae
693 2299 787 2368 extet,
812 2312 849 2352 ex
874 2311 930 2371 qno
955 2292 1115 2354 discrimen
1140 2292 1244 2354 horum
1269 2311 1411 2372 generum
1431 2313 1488 2373 ap-

124 2389 247 2464 pareat,
274 2381 388 2441 lmstra
410 2400 465 2441 nos
489 2381 593 2459 opinor
614 2381 761 2442 desudare
786 2381 1058 2460 comparationibus
1083 2400 1137 2460 per
1159 2400 1197 2441 ea
1219 2381 1424 2443 instituendis.

148 2486 152 2491 ·
219 2470 267 2532 De
290 2470 413 2531 vocibus
437 2476 501 2544 ‚,ut,
524 2487 567 2543 re,
593 2469 641 2543 mi,
668 2469 709 2543 fa,
733 2472 788 2545 sol,
816 2470 865 2530 la“
890 2470 996 2531 eadem
1020 2469 1058 2529 ad
1075 2467 1241 2532 Calvisium
1266 2470 1382 2550 scripsi,
1409 2488 1485 2549 quae

125 2556 178 2623 hie
209 2558 328 2640 quaerit
356 2557 562 2620 Reinhardus:
601 2557 720 2619 scilicet
751 2557 864 2619 aboleri
895 2576 1003 2637 posse,
1039 2566 1071 2619 et
1093 2558 1157 2636 jarn
1190 2560 1227 2620 de
1251 2560 1332 2620 facto
1356 2557 1487 2619 abolitas

126 2666 201 2711 esse
227 2646 245 2708 7
270 2646 385 2709 literis:
411 2668 439 2720 a,
463 2647 491 2718 b,
517 2667 543 2715 c,
568 2647 597 2719 d,
623 2666 647 2720 e,
675 2648 695 2718 f,
720 2649 772 2726 g,“
796 2647 822 2708 si
846 2647 933 2708 modo
957 2646 1023 2727 quis
1048 2656 1206 2709 assuescat
1230 2647 1411 2710 nominibus:
1436 2667 1487 2721 ,‚a,

126 2737 177 2814 be,
204 2755 249 2810 ce,
275 2736 321 2810 de,
347 2755 373 2809 e,
398 2737 437 2808 ef,
463 2735 535 2814 ge.“

220 2822 485 2905 Comparationem
507 2824 585 2884 hanc
610 2823 804 2902 sphaerarum
828 2842 895 2884 cum
920 2822 1002 2884 sonis
1025 2821 1147 2884 musicis
1169 2823 1405 2885 Ptolemaeus
1430 2824 1487 2884 tri-

125 2914 185 2977 bas
209 2912 324 2975 ultimis
347 2912 496 2993 capitibus
522 2911 588 2973 libri
613 2912 696 2973 tertii
718 2911 965 2972 Harmonices
990 2911 1147 2991 complecti
1172 2911 1280 2986 voluit,
1306 2912 1360 2973 sed
1383 2912 1486 2972 titulos

126 3003 342 3066 tantummodo
366 3002 517 3082 capitibus
540 3001 688 3080 praefixit.
735 3001 865 3062 Textum
892 2999 1046 3078 Gregoras
1070 3001 1201 3073 addidit,
1227 3002 1280 3061 sed
1305 3001 1432 3061 alienum
1456 3009 1488 3060 et

126 3091 383 3171 impertinentem,
408 3098 442 3151 ut
465 3090 654 3150 demonstrat
668 3088 851 3150 Baarlamus
875 3090 1048 3164 monachus,
1073 3108 1160 3170 quem
1176 3089 1262 3150 verti.
1300 3089 1487 3150 Difficultate

126 3181 276 3244 materiae
301 3179 454 3241 absterriti
478 3178 618 3258 progredi
642 3196 700 3238 non
724 3186 896 3256 potuerunt.
935 3179 970 3239 ln
996 3176 1202 3257 Copernico
1226 3187 1296 3240 sunt
1319 3176 1417 3240 omnia
1432 3196 1487 3237 ex-

124 3269 289 3352 peditiora.
336 3269 371 3329 ln
396 3269 470 3330 libro
495 3267 536 3327 de
561 3267 689 3330 Stella
721 3286 786 3346 cap.
815 3262 864 3328 16.
898 3267 1031 3328 invenies
1064 3287 1170 3329 crassa
1192 3267 1331 3329 Minerva
1360 3284 1488 3346 propor-

125 3360 228 3422 tiones
252 3357 419 3420 celeritatis
447 3357 637 3437 planetarum
671 3356 699 3416 in
729 3356 927 3417 mediocribus
957 3356 1020 3416 suis
1054 3357 1208 3417 distantiis
1237 3378 1256 3417 a
1279 3355 1361 3418 Sole.
1408 3356 1488 3417 Nam

124 3444 202 3527 pin
227 3467 287 3508 una
317 3447 391 3507 hora
414 3445 546 3507 absolvit
573 3445 714 3506 milliaria
737 3440 821 3518 300,
855 3440 991 3518 ulto,
1026 3441 1159 3519 (5600,
1195 3442 1327 3519 6726,
1363 3441 1488 3516 9800,

125 3539 148 3617 d
177 3534 270 3599 1000.
318 3537 414 3615 Igitur
436 3535 492 3595 hoc
515 3541 607 3614 pacto
630 3533 710 3595 inter
732 3529 752 3610 b
777 3542 808 3595 et
831 3531 859 3607 ii
884 3541 933 3594 est
956 3541 1162 3612 trarecoapov
1185 3534 1339 3613 (quarta),
1364 3529 1384 3610 h
1409 3541 1441 3593 et
1464 3541 1489 3601 (ς

124 3624 284 3690 maome
318 3626 477 3698 (octava),
511 3618 588 3697 liet
612 3625 637 3698 6
662 3628 800 3699 deceptore
827 3622 928 3684 mollis
963 3632 995 3685 et
1022 3629 1174 3684 decauoros
1206 3622 1312 3694 (tertia
1335 3621 1433 3682 mollis
1458 3633 1489 3680 et

125 3717 265 3788 octava),
289 3711 310 3791 ii
334 3723 366 3774 et
389 3712 415 3786 Q
440 3712 609 3790 composita
632 3731 669 3772 ex
693 3721 781 3772 sexta
800 3712 875 3772 dura
899 3721 1042 3774 etsexta
1066 3712 1156 3783 molli,
1181 3707 1201 3788 b
1226 3718 1257 3771 et
1277 3712 1298 3786 d
1321 3708 1488 3787 composita

124 3822 166 3868 ex
190 3812 279 3866 sexta
303 3805 377 3865 dura
399 3811 432 3863 et
455 3809 617 3874 taraces,
640 3800 756 3874 liet&
775 3807 908 3862 tranans
933 3800 1080 3881 (quinta),
1104 3800 1134 3874 ‘ll
1150 3810 1182 3861 et
1197 3798 1415 3876 δ’ἀναρμοςος
1438 3790 1485 3877 0,,

126 3913 187 3958 non
212 3900 313 3953 tamen
338 3890 459 3968 ἀμιλης,
485 3897 533 3950 est
557 3890 634 3951 enim
659 3898 747 3950 sexta
773 3890 872 3951 mollis
897 3900 927 3949 et
951 3898 1039 3950 tonus
1065 3891 1169 3968 major,
1194 3887 1486 3963 llethrarreoora,

125 3984 158 4058 ‘ll
176 3989 211 4043 et
228 3983 250 4059 Q
272 3986 409 4059 deceptor
432 3980 507 4040 dura
530 3987 563 4041 et
585 3983 747 4053 dranceos,
771 3987 842 4048 det
858 3981 883 4053 6
899 3983 1036 4058 diasprum

125 4070 242 4145 mollis,
277 4068 407 4142 deti?
436 4075 646 4146 dmraaaeporr,
682 4076 763 4136 det
787 4069 808 4144 ζξ
836 4066 867 4128 δι’
893 4062 925 4139 ἐξ
949 4068 1031 4141 dora,
1103 4108 1111 4116 -
1289 4072 1429 4153 Ξ

127 4163 154 4238 6
178 4168 213 4221 et
237 4158 262 4233 9
287 4170 376 4220 tonus
399 4157 495 4219 minor
522 4151 597 4238 ⁹l„„
624 4159 649 4232 6
673 4165 706 4217 et
729 4160 750 4233 d
774 4162 979 4234 draaeneaporr
1002 4165 1033 4217 et
1094 4158 1428 4222 :Q--n-

127 4248 237 4322 diesis,
270 4247 298 4309 h.
323 4267 349 4310 e.
382 4239 467 4327 ¹⁸l25,
501 4245 627 4324 denique
652 4245 731 4306 inter
755 4245 780 4318 Q
805 4252 836 4306 et
859 4247 881 4323 d
904 4254 951 4306 est
974 4250 1032 4306 δια.
1105 4319 1183 4328 “-

127 4359 217 4419 epaon
240 4337 324 4398 dura.
371 4337 491 4408 Mirum,
517 4334 619 4396 omnia
640 4333 800 4396 intervalla
824 4353 892 4395 esse
911 4332 1030 4410 ἑμμελη,
1050 4308 1459 4442 {Ei-{g

124 4446 195 4492 eum
220 4445 277 4487 non
296 4425 454 4504 cogitarim
479 4425 515 4485 de
540 4424 663 4497 musica,
689 4425 807 4502 qnando
831 4422 1029 4484 illosnume-
1431 4462 1433 4467 -

124 4535 179 4583 aaa
212 4514 389 4576 concinnavi
422 4514 451 4573 in
485 4513 559 4574 libro
593 4512 629 4573 de
663 4511 771 4574 Stella.
818 4512 883 4573 Nec
916 4511 1030 4573 mutavi

124 4604 308 4689 quicquam,
340 4603 399 4664 nisi
422 4600 568 4677 Telluris,
602 4600 652 4661 ubi
674 4620 728 4680 pro
753 4596 818 4663 740
847 4601 954 4679 scripsi
988 4597 1061 4663 720.
1107 4601 1213 4680 Neque
1241 4609 1340 4662 tamen
1370 4601 1487 4662 excessi

122 4693 241 4760 limites
269 4691 381 4772 aphelii
412 4691 561 4764 Telluris,
594 4690 623 4750 in
652 4708 709 4769 quo
738 4690 840 4751 Tellus
868 4690 961 4751 currit
991 4689 1088 4770 minus
1121 4708 1210 4770 quam
1239 4686 1304 4751 720
1333 4688 1484 4752 milliaria.

122 4783 260 4849 Uelitris
290 4781 370 4843 enim
393 4786 492 4841 motus
515 4779 555 4841 ab
577 4779 696 4857 aphelio
724 4779 754 4840 in
776 4777 952 4859 perihelium
980 4777 1145 4841 intenditur
1175 4779 1265 4857 paulo
1289 4778 1386 4841 minus
1410 4778 1486 4839 diesi

126 4866 224 4959 ”lm
247 4869 365 4935 scilicet
392 4863 476 4952 ²720.
523 4866 633 4930 Martis
656 4885 727 4931 vero
750 4874 851 4931 motos
871 4868 1010 4949 perlecta
1031 4873 1122 4930 sexta
1143 4866 1228 4930 molh
1246 4858 1280 4951 ⁵l,
1308 4866 1485 4931 intenditur.
