3278 5542
536 342 548 363 '
611 355 613 359 ·
647 361 978 430 cataplasmatum.
1422 363 1486 432 ⁴35

122 520 288 597 frumenti,
312 521 392 597 vini,
417 520 493 596 olei,
519 520 612 584 tritici
636 529 693 587 etc.
714 523 787 586 item
809 522 897 585 Jovis
924 523 954 584 in
983 525 1079 605 ligura
1101 523 1246 587 cardinali
1271 523 1486 604 dispositiones

120 608 294 673 'vanissima
316 610 432 673 somnia
456 617 534 673 sunt.
564 607 693 682 Quaeris
717 612 892 675 corvinum
915 612 972 675 hoc
996 632 1074 675 anno
1097 631 1155 675 non
1178 613 1373 693 provenerit?
1406 612 1487 685 Quia

121 696 256 781 nigidus
285 707 317 762 at
348 700 486 763 humidus
514 719 610 762 annus
634 699 700 766 fuit
747 701 807 772 Qui
830 700 886 763 boc
909 702 1079 782 praevidit,
1111 722 1149 765 ex
1181 703 1236 765 boc
1265 702 1330 765 solo
1358 711 1390 764 et
1412 703 1486 766 illud

121 787 243 875 babuit.
290 785 353 853 Cnr
375 808 496 852 annona
518 789 635 869 reliqua
656 789 742 852 dives
765 789 838 853 alibi
861 789 929 863 fuit,
951 791 1025 853 alibi
1047 790 1170 854 tenuis?
1208 789 1290 862 Quis
1311 809 1349 852 ex
1366 791 1486 854 interna

120 870 237 961 fflqna
261 877 307 940 nti
329 894 421 959 supra
443 878 605 958 disputavi,
629 886 662 941 et
684 879 781 942 adhuc
803 879 923 942 occulta
946 880 1057 943 Terrae
1081 879 1276 961 dispositione
1299 887 1403 959 partes
1425 880 1485 943 ali-

120 970 203 1049 q'u'ae
227 966 386 1030 Terrenum
408 966 548 1030 humidae
577 969 678 1045 fuere,
707 975 740 1031 et
767 975 870 1031 aestas
903 977 1046 1049 qnantum
1077 971 1152 1032 satis
1181 970 1238 1032 fuit
1260 987 1381 1043 serana3
1412 968 1483 1032 alibi

119 1072 196 1118 vero
220 1056 344 1119 siccitas
368 1056 434 1133 fuit,
450 1057 572 1120 inimica
588 1057 740 1138 frugibus;
765 1077 854 1138 quam
869 1064 901 1119 et
915 1065 1014 1121 terrae
1030 1067 1128 1122 motus
1148 1067 1269 1120 secutus
1285 1064 1343 1120 est.
1381 1059 1482 1121 luter-

121 1142 195 1207 'dnm
216 1144 294 1208 bene
318 1145 438 1227 quidem
461 1146 555 1208 habet
578 1166 687 1223 annus,
719 1146 773 1209 sed
806 1146 906 1208 subito
939 1155 971 1210 et
1000 1166 1060 1209 nna
1088 1147 1135 1209 die
1158 1147 1265 1228 pruina
1295 1143 1345 1208 vel
1367 1147 1482 1227 grando
1574 1224 1582 1232 ,

119 1234 283 1317 montosis,
316 1243 370 1297 aut
400 1235 556 1297 InundatIo
589 1235 727 1316 partibus
759 1243 849 1298 nocet
880 1236 1058 1312 hnmilibns3
1096 1256 1190 1339 eaque
1227 1253 1317 1298 unum
1354 1235 1483 1317 aliquem

118 1304 265 1399 inactum,
290 1341 348 1405 qno
372 1331 480 1386 ventus
506 1324 609 1399 fertur,
635 1332 771 1405 occupat.
810 1321 1068 1396 Quemadmodum
1092 1334 1124 1389 et
1146 1326 1176 1387 in
1200 1328 1356 1387 ventorum
1374 1334 1484 1387 natura

119 1402 237 1493 m'agna
268 1421 419 1475 momenta
449 1421 536 1482 sunt,
567 1432 689 1494 qnorum
721 1414 830 1494 plagae
858 1413 904 1475 Iris
932 1413 1043 1493 npstris
1067 1413 1238 1495 regionibus
1261 1413 1482 1477 inconstantis·

118 1500 219 1563 simae
256 1509 327 1565 snut
364 1510 398 1564 ut
428 1502 594 1582 plurimum
650 1501 870 1566 Stultissimum
901 1503 1007 1583 igitur,
1040 1503 1144 1566 borum
1178 1510 1336 1588 eventuum
1373 1523 1482 1566 causas

118 1588 202 1655 ilias
231 1609 375 1673 quaerere
402 1591 434 1653 in
461 1590 564 1672 figuris
580 1578 805 1666 bardinalibus,
838 1611 905 1654 curu
928 1592 1107 1655 manifestas
1129 1613 1239 1657 causas
1263 1610 1419 1656 cernamus
1443 1592 1481 1654 ob

118 1674 238 1743 n'cn'los
284 1680 332 1742 Ac
355 1699 393 1743 ne
416 1699 511 1743 novos
534 1680 623 1744 bomo
647 1680 743 1745 a'rtem
766 1679 935 1743 convellere
959 1681 1072 1757 videar,
1097 1682 1137 1745 ad
1152 1681 1286 1746 Cardani
1309 1688 1342 1744 et
1359 1681 1481 1798 'lycho-

118 1755 169 1873 uis
193 1769 408 1839 auctoritatem
430 1787 572 1852 provoco.

664 1857 800 1920 Thasia
824 1856 937 1920 LXVI.

213 1944 346 2009 Causam
378 1965 468 2008 unam
498 1965 553 2028 ego
587 1947 794 2022 considerabo,
828 1951 1042 2027 tempestatem
1070 1965 1137 2009 cnm
1160 1946 1197 2008 de
1221 1945 1331 2010 ceteris
1350 1945 1481 2009 nondum

118 2042 252 2117 constet
300 2034 366 2098 Ver
395 2042 545 2099 maturum
572 2037 602 2098 iu
625 2035 872 2098 meridionalibns
900 2036 975 2097 locis
999 2054 1134 2116 gemmas
1158 2036 1297 2099 arborum
1324 2034 1485 2116 protrudet

118 2132 194 2190 soto
218 2132 349 2204 tempus,
372 2124 477 2206 quibus
501 2124 599 2188 adhuc
624 2125 737 2187 teneris
761 2123 975 2206 superveniens
998 2124 1216 2205 Intemperatus
1239 2124 1370 2187 Martius
1392 2123 1481 2187 dam-

118 2210 193 2278 ilum
216 2212 337 2275 inferet.
383 2215 417 2276 ln
451 2223 554 2277 nostro
587 2212 707 2275 climata
741 2232 777 2276 eo
809 2223 944 2293 temporo
974 2215 1011 2275 ob
1042 2213 1134 2294 frigus
1151 2213 1281 2277 solitum
1304 2223 1336 2276 et
1358 2213 1482 2274 boream

118 2302 255 2371 noudum
287 2303 446 2406 quicquam
478 2311 582 2365 extare
615 2302 705 2366 solet.
759 2303 824 2365 Ver
855 2301 1042 2365 commodum
1070 2303 1219 2384 frugibus,
1254 2302 1308 2365 sed
1329 2300 1393 2371 10.
1432 2301 1481 2366 ll.

121 2382 175 2461 12
200 2390 310 2471 Maji
301 2410 332 2453 ιιι
354 2392 487 2473 periculo
516 2399 579 2467 est,
610 2399 645 2454 ut
676 2408 768 2472 supra
796 2393 918 2455 dictum
964 2391 1072 2454 Junius
1104 2392 1223 2455 florenti
1254 2391 1309 2455 viti
1343 2393 1482 2461 minatur,

118 2474 194 2543 tiam
224 2488 256 2543 et
287 2480 336 2543 hic
365 2487 396 2544 ei
429 2481 480 2562 qni
509 2480 645 2563 sequitur
666 2480 765 2543 Julius
790 2488 843 2543 aut
865 2481 956 2542 nImio
978 2480 1101 2543 humore
1125 2488 1178 2543 aut
1199 2480 1345 2562 grandine
1367 2479 1483 2561 passim

119 2566 236 2653 damna
258 2569 383 2632 dabunt.
429 2572 597 2651 Augustus,
622 2568 811 2650 September,
837 2568 971 2632 October
994 2569 1063 2632 vino
1086 2569 1225 2634 videntur
1248 2571 1361 2645 favere,
1385 2588 1481 2650 qnan—
1582 2626 1594 2636 ,

118 2664 186 2721 tum
210 2659 340 2721 restat
331 2678 360 2721 ιιι
383 2659 528 2742 palmite,
557 2658 707 2741 etiamque
731 2659 891 2722 fiumemo.
938 2656 1000 2720 Sed
1029 2667 1130 2722 tamen
1160 2668 1192 2721 et
1216 2657 1269 2724 20.
1294 2657 1483 2742 Septembris

119 2744 154 2811 in
177 2744 289 2810 vicinia
311 2766 368 2810 sna
388 2746 554 2831 periculum
577 2747 677 2810 habet

663 2834 794 2897 Thesis
817 2835 946 2898 LXVII.

126 2928 132 2937 '
214 2920 304 2996 Quod
326 2917 445 2987 morbos
469 2922 597 3000 attinet,
621 2925 695 2986 illud
719 2924 930 2986 universaliter
955 2942 1058 2986 verum
1088 2923 1188 2985 sciunt
1209 2924 1337 2998 medici,
1360 2925 1482 2988 turbato

121 3019 196 3077 abre
219 3031 346 3095 corpora
369 3013 461 3076 etiam
484 3023 589 3077 nostra
612 3013 736 3077 turbari.
783 3014 889 3094 Itaque
918 3032 984 3075 com
1006 3013 1112 3095 hyems
1134 3011 1302 3094 inaequalis
1329 3013 1483 3094 significe-

120 3110 182 3179 tur,
207 3102 294 3165 multi
316 3100 409 3166 etiam
432 3103 528 3165 morbi
547 3110 652 3179 erunt,
676 3102 835 3182 praecipue
863 3101 892 3163 in
916 3101 1062 3183 principio
1085 3101 1190 3163 Martii
1217 3109 1250 3165 et
1271 3101 1356 3183 Maj'u
1405 3101 1482 3167 (lum

122 3188 226 3255 tutem
251 3200 288 3254 et
305 3198 411 3254 aestas
433 3200 580 3273 appareat
601 3191 732 3265 turbida,
757 3198 916 3253 autumnus
939 3210 1068 3273 sequens
1092 3190 1131 3253 ob
1150 3209 1344 3272 congressum
1359 3189 1483 3256 Saturni

122 3291 157 3344 et
188 3280 299 3343 Martis
332 3280 491 3343 admodum
523 3280 582 3343 erit
604 3279 756 3363 putridos,
781 3280 866 3342 multi
894 3281 988 3344 morbi
1013 3280 1218 3358 autumnales,
1243 3281 1352 3344 alicubi
1375 3284 1482 3362 pestis,

122 3388 184 3455 quo
207 3378 317 3433 ventus
340 3369 446 3432 noxius
470 3370 564 3446 feret3
592 3369 773 3450 praesertim
801 3368 827 3431 si
856 3369 922 3450 quis
950 3370 1078 3449 eclipses
1102 3388 1138 3431 ec
1162 3388 1219 3450 quo
1243 3369 1372 3433 diximus
1395 3372 1483 3434 modo

123 3457 306 3523 c'cnsidsrot.
353 3458 387 3520 In
411 3477 531 3540 genere,
564 3477 755 3540 quoacunque
779 3457 844 3520 dies
872 3459 975 3520 notavi
1000 3457 1174 3538 aspectibus
1207 3458 1320 3521 crebris
1343 3459 1482 3536 infestos,

123 3544 149 3613 lt
171 3554 206 3610 et
227 3545 348 3611 morbos
371 3547 453 3611 cient
473 3546 503 3609 in
528 3547 673 3628 subjectis
697 3545 822 3623 idoneis,
838 3547 945 3628 etjam
964 3546 1192 3627 aegrotantibus
1207 3546 1390 3610 difficiliores
1406 3556 1484 3611 aunt.

124 3632 206 3701 Cum
230 3645 331 3700 antem
355 3636 443 3700 bomo
467 3636 576 3717 ailquis
597 3636 663 3716 jam
687 3635 854 3712 decumbit,
879 3643 933 3697 aut
956 3655 1022 3698 curu
1046 3636 1186 3698 humores
1209 3635 1311 3698 vitiosi
1326 3635 1393 3716 jam
1406 3638 1483 3699 flnc-

122 3732 216 3803 tusnt
238 3725 269 3788 in
289 3744 431 3808 corpore:
455 3734 526 3789 tnnc
549 3745 623 3789 sane
647 3744 704 3787 uon
729 3724 866 3804 amplius,
892 3732 926 3787 ut
948 3724 1095 3786 hactenus
1119 3742 1175 3804 ego
1199 3723 1266 3799 feci,
1291 3724 1404 3804 negligi
1426 3725 1481 3786 de-

122 3813 201 3878 bent
222 3813 473 3896 configurationes
496 3815 602 3877 Lunae
633 3812 870 3894 complanatis,
904 3813 1064 3894 praeprus
1088 3831 1155 3875 cum
1178 3811 1261 3875 Sole.
1307 3812 1387 3875 Nam
1410 3833 1482 3894 par-

124 3902 284 3985 ticularius
307 3902 489 3984 disponunt,
520 3911 552 3966 et
574 3911 695 3966 movent
717 3903 857 3966 humores
890 3902 984 3983 (quod
1011 3908 1145 3964 testatur
1167 3919 1306 3981 maguum
1329 3902 1402 3964 illnd
1426 3903 1482 3964 hn-

125 4010 243 4057 mcrnm
267 3992 361 4056 chaos
384 3994 530 4068 oceanus)
554 4011 612 4055 nec
634 3992 779 4073 negarim,
800 3991 831 4053 in
846 3990 994 4054 medicina
1008 3990 1147 4054 iacienda
1161 3989 1276 4053 utiliter
1289 3990 1483 4054 considerari.

125 4078 241 4146 Ptrcat
264 4100 356 4164 aegro
379 4082 512 4145 medicus
539 4082 733 4149 vehementer
761 4080 937 4156 debilitato,
972 4079 998 4142 si
1029 4087 1149 4160 potest,
1182 4080 1268 4142 Luna
1297 4079 1328 4141 iu
1358 4088 1484 4161 aspectu

126 4168 200 4249 forti
224 4178 376 4235 versante
421 4171 503 4234 Nam
526 4169 650 4253 quilibet
674 4177 817 4251 aspectus
844 4188 898 4250 per
926 4188 959 4231 se
982 4178 1109 4231 naturae
1132 4167 1272 4250 purgatio
1296 4178 1352 4232 est
1389 4171 1435 4233 At
1458 4168 1484 4231 si

125 4258 239 4323 validis
269 4259 499 4342 purgationibus
531 4278 605 4340 opus
639 4267 705 4332 est,
737 4257 834 4339 eligat
859 4257 994 4321 vicissim
1017 4259 1111 4321 fortes
1134 4259 1396 4338 configurationes.
1442 4257 1485 4320 Et

125 4364 202 4413 me
225 4354 323 4412 totum
345 4348 465 4413 crisium
489 4348 642 4430 negotium
665 4368 685 4410 a
708 4348 811 4410 Lunae
835 4346 933 4410 reditu
956 4355 988 4409 et
1010 4347 1244 4428 configuratione
1268 4365 1334 4410 num
1351 4346 1483 4427 planetis

126 4437 289 4521 dependet,
313 4439 483 4520 frustraque
507 4437 579 4501 alibi
602 4436 763 4519 quaeritur.

653 4524 785 4587 Thasie
808 4523 955 4586 LXVIII.

216 4615 253 4678 In
277 4614 367 4678 rebus
390 4615 522 4699 politicis
546 4623 578 4678 ot
599 4612 717 4676 bellicis
741 4613 912 4693 astrologus
936 4630 1009 4674 saue
1032 4619 1137 4675 votum
1160 4611 1280 4693 aliquod
1303 4611 1405 4687 habet,
1423 4631 1482 4693 po-

127 4692 228 4769 sitis
219 4702 269 4776 ris,
293 4722 370 4786 qnae
393 4723 485 4788 supra
508 4702 695 4767 fundamenti
726 4694 793 4765 loco
816 4701 880 4764 diui
903 4700 940 4763 de
964 4701 1130 4763 animorum
1152 4720 1300 4764 consensu
1323 4720 1388 4762 curu
1407 4720 1481 4764 con-

126 4792 356 4877 tlgnrntionibns
370 4792 564 4857 coelestibus
604 4790 787 4873 Vigentibus
802 4789 881 4854 enim
895 4789 1004 4852 validis
1018 4789 1199 4869 aspectibus,
1217 4806 1303 4853 ornos
1318 4790 1483 4852 animorum

127 4900 234 4965 genus,
269 4881 465 4966 quodlibet
455 4903 487 4946 ιιι
519 4901 573 4945 suo
605 4897 696 4961 opere
718 4879 899 4943 naturaliter
920 4887 1060 4960 vegetum
1084 4887 1134 4942 est
1156 4886 1187 4940 et
1209 4879 1323 4954 alacre,
1352 4879 1482 4942 maxime

1209 4983 1270 5034 28*
