3278 5542
112 478 317 560 h'aequator,
350 475 409 540 OG
431 478 495 559 ejus
518 479 585 541 axis

130 568 206 648 poli.
256 567 316 630 HD
346 566 497 644 zodiacus,
530 567 585 630 BF

112 674 138 719 rs
163 657 231 719 axis
253 665 286 719 et
308 655 385 738 poli;
415 656 474 718 erit
508 656 583 719 lKL

112 747 187 808 irnns
211 745 293 808 orbis
320 746 350 806 in
374 745 494 808 theoria
515 745 581 807 Lu·

112 854 128 898 a
143 835 306 897 secundnm
314 833 483 909 Eudoxum,
494 834 579 914 ejus-

112 924 277 1006 spolii,
318 923 359 985 K.
400 921 491 994 Non
528 942 580 984 se-

112 1013 200 1088 ndus,
233 1013 300 1093 ejus
321 1013 383 1091 poli
404 1014 448 1088 N,
479 1011 579 1074 Oai-
630 1054 649 1107 8

112 1103 121 1166 i
167 1104 262 1183 primo
303 1102 348 1163 IK
388 1102 418 1164 in
461 1101 580 1182 punctis

119 1191 166 1255 Μ.
189 1191 270 1254 EST
291 1190 410 1261 tertius,
431 1191 497 1272 ejus
519 1189 580 1270 poli

138 1281 179 1356 T,
204 1280 286 1343 affixi
309 1281 441 1343 secundo
455 1280 486 1343 in
500 1298 580 1360 pnn-

112 1369 194 1443 sV,
218 1369 258 1432 X.

160 1459 265 1520 Habes
295 1457 415 1519 Eudoxi
450 1475 581 1519 concen-

112 1566 174 1623 cos,
199 1548 291 1622 Urse,
321 1547 350 1609 in
375 1546 492 1608 theoria
515 1547 579 1608 Lu-

112 1657 137 1700 s.
197 1637 213 1698 1
253 1655 330 1698 nunc
373 1643 405 1696 et
445 1643 580 1698 vetemm

112 1726 287 1790 uonomiam
310 1724 438 1786 extolle!
478 1725 580 1787 Theo-

112 1861 114 1873 .
154 1814 230 1876 haec
267 1833 325 1877 uon
363 1822 486 1876 constat
522 1813 580 1874 nisi

112 1902 279 1978 icentricis,
304 1922 378 1964 sane
402 1903 472 1983 quia
494 1910 580 1964 cete-

112 1995 242 2057 iLnnae
265 1992 499 2071 inaequalitates
513 1991 578 2053 Eu·
691 2062 695 2071 q

112 2102 166 2146 rus
190 2081 352 2162 ignoravit

157 2172 255 2234 Porro
301 2189 393 2250 quare
435 2168 580 2230 Eudoxus

112 2280 161 2324 am
185 2262 216 2322 in
241 2259 401 2321 Theoriam
425 2256 507 2319 Solis
531 2258 702 2324 latitudinis
723 2262 864 2324 circulum
894 2261 1104 2338 introduxerit,
1130 2263 1180 2325 din
1203 2282 1319 2327 mecum
1342 2284 1438 2345 quaa-

112 2352 135 2414 i.
185 2350 264 2412 Nam
298 2347 357 2409 etsi
385 2347 442 2408 hoc
465 2348 570 2426 procul
595 2351 693 2413 dubio
724 2361 757 2414 et
783 2352 822 2412 D.
853 2352 956 2433 Tycho
979 2351 1080 2413 Brahe
1114 2351 1223 2428 iaciat,
1258 2353 1308 2433 qni
1339 2362 1441 2417 muta·

112 2459 184 2504 nem
218 2438 350 2518 aliquam
388 2435 559 2498 latitudinis
591 2439 717 2502 fixarum
750 2440 963 2520 deprehendit:
1001 2440 1057 2502 hoc
1094 2448 1195 2503 tamen
1233 2450 1297 2505 tam
1329 2443 1441 2507 subtile

112 2528 225 2612 gotium
258 2546 314 2588 nec
344 2524 403 2586 nisi
432 2534 505 2604 post
536 2530 631 2588 multa
664 2530 768 2592 secula
801 2528 983 2610 deprehendi
1019 2536 1137 2609 potest,
1177 2549 1232 2592 nec
1265 2531 1292 2594 si
1322 2530 1440 2597 Eudoxi

112 2636 208 2700 npore
240 2615 392 2697 potuisset
426 2614 626 2678 animadverti
659 2617 788 2681 Eudoxo
816 2620 926 2681 fnisset
964 2618 1133 2698 cognitum,
1167 2620 1215 2700 qni
1245 2622 1340 2683 multo
1373 2621 1438 2684 eri-

112 2707 210 2771 rtiora
250 2703 417 2784 praeteriit.
472 2704 688 2783 Interpretatio
730 2727 801 2770 vero
834 2707 1068 2770 Fracastorii
1099 2709 1197 2770 locum
1234 2726 1292 2772 non
1326 2709 1438 2773 habet:

112 2816 167 2860 aec
192 2795 297 2874 igitur,
322 2793 434 2873 inquit,
466 2815 486 2854 a
513 2796 646 2858 secunda
672 2816 727 2876 per
750 2796 866 2859 zodiaci
903 2796 1118 2875 longitudinem
1143 2797 1323 2869 ducebatur,
1356 2808 1440 2863 motu

112 2898 173 2950 tem
203 2904 256 2946 suo
285 2882 434 2951 faciebat,
468 2890 501 2944 nt
528 2884 621 2946 stella
649 2904 707 2947 non
735 2886 765 2948 in
795 2887 899 2947 eadem
929 2884 1062 2947 maxima
1090 2885 1291 2958 declinatione
1320 2905 1441 2967 semper

112 2981 219 3049 meret,
250 2972 303 3033 sed
327 2971 415 3033 Luna
438 2972 526 3033 modo
549 2971 579 3033 in
612 2992 670 3036 nno
695 2974 780 3055 signo
810 2975 897 3037 modo
923 2974 953 3035 in
978 2974 1038 3035 alio
1061 2974 1227 3051 videretur,
1261 2973 1316 3037 Sol
1340 2976 1438 3056 magis

120 3065 222 3126 minus
247 3060 413 3123 declinaret
437 3061 474 3122 ab
499 3058 798 3141 aequinoctiali.“¹⁰)
845 3061 928 3134 Quid
946 3063 1026 3124 enim
1051 3082 1125 3143 opus
1141 3072 1190 3126 est
1212 3081 1267 3144 pro
1291 3064 1439 3127 varianda

112 3154 151 3217 lis
176 3151 377 3213 declinatione
402 3168 509 3211 novum
532 3151 673 3214 inducere
697 3153 853 3228 circulum,
879 3172 946 3214 cnm
969 3151 999 3214 id
1024 3153 1154 3215 officium
1185 3152 1277 3215 tertio
1308 3153 1358 3234 qni
1382 3155 1438 3217 sub

112 3244 195 3306 liacn
219 3239 332 3301 incedit
362 3239 403 3300 sit
430 3240 604 3319 proprium?
649 3241 692 3304 Et
714 3242 808 3303 verba
831 3241 926 3323 ipsius
949 3261 1008 3303 non
1034 3250 1104 3304 sunt
1125 3242 1301 3305 astronomi.
1340 3243 1436 3319 Luna,

112 3332 176 3414 quit,
202 3330 364 3392 secundnm
385 3327 534 3390 maximae
560 3330 773 3393 declinationis
798 3331 836 3392 ab
861 3340 1023 3412 aequatore
1047 3338 1190 3411 punctum
1223 3351 1300 3394 nnnc
1324 3333 1355 3394 in
1379 3351 1437 3394 nno

112 3441 167 3498 mo,
192 3438 269 3481 nunc
293 3418 322 3479 in
347 3417 407 3478 alio
431 3419 617 3481 cernebatur.
664 3420 708 3482 At
728 3421 815 3482 Luna
828 3420 1002 3482 Fracastori
1026 3420 1164 3502 nuspiam
1183 3421 1252 3500 plns
1267 3421 1306 3482 ab
1321 3440 1437 3503 aequa-

112 3531 136 3574 e
160 3509 307 3581 declinat,
334 3526 423 3587 qnam
449 3507 479 3568 in
504 3522 550 3581 es,
581 3513 633 3583 6,
664 3529 722 3570 nnn
748 3509 852 3571 ¹minus
887 3529 976 3591 quam
999 3507 1063 3571 Sol.
1109 3509 1255 3590 Adeoque
1279 3509 1344 3588 jam
1373 3511 1436 3572 fere

112 3598 291 3662 nclndebam
315 3615 441 3670 mecum,
468 3597 600 3658 voluisse
624 3597 782 3660 Eudoxum
806 3606 918 3660 motum
935 3599 1066 3659 sortasse
1086 3598 1212 3659 fixarum
1227 3599 1435 3661 demonstrare

114 3688 314 3751 rsecundnm
337 3683 429 3754 NOQ
459 3685 615 3762 circulum,
650 3687 739 3749 aliter
771 3687 939 3749 revolutum
967 3694 997 3747 et
1026 3705 1117 3765 snper
1145 3685 1214 3748 aliis
1241 3685 1337 3765 polis,
1369 3706 1436 3748 cum

112 3778 270 3840 currebant
298 3773 474 3856 sequentia:
508 3775 559 3850 „in
585 3776 700 3856 majore
725 3785 826 3837 antem
849 3773 1008 3837 latitudine
1032 3776 1174 3837 inflexum
1197 3793 1266 3836 esse
1290 3793 1373 3850 enm,
1404 3774 1435 3837 iu

114 3887 131 3930 o
155 3868 253 3944 Luna,
278 3884 367 3944 quam
390 3863 420 3923 in
445 3883 502 3943 qno
527 3863 581 3927 Sol
606 3866 753 3926 seratur.“
800 3863 916 3936 Quibus
941 3863 1040 3926 verbis
1071 3863 1167 3926 ornnis
1190 3861 1280 3943 plane
1304 3863 1434 3926 diversi-

112 3955 223 4020 sinter
247 3952 329 4015 Solis
353 3960 385 4014 et
409 3953 513 4014 Lunae
538 3953 672 4015 theorias
691 3954 822 4029 tollitur,
856 3955 912 4015 hoc
941 3972 998 4014 uno
1028 3961 1169 4033 excepto,
1199 3953 1277 4032 quod
1301 3951 1362 4016 OV
1385 3956 1434 4016 vel

112 4045 250 4109 {minor
274 4043 315 4105 sit
336 4043 366 4104 in
390 4040 477 4116 Sole,
511 4061 599 4121 quarn
628 4042 656 4104 in
681 4044 778 4105 Luna.
826 4043 960 4104 Tandem
984 4042 1104 4118 incidit,
1142 4041 1261 4106 Eudoxi
1284 4042 1433 4106 intentum

112 4157 128 4198 n
152 4144 215 4196 tam
240 4153 308 4195 esse
333 4131 566 4193 astronomicum
592 4152 681 4213 quam
704 4131 953 4214 philosophicum.

158 4219 280 4286 Etenim
311 4230 342 4283 et
364 4221 508 4283 Eudoxus
533 4229 723 4285 astronomus
752 4221 830 4284 inter
853 4220 1049 4301 philosophos
1077 4227 1108 4281 et
1132 4218 1251 4302 quidem
1274 4220 1432 4303 Pythago-

114 4334 148 4377 os
172 4335 191 4374 a
214 4310 339 4374 Laertio
364 4319 546 4372 recensetur.
595 4309 761 4374 Consilium
784 4310 877 4391 igitur
899 4312 955 4373 hoc
979 4310 1072 4371 luisse
1095 4309 1232 4383 Eudoxo,
1257 4311 1376 4391 quando
1400 4320 1433 4373 ut

112 4403 180 4466 nine
205 4402 248 4463 sic
272 4400 402 4462 motibus
425 4399 585 4480 plurimum
599 4398 652 4461 Sol
677 4407 708 4462 et
722 4402 809 4463 Luna
824 4400 941 4461 differre
957 4399 1116 4461 videantur
1136 4399 1290 4473 acetaria,
1316 4418 1432 4479 aequa·

112 4502 188 4555 stem
221 4489 421 4552 omnimodam
449 4489 527 4550 inter
556 4489 715 4551 luminaria
744 4489 915 4564 instituere,
950 4487 1073 4568 Solique
1102 4487 1140 4549 ad
1164 4479 1277 4550 Lunae'
1297 4506 1432 4551 normam

112 4583 200 4645 buere
216 4578 417 4654 latitudinem,
444 4578 497 4639 sed
515 4578 719 4642 insensibilem
736 4588 789 4640 aut
809 4587 891 4641 certe
910 4577 1125 4641 insensibiliter
1139 4576 1326 4652 variabilem,
1353 4578 1432 4658 quod

126 4671 209 4734 innui
233 4668 333 4730 verbis
357 4667 510 4742 existimo,
540 4667 646 4749 quibus
675 4668 819 4749 majorem
841 4669 946 4730 Lunae
977 4687 1067 4747 qnam
1091 4664 1156 4729 Soli
1183 4665 1289 4729 tribuit
1322 4666 1430 4729 latitu-

112 4781 180 4825 rem.
228 4760 313 4821 Haec
339 4757 417 4819 enim
437 4756 607 4836 aequalitas
631 4756 799 4820 rationibus
823 4758 886 4837 ejus
910 4756 1125 4838 philosophicis
1149 4757 1251 4821 forsan
1270 4756 1430 4818 admodum

112 4860 136 4914 a
159 4856 374 4914 consentanea.
420 4846 485 4910 Nec
516 4845 651 4924 dubium,
685 4846 756 4930 quin
784 4847 912 4910 eandem
933 4846 971 4909 ob
995 4863 1118 4909 causam
1144 4845 1223 4908 inter
1250 4852 1370 4908 ceteras
1398 4853 1431 4910 et
