<?xml version="1.0" encoding="UTF-8"?>
<!DOCTYPE html PUBLIC "-//W3C//DTD XHTML 1.0 Transitional//EN"
    "http://www.w3.org/TR/xhtml1/DTD/xhtml1-transitional.dtd">
<html xmlns="http://www.w3.org/1999/xhtml" xml:lang="en" lang="en">
 <head>
  <title>
</title>
<meta http-equiv="Content-Type" content="text/html;charset=utf-8" />
  <meta name='ocr-system' content='tesseract 3.04.00' />
  <meta name='ocr-capabilities' content='ocr_page ocr_carea ocr_par ocr_line ocrx_word'/>
</head>
<body>
  <div class='ocr_page' id='page_1' title='image "./joanniskepleria17frisgoog_0049.png"; bbox 0 0 3278 5542; ppageno 0'>
   <div class='ocr_carea' id='block_1_1' title="bbox 200 283 957 352">
    <p class='ocr_par' dir='ltr' id='par_1_1' title="bbox 200 283 957 352">
     <span class='ocr_line' id='line_1_1' title="bbox 200 283 957 352; baseline -0.005 -12"><span class='ocrx_word' id='word_1_1' title='bbox 200 283 243 352; x_wconf 77' lang='lat'><strong>26</strong></span> <span class='ocrx_word' id='word_1_2' title='bbox 795 286 957 340; x_wconf 72' lang='lat' dir='ltr'><strong>Prooemium.</strong></span> 
     </span>
    </p>
   </div>
   <div class='ocr_carea' id='block_1_2' title="bbox 198 442 1561 799">
    <p class='ocr_par' dir='ltr' id='par_1_2' title="bbox 198 442 1561 799">
     <span class='ocr_line' id='line_1_2' title="bbox 198 442 1558 513; baseline -0.005 -14"><span class='ocrx_word' id='word_1_3' title='bbox 198 464 231 499; x_wconf 91' lang='lat' dir='ltr'><strong>ne</strong></span> <span class='ocrx_word' id='word_1_4' title='bbox 249 449 395 513; x_wconf 85' lang='lat' dir='ltr'><strong>peritissimo</strong></span> <span class='ocrx_word' id='word_1_5' title='bbox 413 448 510 512; x_wconf 87' lang='lat' dir='ltr'><strong>quidem</strong></span> <span class='ocrx_word' id='word_1_6' title='bbox 530 447 617 497; x_wconf 71' lang='lat' dir='ltr'><strong>utici</strong></span> <span class='ocrx_word' id='word_1_7' title='bbox 635 447 765 504; x_wconf 86' lang='lat' dir='ltr'><strong>hactenus,</strong></span> <span class='ocrx_word' id='word_1_8' title='bbox 784 448 821 498; x_wconf 90' lang='lat' dir='ltr'><strong>rel</strong></span> <span class='ocrx_word' id='word_1_9' title='bbox 839 463 884 511; x_wconf 88' lang='lat' dir='ltr'><strong>per</strong></span> <span class='ocrx_word' id='word_1_10' title='bbox 900 447 1056 501; x_wconf 88' lang='lat' dir='ltr'><strong>insomnium,</strong></span> <span class='ocrx_word' id='word_1_11' title='bbox 1075 446 1101 494; x_wconf 87' lang='lat' dir='ltr'><strong>iu</strong></span> <span class='ocrx_word' id='word_1_12' title='bbox 1119 451 1228 494; x_wconf 88' lang='lat' dir='ltr'><strong>mentem</strong></span> <span class='ocrx_word' id='word_1_13' title='bbox 1246 445 1320 494; x_wconf 77' lang='lat' dir='ltr'><strong>venit.</strong></span> <span class='ocrx_word' id='word_1_14' title='bbox 1349 442 1404 493; x_wconf 90' lang='lat' dir='ltr'><strong>laur</strong></span> <span class='ocrx_word' id='word_1_15' title='bbox 1415 456 1474 492; x_wconf 81' lang='lat' dir='ltr'><strong>sero</strong></span> <span class='ocrx_word' id='word_1_16' title='bbox 1485 442 1558 505; x_wconf 79' lang='lat' dir='ltr'><strong>Kep-</strong></span> 
     </span>
     <span class='ocr_line' id='line_1_3' title="bbox 199 513 1559 583; baseline -0.004 -14"><span class='ocrx_word' id='word_1_17' title='bbox 199 521 263 571; x_wconf 89' lang='lat' dir='ltr'><strong>lerus</strong></span> <span class='ocrx_word' id='word_1_18' title='bbox 282 528 366 569; x_wconf 90' lang='lat' dir='ltr'><strong>noster</strong></span> <span class='ocrx_word' id='word_1_19' title='bbox 383 520 540 569; x_wconf 85' lang='lat' dir='ltr'><strong>solertissimo</strong></span> <span class='ocrx_word' id='word_1_20' title='bbox 560 534 589 568; x_wconf 90' lang='lat' dir='ltr'><strong>ex</strong></span> <span class='ocrx_word' id='word_1_21' title='bbox 608 521 745 583; x_wconf 74' lang='lat' dir='ltr'><strong>geometria</strong></span> <span class='ocrx_word' id='word_1_22' title='bbox 762 521 861 568; x_wconf 89' lang='lat' dir='ltr'><strong>invento</strong></span> <span class='ocrx_word' id='word_1_23' title='bbox 881 521 973 569; x_wconf 91' lang='lat' dir='ltr'><strong>orbium</strong></span> <span class='ocrx_word' id='word_1_24' title='bbox 992 533 1035 568; x_wconf 92' lang='lat' dir='ltr'><strong>seu</strong></span> <span class='ocrx_word' id='word_1_25' title='bbox 1054 517 1212 580; x_wconf 75' lang='lat' dir='ltr'><strong>sphaerarum</strong></span> <span class='ocrx_word' id='word_1_26' title='bbox 1232 515 1373 565; x_wconf 89' lang='lat' dir='ltr'><strong>coelestium</strong></span> <span class='ocrx_word' id='word_1_27' title='bbox 1388 521 1482 564; x_wconf 72' lang='lat' dir='ltr'><strong>cenum</strong></span> <span class='ocrx_word' id='word_1_28' title='bbox 1501 513 1559 563; x_wconf 85' lang='lat' dir='ltr'><strong>fini·</strong></span> 
     </span>
     <span class='ocr_line' id='line_1_4' title="bbox 199 587 1557 655; baseline -0.005 -15"><span class='ocrx_word' id='word_1_29' title='bbox 199 600 300 655; x_wconf 87' lang='lat' dir='ltr'><strong>tumque</strong></span> <span class='ocrx_word' id='word_1_30' title='bbox 319 606 447 641; x_wconf 89' lang='lat' dir='ltr'><strong>numerum</strong></span> <span class='ocrx_word' id='word_1_31' title='bbox 466 598 492 641; x_wconf 89' lang='lat' dir='ltr'><strong>et</strong></span> <span class='ocrx_word' id='word_1_32' title='bbox 509 591 628 646; x_wconf 81' lang='lat' dir='ltr'><strong>ordinem,</strong></span> <span class='ocrx_word' id='word_1_33' title='bbox 648 595 722 654; x_wconf 90' lang='lat' dir='ltr'><strong>atque</strong></span> <span class='ocrx_word' id='word_1_34' title='bbox 740 592 805 655; x_wconf 88' lang='lat' dir='ltr'><strong>quod</strong></span> <span class='ocrx_word' id='word_1_35' title='bbox 821 592 955 641; x_wconf 87' lang='lat' dir='ltr'><strong>marimum</strong></span> <span class='ocrx_word' id='word_1_36' title='bbox 975 597 1020 649; x_wconf 86' lang='lat' dir='ltr'><strong>est,</strong></span> <span class='ocrx_word' id='word_1_37' title='bbox 1041 595 1133 638; x_wconf 90' lang='lat' dir='ltr'><strong>certam</strong></span> <span class='ocrx_word' id='word_1_38' title='bbox 1151 587 1357 651; x_wconf 84' lang='lat' dir='ltr'><strong>magnitudinum,</strong></span> <span class='ocrx_word' id='word_1_39' title='bbox 1377 587 1442 636; x_wconf 88' lang='lat' dir='ltr'><strong>sicut</strong></span> <span class='ocrx_word' id='word_1_40' title='bbox 1459 591 1486 635; x_wconf 92' lang='lat' dir='ltr'><strong>et</strong></span> <span class='ocrx_word' id='word_1_41' title='bbox 1503 599 1557 633; x_wconf 89' lang='lat' dir='ltr'><strong>ruo-</strong></span> 
     </span>
     <span class='ocr_line' id='line_1_5' title="bbox 199 655 1561 726; baseline -0.004 -14"><span class='ocrx_word' id='word_1_42' title='bbox 199 670 284 720; x_wconf 87' lang='lat' dir='ltr'><strong>tuum,</strong></span> <span class='ocrx_word' id='word_1_43' title='bbox 303 663 381 712; x_wconf 89' lang='lat' dir='ltr'><strong>adse</strong></span> <span class='ocrx_word' id='word_1_44' title='bbox 399 671 483 713; x_wconf 93' lang='lat' dir='ltr'><strong>mutuo</strong></span> <span class='ocrx_word' id='word_1_45' title='bbox 502 663 682 726; x_wconf 79' lang='lat' dir='ltr'><strong>proportionem</strong></span> <span class='ocrx_word' id='word_1_46' title='bbox 700 664 791 720; x_wconf 87' lang='lat' dir='ltr'><strong>tradit;</strong></span> <span class='ocrx_word' id='word_1_47' title='bbox 815 671 841 712; x_wconf 91' lang='lat' dir='ltr'><strong>et</strong></span> <span class='ocrx_word' id='word_1_48' title='bbox 857 662 931 726; x_wconf 90' lang='lat' dir='ltr'><strong>paulo</strong></span> <span class='ocrx_word' id='word_1_49' title='bbox 951 662 1024 712; x_wconf 74' lang='lat' dir='ltr'><strong>aluus</strong></span> <span class='ocrx_word' id='word_1_50' title='bbox 1042 667 1122 709; x_wconf 91' lang='lat' dir='ltr'><strong>sumto</strong></span> <span class='ocrx_word' id='word_1_51' title='bbox 1140 660 1210 709; x_wconf 90' lang='lat' dir='ltr'><strong>initio</strong></span> <span class='ocrx_word' id='word_1_52' title='bbox 1228 658 1350 714; x_wconf 87' lang='lat' dir='ltr'><strong>ostendit,</strong></span> <span class='ocrx_word' id='word_1_53' title='bbox 1372 657 1437 722; x_wconf 87' lang='lat' dir='ltr'><strong>quod</strong></span> <span class='ocrx_word' id='word_1_54' title='bbox 1455 655 1561 706; x_wconf 83' lang='lat' dir='ltr'><strong>Creator</strong></span> 
     </span>
     <span class='ocr_line' id='line_1_6' title="bbox 199 727 1560 799; baseline -0.004 -15"><span class='ocrx_word' id='word_1_55' title='bbox 199 734 268 784; x_wconf 89' lang='lat' dir='ltr'><strong>Dens</strong></span> <span class='ocrx_word' id='word_1_56' title='bbox 282 732 338 797; x_wconf 89' lang='lat' dir='ltr'><strong>Opt.</strong></span> <span class='ocrx_word' id='word_1_57' title='bbox 352 733 418 784; x_wconf 86' lang='lat' dir='ltr'><strong>Max·</strong></span> <span class='ocrx_word' id='word_1_58' title='bbox 439 736 463 783; x_wconf 91' lang='lat' dir='ltr'><strong>in</strong></span> <span class='ocrx_word' id='word_1_59' title='bbox 481 733 567 782; x_wconf 90' lang='lat' dir='ltr'><strong>muudi</strong></span> <span class='ocrx_word' id='word_1_60' title='bbox 585 734 719 793; x_wconf 88' lang='lat' dir='ltr'><strong>creatione,</strong></span> <span class='ocrx_word' id='word_1_61' title='bbox 736 738 808 797; x_wconf 88' lang='lat' dir='ltr'><strong>juxte</strong></span> <span class='ocrx_word' id='word_1_62' title='bbox 826 735 932 799; x_wconf 89' lang='lat' dir='ltr'><strong>quinque</strong></span> <span class='ocrx_word' id='word_1_63' title='bbox 950 732 1098 798; x_wconf 73' lang='lat' dir='ltr'><strong>regularium</strong></span> <span class='ocrx_word' id='word_1_64' title='bbox 1117 745 1243 794; x_wconf 91' lang='lat' dir='ltr'><strong>corporum</strong></span> <span class='ocrx_word' id='word_1_65' title='bbox 1262 731 1475 795; x_wconf 90' lang='lat' dir='ltr'><strong>geometricorum,</strong></span> <span class='ocrx_word' id='word_1_66' title='bbox 1494 727 1560 778; x_wconf 85' lang='lat' dir='ltr'><strong>alias</strong></span> 
     </span>
    </p>
   </div>
   <div class='ocr_carea' id='block_1_3' title="bbox 142 799 1624 2583">
    <p class='ocr_par' dir='ltr' id='par_1_3' title="bbox 142 799 1563 2013">
     <span class='ocr_line' id='line_1_7' title="bbox 199 799 1559 869; baseline -0.004 -14"><span class='ocrx_word' id='word_1_67' title='bbox 199 805 310 855; x_wconf 88' lang='lat' dir='ltr'><strong>omuibus</strong></span> <span class='ocrx_word' id='word_1_68' title='bbox 328 806 459 869; x_wconf 55' lang='lat' dir='ltr'><strong>memetris</strong></span> <span class='ocrx_word' id='word_1_69' title='bbox 477 806 666 860; x_wconf 85' lang='lat' dir='ltr'><strong>notissimorum,</strong></span> <span class='ocrx_word' id='word_1_70' title='bbox 684 807 873 869; x_wconf 81' lang='lat' dir='ltr'><strong>proportionem,</strong></span> <span class='ocrx_word' id='word_1_71' title='bbox 891 805 1009 868; x_wconf 89' lang='lat' dir='ltr'><strong>sphaeras</strong></span> <span class='ocrx_word' id='word_1_72' title='bbox 1027 803 1145 854; x_wconf 89' lang='lat' dir='ltr'><strong>coelestes</strong></span> <span class='ocrx_word' id='word_1_73' title='bbox 1163 799 1264 851; x_wconf 89' lang='lat' dir='ltr'><strong>mobiles</strong></span> <span class='ocrx_word' id='word_1_74' title='bbox 1281 801 1451 857; x_wconf 71' lang='lat' dir='ltr'><strong>fabricaverit.</strong></span> <span class='ocrx_word' id='word_1_75' title='bbox 1471 805 1559 853; x_wconf 73' lang='lat' dir='ltr'><strong>extem</strong></span> 
     </span>
     <span class='ocr_line' id='line_1_8' title="bbox 198 871 1560 940; baseline -0.003 -14"><span class='ocrx_word' id='word_1_76' title='bbox 198 878 277 933; x_wconf 90' lang='lat' dir='ltr'><strong>derit,</strong></span> <span class='ocrx_word' id='word_1_77' title='bbox 297 876 456 938; x_wconf 89' lang='lat' dir='ltr'><strong>disposuerit,</strong></span> <span class='ocrx_word' id='word_1_78' title='bbox 489 876 644 925; x_wconf 88' lang='lat' dir='ltr'><strong>adornaverit</strong></span> <span class='ocrx_word' id='word_1_79' title='bbox 667 883 693 925; x_wconf 88' lang='lat' dir='ltr'><strong>et</strong></span> <span class='ocrx_word' id='word_1_80' title='bbox 711 877 866 927; x_wconf 83' lang='lat' dir='ltr'><strong>ordinaverit.</strong></span> <span class='ocrx_word' id='word_1_81' title='bbox 904 878 985 940; x_wconf 79' lang='lat' dir='ltr'><strong>Atque</strong></span> <span class='ocrx_word' id='word_1_82' title='bbox 1002 875 1068 924; x_wconf 91' lang='lat' dir='ltr'><strong>banc</strong></span> <span class='ocrx_word' id='word_1_83' title='bbox 1086 874 1236 924; x_wconf 70' lang='lat' dir='ltr'><strong>mntentiaru</strong></span> <span class='ocrx_word' id='word_1_84' title='bbox 1254 875 1307 937; x_wconf 91' lang='lat' dir='ltr'><strong>ipse</strong></span> <span class='ocrx_word' id='word_1_85' title='bbox 1325 888 1375 922; x_wconf 91' lang='lat' dir='ltr'><strong>non</strong></span> <span class='ocrx_word' id='word_1_86' title='bbox 1392 871 1492 936; x_wconf 81' lang='lat' dir='ltr'><strong>logicis.</strong></span> <span class='ocrx_word' id='word_1_87' title='bbox 1511 885 1560 922; x_wconf 84' lang='lat' dir='ltr'><strong>nec</strong></span> 
     </span>
     <span class='ocr_line' id='line_1_9' title="bbox 199 942 1561 1011; baseline -0.002 -16"><span class='ocrx_word' id='word_1_88' title='bbox 199 944 292 998; x_wconf 91' lang='lat' dir='ltr'><strong>leribus</strong></span> <span class='ocrx_word' id='word_1_89' title='bbox 305 952 349 996; x_wconf 93' lang='lat' dir='ltr'><strong>ant</strong></span> <span class='ocrx_word' id='word_1_90' title='bbox 362 947 451 1004; x_wconf 88' lang='lat' dir='ltr'><strong>dubiis,</strong></span> <span class='ocrx_word' id='word_1_91' title='bbox 470 948 509 997; x_wconf 93' lang='lat' dir='ltr'><strong>vel</strong></span> <span class='ocrx_word' id='word_1_92' title='bbox 522 948 635 1002; x_wconf 88' lang='lat' dir='ltr'><strong>anilibus,</strong></span> <span class='ocrx_word' id='word_1_93' title='bbox 653 947 729 996; x_wconf 88' lang='lat' dir='ltr'><strong>multo</strong></span> <span class='ocrx_word' id='word_1_94' title='bbox 742 950 822 997; x_wconf 92' lang='lat' dir='ltr'><strong>minus</strong></span> <span class='ocrx_word' id='word_1_95' title='bbox 842 948 929 998; x_wconf 86' lang='lat' dir='ltr'><strong>alienis</strong></span> <span class='ocrx_word' id='word_1_96' title='bbox 947 955 1021 1011; x_wconf 77' lang='lat' dir='ltr'><strong>etque</strong></span> <span class='ocrx_word' id='word_1_97' title='bbox 1040 946 1072 995; x_wconf 85' lang='lat' dir='ltr'><strong>ad</strong></span> <span class='ocrx_word' id='word_1_98' title='bbox 1084 947 1235 1009; x_wconf 91' lang='lat' dir='ltr'><strong>propositum</strong></span> <span class='ocrx_word' id='word_1_99' title='bbox 1246 959 1318 994; x_wconf 88' lang='lat' dir='ltr'><strong>suum</strong></span> <span class='ocrx_word' id='word_1_100' title='bbox 1329 943 1448 994; x_wconf 70' lang='lat' dir='ltr'><strong>nolenter</strong></span> <span class='ocrx_word' id='word_1_101' title='bbox 1459 942 1561 993; x_wconf 70' lang='lat' dir='ltr'><strong>adwtia</strong></span> 
     </span>
     <span class='ocr_line' id='line_1_10' title="bbox 197 1014 1559 1084; baseline -0.004 -15"><span class='ocrx_word' id='word_1_102' title='bbox 197 1020 353 1081; x_wconf 75' lang='lat' dir='ltr'><strong>coniecturis,</strong></span> <span class='ocrx_word' id='word_1_103' title='bbox 372 1019 417 1068; x_wconf 90' lang='lat' dir='ltr'><strong>sed</strong></span> <span class='ocrx_word' id='word_1_104' title='bbox 435 1020 562 1084; x_wconf 89' lang='lat' dir='ltr'><strong>genuinis,</strong></span> <span class='ocrx_word' id='word_1_105' title='bbox 581 1020 762 1083; x_wconf 86' lang='lat' dir='ltr'><strong>propriissimis,</strong></span> <span class='ocrx_word' id='word_1_106' title='bbox 781 1027 833 1070; x_wconf 89' lang='lat' dir='ltr'><strong>tam</strong></span> <span class='ocrx_word' id='word_1_107' title='bbox 851 1035 882 1070; x_wconf 86' lang='lat' dir='ltr'><strong>ex</strong></span> <span class='ocrx_word' id='word_1_108' title='bbox 900 1036 981 1070; x_wconf 88' lang='lat' dir='ltr'><strong>rerum</strong></span> <span class='ocrx_word' id='word_1_109' title='bbox 998 1025 1101 1076; x_wconf 88' lang='lat' dir='ltr'><strong>natura,</strong></span> <span class='ocrx_word' id='word_1_110' title='bbox 1121 1031 1195 1081; x_wconf 87' lang='lat' dir='ltr'><strong>quam</strong></span> <span class='ocrx_word' id='word_1_111' title='bbox 1214 1031 1245 1066; x_wconf 90' lang='lat' dir='ltr'><strong>ex</strong></span> <span class='ocrx_word' id='word_1_112' title='bbox 1261 1017 1398 1081; x_wconf 90' lang='lat' dir='ltr'><strong>geometria</strong></span> <span class='ocrx_word' id='word_1_113' title='bbox 1416 1014 1559 1078; x_wconf 88' lang='lat' dir='ltr'><strong>depromtis,</strong></span> 
     </span>
     <span class='ocr_line' id='line_1_11' title="bbox 197 1086 1561 1154; baseline -0.004 -14"><span class='ocrx_word' id='word_1_114' title='bbox 197 1091 284 1154; x_wconf 89' lang='lat' dir='ltr'><strong>quibus</strong></span> <span class='ocrx_word' id='word_1_115' title='bbox 303 1090 438 1141; x_wconf 86' lang='lat' dir='ltr'><strong>contradici</strong></span> <span class='ocrx_word' id='word_1_116' title='bbox 457 1106 506 1140; x_wconf 93' lang='lat' dir='ltr'><strong>non</strong></span> <span class='ocrx_word' id='word_1_117' title='bbox 524 1096 614 1154; x_wconf 89' lang='lat' dir='ltr'><strong>potest,</strong></span> <span class='ocrx_word' id='word_1_118' title='bbox 634 1092 768 1141; x_wconf 73' lang='lat' dir='ltr'><strong>ratiociniis</strong></span> <span class='ocrx_word' id='word_1_119' title='bbox 788 1092 925 1141; x_wconf 84' lang='lat' dir='ltr'><strong>confirmat.</strong></span> <span class='ocrx_word' id='word_1_120' title='bbox 963 1089 1072 1151; x_wconf 81' lang='lat' dir='ltr'><strong>Quorum</strong></span> <span class='ocrx_word' id='word_1_121' title='bbox 1090 1089 1242 1153; x_wconf 87' lang='lat' dir='ltr'><strong>potissimum</strong></span> <span class='ocrx_word' id='word_1_122' title='bbox 1260 1094 1306 1142; x_wconf 88' lang='lat' dir='ltr'><strong>est,</strong></span> <span class='ocrx_word' id='word_1_123' title='bbox 1330 1086 1517 1152; x_wconf 85' lang='lat' dir='ltr'><strong>elegantissima</strong></span> <span class='ocrx_word' id='word_1_124' title='bbox 1535 1092 1561 1135; x_wconf 87' lang='lat' dir='ltr'><strong>et</strong></span> 
     </span>
     <span class='ocr_line' id='line_1_12' title="bbox 196 1160 1560 1220; baseline -0.003 -10"><span class='ocrx_word' id='word_1_125' title='bbox 196 1162 344 1211; x_wconf 70' lang='lat' dir='ltr'><strong>suamuima</strong></span> <span class='ocrx_word' id='word_1_126' title='bbox 360 1161 502 1218; x_wconf 61' lang='lat' dir='ltr'><strong>harmotum</strong></span> <span class='ocrx_word' id='word_1_127' title='bbox 518 1167 543 1210; x_wconf 92' lang='lat' dir='ltr'><strong>et</strong></span> <span class='ocrx_word' id='word_1_128' title='bbox 562 1175 700 1215; x_wconf 85' lang='lat' dir='ltr'><strong>consonans</strong></span> <span class='ocrx_word' id='word_1_129' title='bbox 716 1171 854 1216; x_wconf 72' lang='lat' dir='ltr'><strong>,concentus</strong></span> <span class='ocrx_word' id='word_1_130' title='bbox 874 1163 963 1213; x_wconf 89' lang='lat' dir='ltr'><strong>calculi</strong></span> <span class='ocrx_word' id='word_1_131' title='bbox 982 1161 1139 1211; x_wconf 87' lang='lat' dir='ltr'><strong>astronomici</strong></span> <span class='ocrx_word' id='word_1_132' title='bbox 1157 1174 1188 1209; x_wconf 88' lang='lat' dir='ltr'><strong>ex</strong></span> <span class='ocrx_word' id='word_1_133' title='bbox 1200 1160 1409 1209; x_wconf 87' lang='lat' dir='ltr'><strong>observationibus</strong></span> <span class='ocrx_word' id='word_1_134' title='bbox 1425 1161 1480 1220; x_wconf 74' lang='lat' dir='ltr'><strong>jam</strong></span> <span class='ocrx_word' id='word_1_135' title='bbox 1498 1163 1560 1206; x_wconf 88' lang='lat' dir='ltr'><strong>aute</strong></span> 
     </span>
     <span class='ocr_line' id='line_1_13' title="bbox 196 1229 1559 1313; baseline -0.004 -30"><span class='ocrx_word' id='word_1_136' title='bbox 196 1232 294 1296; x_wconf 88' lang='lat' dir='ltr'><strong>proditi,</strong></span> <span class='ocrx_word' id='word_1_137' title='bbox 315 1247 370 1282; x_wconf 89' lang='lat' dir='ltr'><strong>cum</strong></span> <span class='ocrx_word' id='word_1_138' title='bbox 388 1235 494 1297; x_wconf 86' lang='lat' dir='ltr'><strong>quinque</strong></span> <span class='ocrx_word' id='word_1_139' title='bbox 512 1233 660 1313; x_wconf 65' lang='lat' dir='ltr'><strong>regularium</strong></span> <span class='ocrx_word' id='word_1_140' title='bbox 680 1248 806 1297; x_wconf 88' lang='lat' dir='ltr'><strong>corporum</strong></span> <span class='ocrx_word' id='word_1_141' title='bbox 826 1235 987 1297; x_wconf 85' lang='lat' dir='ltr'><strong>diastematis.</strong></span> <span class='ocrx_word' id='word_1_142' title='bbox 1018 1231 1123 1293; x_wconf 81' lang='lat' dir='ltr'><strong>Quantis</strong></span> <span class='ocrx_word' id='word_1_143' title='bbox 1137 1233 1202 1281; x_wconf 89' lang='lat' dir='ltr'><strong>enim</strong></span> <span class='ocrx_word' id='word_1_144' title='bbox 1217 1230 1353 1281; x_wconf 90' lang='lat' dir='ltr'><strong>intervallis</strong></span> <span class='ocrx_word' id='word_1_145' title='bbox 1370 1229 1492 1293; x_wconf 89' lang='lat' dir='ltr'><strong>sphaerae</strong></span> <span class='ocrx_word' id='word_1_146' title='bbox 1511 1229 1559 1278; x_wconf 90' lang='lat' dir='ltr'><strong>cir·</strong></span> 
     </span>
     <span class='ocr_line' id='line_1_14' title="bbox 196 1300 1562 1368; baseline -0.004 -14"><span class='ocrx_word' id='word_1_147' title='bbox 196 1305 361 1367; x_wconf 87' lang='lat' dir='ltr'><strong>cumscriptae</strong></span> <span class='ocrx_word' id='word_1_148' title='bbox 380 1306 442 1355; x_wconf 90' lang='lat' dir='ltr'><strong>cubo</strong></span> <span class='ocrx_word' id='word_1_149' title='bbox 461 1319 505 1353; x_wconf 92' lang='lat' dir='ltr'><strong>sen</strong></span> <span class='ocrx_word' id='word_1_150' title='bbox 523 1304 660 1358; x_wconf 83' lang='lat' dir='ltr'><strong>hexeedro.</strong></span> <span class='ocrx_word' id='word_1_151' title='bbox 682 1307 804 1368; x_wconf 87' lang='lat' dir='ltr'><strong>pyramidi</strong></span> <span class='ocrx_word' id='word_1_152' title='bbox 823 1320 867 1356; x_wconf 88' lang='lat' dir='ltr'><strong>seu</strong></span> <span class='ocrx_word' id='word_1_153' title='bbox 885 1306 1023 1360; x_wconf 75' lang='lat' dir='ltr'><strong>tetraedro,</strong></span> <span class='ocrx_word' id='word_1_154' title='bbox 1042 1303 1211 1357; x_wconf 75' lang='lat' dir='ltr'><strong>dodecaedro,</strong></span> <span class='ocrx_word' id='word_1_155' title='bbox 1229 1300 1372 1358; x_wconf 80' lang='lat' dir='ltr'><strong>icoaaedro,</strong></span> <span class='ocrx_word' id='word_1_156' title='bbox 1392 1300 1525 1357; x_wconf 70' lang='lat' dir='ltr'><strong>octatdro.</strong></span> <span class='ocrx_word' id='word_1_157' title='bbox 1544 1314 1562 1349; x_wconf 92' lang='lat' dir='ltr'><strong>a</strong></span> 
     </span>
     <span class='ocr_line' id='line_1_15' title="bbox 197 1372 1560 1442; baseline 0 -19"><span class='ocrx_word' id='word_1_158' title='bbox 197 1374 307 1438; x_wconf 87' lang='lat' dir='ltr'><strong>sphaeris</strong></span> <span class='ocrx_word' id='word_1_159' title='bbox 325 1375 364 1424; x_wconf 89' lang='lat' dir='ltr'><strong>his</strong></span> <span class='ocrx_word' id='word_1_160' title='bbox 382 1376 470 1425; x_wconf 89' lang='lat' dir='ltr'><strong>iisdem</strong></span> <span class='ocrx_word' id='word_1_161' title='bbox 488 1377 628 1440; x_wconf 88' lang='lat' dir='ltr'><strong>corporibus</strong></span> <span class='ocrx_word' id='word_1_162' title='bbox 647 1377 769 1440; x_wconf 72' lang='lat' dir='ltr'><strong>inscriptio</strong></span> <span class='ocrx_word' id='word_1_163' title='bbox 788 1378 914 1442; x_wconf 72' lang='lat' dir='ltr'><strong>sigillatim</strong></span> <span class='ocrx_word' id='word_1_164' title='bbox 926 1378 1035 1432; x_wconf 75' lang='lat' dir='ltr'><strong>disteut3</strong></span> <span class='ocrx_word' id='word_1_165' title='bbox 1054 1381 1128 1424; x_wconf 88' lang='lat' dir='ltr'><strong>tenta</strong></span> <span class='ocrx_word' id='word_1_166' title='bbox 1145 1376 1222 1439; x_wconf 81' lang='lat' dir='ltr'><strong>etiem</strong></span> <span class='ocrx_word' id='word_1_167' title='bbox 1239 1373 1373 1423; x_wconf 85' lang='lat' dir='ltr'><strong>interstitia</strong></span> <span class='ocrx_word' id='word_1_168' title='bbox 1389 1375 1454 1423; x_wconf 82' lang='lat' dir='ltr'><strong>iliter</strong></span> <span class='ocrx_word' id='word_1_169' title='bbox 1470 1372 1560 1436; x_wconf 81' lang='lat' dir='ltr'><strong>plano·</strong></span> 
     </span>
     <span class='ocr_line' id='line_1_16' title="bbox 197 1444 1560 1511; baseline -0.001 -14"><span class='ocrx_word' id='word_1_170' title='bbox 197 1447 274 1497; x_wconf 81' lang='lat' dir='ltr'><strong>tarius</strong></span> <span class='ocrx_word' id='word_1_171' title='bbox 292 1447 411 1511; x_wconf 88' lang='lat' dir='ltr'><strong>sphaeras</strong></span> <span class='ocrx_word' id='word_1_172' title='bbox 430 1462 461 1497; x_wconf 83' lang='lat' dir='ltr'><strong>eu</strong></span> <span class='ocrx_word' id='word_1_173' title='bbox 479 1447 563 1498; x_wconf 87' lang='lat' dir='ltr'><strong>ordine</strong></span> <span class='ocrx_word' id='word_1_174' title='bbox 581 1449 728 1511; x_wconf 88' lang='lat' dir='ltr'><strong>interposita</strong></span> <span class='ocrx_word' id='word_1_175' title='bbox 745 1463 800 1498; x_wconf 90' lang='lat' dir='ltr'><strong>esse</strong></span> <span class='ocrx_word' id='word_1_176' title='bbox 819 1450 999 1498; x_wconf 77' lang='lat' dir='ltr'><strong>astronomicae</strong></span> <span class='ocrx_word' id='word_1_177' title='bbox 1011 1448 1194 1497; x_wconf 84' lang='lat' dir='ltr'><strong>numerationes</strong></span> <span class='ocrx_word' id='word_1_178' title='bbox 1213 1447 1344 1510; x_wconf 87' lang='lat' dir='ltr'><strong>(quantum</strong></span> <span class='ocrx_word' id='word_1_179' title='bbox 1358 1444 1455 1508; x_wconf 82' lang='lat' dir='ltr'><strong>quidem</strong></span> <span class='ocrx_word' id='word_1_180' title='bbox 1468 1444 1501 1494; x_wconf 88' lang='lat' dir='ltr'><strong>ab</strong></span> <span class='ocrx_word' id='word_1_181' title='bbox 1514 1444 1560 1496; x_wconf 82' lang='lat' dir='ltr'><strong>eis.</strong></span> 
     </span>
     <span class='ocr_line' id='line_1_17' title="bbox 197 1514 1561 1582; baseline -0.001 -15"><span class='ocrx_word' id='word_1_182' title='bbox 197 1517 284 1581; x_wconf 80' lang='lat' dir='ltr'><strong>quibua</strong></span> <span class='ocrx_word' id='word_1_183' title='bbox 303 1533 352 1568; x_wconf 93' lang='lat' dir='ltr'><strong>nou</strong></span> <span class='ocrx_word' id='word_1_184' title='bbox 371 1533 453 1582; x_wconf 87' lang='lat' dir='ltr'><strong>pauca</strong></span> <span class='ocrx_word' id='word_1_185' title='bbox 471 1519 552 1569; x_wconf 77' lang='lat' dir='ltr'><strong>udhrm</strong></span> <span class='ocrx_word' id='word_1_186' title='bbox 576 1519 681 1569; x_wconf 82' lang='lat' dir='ltr'><strong>deficere</strong></span> <span class='ocrx_word' id='word_1_187' title='bbox 703 1534 775 1568; x_wconf 90' lang='lat' dir='ltr'><strong>nemo</strong></span> <span class='ocrx_word' id='word_1_188' title='bbox 800 1520 1009 1570; x_wconf 84' lang='lat' dir='ltr'><strong>observationibus</strong></span> <span class='ocrx_word' id='word_1_189' title='bbox 1028 1520 1137 1567; x_wconf 89' lang='lat' dir='ltr'><strong>intentus</strong></span> <span class='ocrx_word' id='word_1_190' title='bbox 1155 1518 1250 1572; x_wconf 90' lang='lat' dir='ltr'><strong>nescit,</strong></span> <span class='ocrx_word' id='word_1_191' title='bbox 1275 1516 1324 1565; x_wconf 88' lang='lat' dir='ltr'><strong>hnc</strong></span> <span class='ocrx_word' id='word_1_192' title='bbox 1342 1531 1419 1580; x_wconf 84' lang='lat' dir='ltr'><strong>nsque</strong></span> <span class='ocrx_word' id='word_1_193' title='bbox 1437 1514 1561 1579; x_wconf 58' lang='lat' dir='ltr'><strong>praedari</strong></span> 
     </span>
     <span class='ocr_line' id='line_1_18' title="bbox 195 1587 1563 1654; baseline -0.001 -17"><span class='ocrx_word' id='word_1_194' title='bbox 195 1589 276 1652; x_wconf 90' lang='lat' dir='ltr'><strong>potuit</strong></span> <span class='ocrx_word' id='word_1_195' title='bbox 299 1597 343 1638; x_wconf 85' lang='lat' dir='ltr'><strong>aut</strong></span> <span class='ocrx_word' id='word_1_196' title='bbox 366 1591 511 1652; x_wconf 86' lang='lat' dir='ltr'><strong>praestitum</strong></span> <span class='ocrx_word' id='word_1_197' title='bbox 535 1587 584 1648; x_wconf 84' lang='lat' dir='ltr'><strong>est)</strong></span> <span class='ocrx_word' id='word_1_198' title='bbox 605 1590 737 1640; x_wconf 85' lang='lat' dir='ltr'><strong>clarissime</strong></span> <span class='ocrx_word' id='word_1_199' title='bbox 755 1591 875 1641; x_wconf 87' lang='lat' dir='ltr'><strong>indicant.</strong></span> <span class='ocrx_word' id='word_1_200' title='bbox 914 1593 953 1641; x_wconf 83' lang='lat' dir='ltr'><strong>Ab</strong></span> <span class='ocrx_word' id='word_1_201' title='bbox 972 1592 1019 1640; x_wconf 91' lang='lat' dir='ltr'><strong>hoc</strong></span> <span class='ocrx_word' id='word_1_202' title='bbox 1037 1591 1113 1654; x_wconf 91' lang='lat' dir='ltr'><strong>igitur</strong></span> <span class='ocrx_word' id='word_1_203' title='bbox 1129 1595 1252 1652; x_wconf 90' lang='lat' dir='ltr'><strong>tempore,</strong></span> <span class='ocrx_word' id='word_1_204' title='bbox 1277 1589 1320 1652; x_wconf 89' lang='lat' dir='ltr'><strong>qul</strong></span> <span class='ocrx_word' id='word_1_205' title='bbox 1338 1588 1459 1638; x_wconf 90' lang='lat' dir='ltr'><strong>coelorum</strong></span> <span class='ocrx_word' id='word_1_206' title='bbox 1477 1591 1563 1636; x_wconf 85' lang='lat' dir='ltr'><strong>motus</strong></span> 
     </span>
     <span class='ocr_line' id='line_1_19' title="bbox 195 1657 1561 1725; baseline -0.001 -16"><span class='ocrx_word' id='word_1_207' title='bbox 195 1659 291 1721; x_wconf 88' lang='lat' dir='ltr'><strong>plenius</strong></span> <span class='ocrx_word' id='word_1_208' title='bbox 310 1662 446 1724; x_wconf 89' lang='lat' dir='ltr'><strong>inquirere,</strong></span> <span class='ocrx_word' id='word_1_209' title='bbox 472 1668 498 1711; x_wconf 90' lang='lat' dir='ltr'><strong>et</strong></span> <span class='ocrx_word' id='word_1_210' title='bbox 516 1676 580 1725; x_wconf 86' lang='lat' dir='ltr'><strong>quae</strong></span> <span class='ocrx_word' id='word_1_211' title='bbox 601 1664 626 1711; x_wconf 94' lang='lat' dir='ltr'><strong>in</strong></span> <span class='ocrx_word' id='word_1_212' title='bbox 646 1663 797 1712; x_wconf 88' lang='lat' dir='ltr'><strong>astronomia</strong></span> <span class='ocrx_word' id='word_1_213' title='bbox 815 1663 896 1714; x_wconf 86' lang='lat' dir='ltr'><strong>adhuc</strong></span> <span class='ocrx_word' id='word_1_214' title='bbox 914 1677 1005 1712; x_wconf 89' lang='lat' dir='ltr'><strong>manca</strong></span> <span class='ocrx_word' id='word_1_215' title='bbox 1030 1668 1102 1719; x_wconf 90' lang='lat' dir='ltr'><strong>suut,</strong></span> <span class='ocrx_word' id='word_1_216' title='bbox 1128 1661 1230 1711; x_wconf 85' lang='lat' dir='ltr'><strong>reficere</strong></span> <span class='ocrx_word' id='word_1_217' title='bbox 1255 1667 1280 1709; x_wconf 88' lang='lat' dir='ltr'><strong>et</strong></span> <span class='ocrx_word' id='word_1_218' title='bbox 1298 1659 1466 1724; x_wconf 85' lang='lat' dir='ltr'><strong>redintegrare</strong></span> <span class='ocrx_word' id='word_1_219' title='bbox 1484 1657 1561 1713; x_wconf 85' lang='lat' dir='ltr'><strong>volat,</strong></span> 
     </span>
     <span class='ocr_line' id='line_1_20' title="bbox 195 1729 1561 1800; baseline -0.001 -19"><span class='ocrx_word' id='word_1_220' title='bbox 195 1731 271 1781; x_wconf 88' lang='lat' dir='ltr'><strong>babet</strong></span> <span class='ocrx_word' id='word_1_221' title='bbox 285 1735 339 1794; x_wconf 86' lang='lat' dir='ltr'><strong>jam</strong></span> <span class='ocrx_word' id='word_1_222' title='bbox 359 1733 375 1780; x_wconf 81' lang='lat' dir='ltr'><strong>i</strong></span> <span class='ocrx_word' id='word_1_223' title='bbox 393 1734 465 1796; x_wconf 88' lang='lat' dir='ltr'><strong>priori</strong></span> <span class='ocrx_word' id='word_1_224' title='bbox 486 1740 615 1797; x_wconf 86' lang='lat' dir='ltr'><strong>patentem</strong></span> <span class='ocrx_word' id='word_1_225' title='bbox 631 1737 745 1796; x_wconf 88' lang='lat' dir='ltr'><strong>januam,</strong></span> <span class='ocrx_word' id='word_1_226' title='bbox 765 1748 814 1797; x_wconf 84' lang='lat' dir='ltr'><strong>qua</strong></span> <span class='ocrx_word' id='word_1_227' title='bbox 832 1735 992 1800; x_wconf 73' lang='lat' dir='ltr'><strong>ingrediatur,</strong></span> <span class='ocrx_word' id='word_1_228' title='bbox 1010 1735 1087 1783; x_wconf 88' lang='lat' dir='ltr'><strong>babet</strong></span> <span class='ocrx_word' id='word_1_229' title='bbox 1104 1733 1267 1782; x_wconf 72' lang='lat' dir='ltr'><strong>rectissimam</strong></span> <span class='ocrx_word' id='word_1_230' title='bbox 1285 1745 1404 1791; x_wconf 90' lang='lat' dir='ltr'><strong>normam,</strong></span> <span class='ocrx_word' id='word_1_231' title='bbox 1425 1729 1458 1780; x_wconf 89' lang='lat' dir='ltr'><strong>ad</strong></span> <span class='ocrx_word' id='word_1_232' title='bbox 1475 1744 1561 1794; x_wconf 84' lang='lat' dir='ltr'><strong>quam,</strong></span> 
     </span>
     <span class='ocr_line' id='line_1_21' title="bbox 196 1801 1563 1869; baseline -0.003 -15"><span class='ocrx_word' id='word_1_233' title='bbox 196 1817 243 1854; x_wconf 87' lang='lat' dir='ltr'><strong>ceu</strong></span> <span class='ocrx_word' id='word_1_234' title='bbox 260 1802 293 1852; x_wconf 91' lang='lat' dir='ltr'><strong>ad</strong></span> <span class='ocrx_word' id='word_1_235' title='bbox 312 1803 418 1866; x_wconf 90' lang='lat' dir='ltr'><strong>Lydium</strong></span> <span class='ocrx_word' id='word_1_236' title='bbox 435 1805 557 1869; x_wconf 89' lang='lat' dir='ltr'><strong>lapidem,</strong></span> <span class='ocrx_word' id='word_1_237' title='bbox 586 1819 748 1854; x_wconf 79' lang='lat' dir='ltr'><strong>omnesones</strong></span> <span class='ocrx_word' id='word_1_238' title='bbox 773 1806 971 1866; x_wconf 84' lang='lat' dir='ltr'><strong>observationes,</strong></span> <span class='ocrx_word' id='word_1_239' title='bbox 998 1811 1124 1867; x_wconf 84' lang='lat' dir='ltr'><strong>totumque</strong></span> <span class='ocrx_word' id='word_1_240' title='bbox 1151 1803 1273 1856; x_wconf 85' lang='lat' dir='ltr'><strong>calculmu</strong></span> <span class='ocrx_word' id='word_1_241' title='bbox 1299 1804 1430 1853; x_wconf 80' lang='lat' dir='ltr'><strong>examinet.</strong></span> <span class='ocrx_word' id='word_1_242' title='bbox 1468 1801 1563 1851; x_wconf 77' lang='lat' dir='ltr'><strong>Merito</strong></span> 
     </span>
     <span class='ocr_line' id='line_1_22' title="bbox 195 1873 1561 1941; baseline 0 -19"><span class='ocrx_word' id='word_1_243' title='bbox 195 1874 271 1939; x_wconf 91' lang='lat' dir='ltr'><strong>igitur</strong></span> <span class='ocrx_word' id='word_1_244' title='bbox 283 1881 366 1925; x_wconf 89' lang='lat' dir='ltr'><strong>nostro</strong></span> <span class='ocrx_word' id='word_1_245' title='bbox 380 1876 464 1926; x_wconf 91' lang='lat' dir='ltr'><strong>seculo</strong></span> <span class='ocrx_word' id='word_1_246' title='bbox 483 1876 514 1925; x_wconf 93' lang='lat' dir='ltr'><strong>de</strong></span> <span class='ocrx_word' id='word_1_247' title='bbox 527 1877 574 1927; x_wconf 90' lang='lat' dir='ltr'><strong>hoc</strong></span> <span class='ocrx_word' id='word_1_248' title='bbox 588 1876 786 1926; x_wconf 86' lang='lat' dir='ltr'><strong>excellentissimi</strong></span> <span class='ocrx_word' id='word_1_249' title='bbox 800 1877 972 1928; x_wconf 83' lang='lat' dir='ltr'><strong>Mathematici</strong></span> <span class='ocrx_word' id='word_1_250' title='bbox 985 1877 1087 1941; x_wconf 87' lang='lat' dir='ltr'><strong>Kepleri</strong></span> <span class='ocrx_word' id='word_1_251' title='bbox 1106 1876 1301 1940; x_wconf 90' lang='lat' dir='ltr'><strong>ingeniosissimo</strong></span> <span class='ocrx_word' id='word_1_252' title='bbox 1320 1876 1421 1924; x_wconf 89' lang='lat' dir='ltr'><strong>invento</strong></span> <span class='ocrx_word' id='word_1_253' title='bbox 1438 1873 1561 1938; x_wconf 59' lang='lat' dir='ltr'><strong>grauior,</strong></span> 
     </span>
     <span class='ocr_line' id='line_1_23' title="bbox 142 1942 1416 2013; baseline 0 -19"><span class='ocrx_word' id='word_1_254' title='bbox 142 1943 145 1953; x_wconf 81' lang='grc'>’</span> <span class='ocrx_word' id='word_1_255' title='bbox 195 1942 255 1994; x_wconf 88' lang='lat' dir='ltr'><strong>nihil</strong></span> <span class='ocrx_word' id='word_1_256' title='bbox 275 1946 404 2004; x_wconf 88' lang='lat' dir='ltr'><strong>dubitans,</strong></span> <span class='ocrx_word' id='word_1_257' title='bbox 425 1950 483 2011; x_wconf 91' lang='lat' dir='ltr'><strong>quin</strong></span> <span class='ocrx_word' id='word_1_258' title='bbox 502 1949 589 2011; x_wconf 92' lang='lat' dir='ltr'><strong>perid</strong></span> <span class='ocrx_word' id='word_1_259' title='bbox 607 1955 687 1998; x_wconf 87' lang='lat' dir='ltr'><strong>totam</strong></span> <span class='ocrx_word' id='word_1_260' title='bbox 706 1950 880 2001; x_wconf 77' lang='lat' dir='ltr'><strong>mummium</strong></span> <span class='ocrx_word' id='word_1_261' title='bbox 898 1950 1039 2013; x_wconf 89' lang='lat' dir='ltr'><strong>propediem</strong></span> <span class='ocrx_word' id='word_1_262' title='bbox 1057 1953 1223 1997; x_wconf 86' lang='lat' dir='ltr'><strong>restauratam</strong></span> <span class='ocrx_word' id='word_1_263' title='bbox 1241 1947 1314 1995; x_wconf 73' lang='lat' dir='ltr'><strong>risun</strong></span> <span class='ocrx_word' id='word_1_264' title='bbox 1333 1947 1416 1995; x_wconf 90' lang='lat' dir='ltr'><strong>simus.</strong></span> 
     </span>
    </p>

    <p class='ocr_par' dir='ltr' id='par_1_4' title="bbox 190 2016 1624 2583">
     <span class='ocr_line' id='line_1_24' title="bbox 266 2016 1561 2084; baseline -0.002 -17"><span class='ocrx_word' id='word_1_265' title='bbox 266 2016 339 2078; x_wconf 85' lang='lat' dir='ltr'><strong>Quod</strong></span> <span class='ocrx_word' id='word_1_266' title='bbox 357 2019 378 2067; x_wconf 91' lang='lat' dir='ltr'><strong>si</strong></span> <span class='ocrx_word' id='word_1_267' title='bbox 396 2033 478 2083; x_wconf 89' lang='lat' dir='ltr'><strong>quem,</strong></span> <span class='ocrx_word' id='word_1_268' title='bbox 498 2021 563 2069; x_wconf 90' lang='lat' dir='ltr'><strong>sicut</strong></span> <span class='ocrx_word' id='word_1_269' title='bbox 579 2020 701 2070; x_wconf 87' lang='lat' dir='ltr'><strong>hactenns</strong></span> <span class='ocrx_word' id='word_1_270' title='bbox 719 2035 768 2069; x_wconf 91' lang='lat' dir='ltr'><strong>ncu</strong></span> <span class='ocrx_word' id='word_1_271' title='bbox 786 2035 887 2083; x_wconf 88' lang='lat' dir='ltr'><strong>paucos,</strong></span> <span class='ocrx_word' id='word_1_272' title='bbox 908 2021 1037 2084; x_wconf 84' lang='lat' dir='ltr'><strong>Copemici</strong></span> <span class='ocrx_word' id='word_1_273' title='bbox 1048 2018 1221 2081; x_wconf 81' lang='lat' dir='ltr'><strong>hypothesium</strong></span> <span class='ocrx_word' id='word_1_274' title='bbox 1234 2031 1250 2068; x_wconf 88' lang='lat' dir='ltr'><strong>a</strong></span> <span class='ocrx_word' id='word_1_275' title='bbox 1261 2017 1345 2066; x_wconf 90' lang='lat' dir='ltr'><strong>multis</strong></span> <span class='ocrx_word' id='word_1_276' title='bbox 1358 2017 1485 2080; x_wconf 87' lang='lat' dir='ltr'><strong>illegitime</strong></span> <span class='ocrx_word' id='word_1_277' title='bbox 1499 2031 1561 2066; x_wconf 91' lang='lat' dir='ltr'><strong>con·</strong></span> 
     </span>
     <span class='ocr_line' id='line_1_25' title="bbox 190 2084 1624 2154; baseline 0.001 -18"><span class='ocrx_word' id='word_1_278' title='bbox 190 2087 315 2139; x_wconf 89' lang='lat' dir='ltr'><strong>demnata</strong></span> <span class='ocrx_word' id='word_1_279' title='bbox 334 2096 360 2138; x_wconf 90' lang='lat' dir='ltr'><strong>et</strong></span> <span class='ocrx_word' id='word_1_280' title='bbox 377 2098 476 2154; x_wconf 86' lang='lat' dir='ltr'><strong>praeter</strong></span> <span class='ocrx_word' id='word_1_281' title='bbox 493 2093 615 2143; x_wconf 71' lang='lat' dir='ltr'><strong>radonem</strong></span> <span class='ocrx_word' id='word_1_282' title='bbox 633 2091 764 2142; x_wconf 75' lang='lat' dir='ltr'><strong>diffamata</strong></span> <span class='ocrx_word' id='word_1_283' title='bbox 776 2092 915 2142; x_wconf 83' lang='lat' dir='ltr'><strong>absurditas</strong></span> <span class='ocrx_word' id='word_1_284' title='bbox 928 2091 1044 2149; x_wconf 75' lang='lat' dir='ltr'><strong>offendit3</strong></span> <span class='ocrx_word' id='word_1_285' title='bbox 1065 2097 1091 2140; x_wconf 89' lang='lat' dir='ltr'><strong>et</strong></span> <span class='ocrx_word' id='word_1_286' title='bbox 1108 2090 1173 2153; x_wconf 88' lang='lat' dir='ltr'><strong>quod</strong></span> <span class='ocrx_word' id='word_1_287' title='bbox 1184 2090 1308 2151; x_wconf 88' lang='lat' dir='ltr'><strong>Keplerus</strong></span> <span class='ocrx_word' id='word_1_288' title='bbox 1326 2088 1372 2141; x_wconf 91' lang='lat' dir='ltr'><strong>boc</strong></span> <span class='ocrx_word' id='word_1_289' title='bbox 1390 2104 1435 2140; x_wconf 88' lang='lat' dir='ltr'><strong>suo</strong></span> <span class='ocrx_word' id='word_1_290' title='bbox 1449 2089 1562 2145; x_wconf 84' lang='lat' dir='ltr'><strong>inveuto,</strong></span> <span class='ocrx_word' id='word_1_291' title='bbox 1620 2084 1624 2095; x_wconf 90' lang='lat'><em>&#39;</em></span> 
     </span>
     <span class='ocr_line' id='line_1_26' title="bbox 194 2159 1562 2225; baseline 0.001 -17"><span class='ocrx_word' id='word_1_292' title='bbox 194 2174 245 2208; x_wconf 92' lang='lat' dir='ltr'><strong>una</strong></span> <span class='ocrx_word' id='word_1_293' title='bbox 265 2175 321 2209; x_wconf 89' lang='lat' dir='ltr'><strong>cnm</strong></span> <span class='ocrx_word' id='word_1_294' title='bbox 341 2160 491 2225; x_wconf 83' lang='lat' dir='ltr'><strong>Gopemico,</strong></span> <span class='ocrx_word' id='word_1_295' title='bbox 516 2163 642 2213; x_wconf 85' lang='lat' dir='ltr'><strong>stellarum</strong></span> <span class='ocrx_word' id='word_1_296' title='bbox 666 2163 769 2213; x_wconf 87' lang='lat' dir='ltr'><strong>fixarum</strong></span> <span class='ocrx_word' id='word_1_297' title='bbox 788 2165 813 2212; x_wconf 94' lang='lat' dir='ltr'><strong>in</strong></span> <span class='ocrx_word' id='word_1_298' title='bbox 832 2172 953 2222; x_wconf 85' lang='lat' dir='ltr'><strong>extremo,</strong></span> <span class='ocrx_word' id='word_1_299' title='bbox 979 2171 1005 2214; x_wconf 91' lang='lat' dir='ltr'><strong>et</strong></span> <span class='ocrx_word' id='word_1_300' title='bbox 1024 2162 1087 2214; x_wconf 83' lang='lat' dir='ltr'><strong>Solis</strong></span> <span class='ocrx_word' id='word_1_301' title='bbox 1105 2162 1131 2209; x_wconf 92' lang='lat' dir='ltr'><strong>in</strong></span> <span class='ocrx_word' id='word_1_302' title='bbox 1148 2160 1233 2211; x_wconf 89' lang='lat' dir='ltr'><strong>mundi</strong></span> <span class='ocrx_word' id='word_1_303' title='bbox 1251 2167 1336 2210; x_wconf 89' lang='lat' dir='ltr'><strong>centro</strong></span> <span class='ocrx_word' id='word_1_304' title='bbox 1354 2159 1562 2224; x_wconf 82' lang='lat' dir='ltr'><strong>immobilitatem,</strong></span> 
     </span>
     <span class='ocr_line' id='line_1_27' title="bbox 193 2230 1560 2297; baseline 0.001 -18"><span class='ocrx_word' id='word_1_305' title='bbox 193 2236 268 2296; x_wconf 81' lang='lat' dir='ltr'><strong>atque</strong></span> <span class='ocrx_word' id='word_1_306' title='bbox 294 2232 385 2283; x_wconf 83' lang='lat' dir='ltr'><strong>&#39;l&#39;errae</strong></span> <span class='ocrx_word' id='word_1_307' title='bbox 411 2242 481 2283; x_wconf 87' lang='lat' dir='ltr'><strong>extra</strong></span> <span class='ocrx_word' id='word_1_308' title='bbox 503 2235 611 2284; x_wconf 90' lang='lat' dir='ltr'><strong>medium</strong></span> <span class='ocrx_word' id='word_1_309' title='bbox 635 2235 778 2284; x_wconf 90' lang='lat' dir='ltr'><strong>circularem</strong></span> <span class='ocrx_word' id='word_1_310' title='bbox 797 2235 959 2285; x_wconf 88' lang='lat' dir='ltr'><strong>mobilitatem</strong></span> <span class='ocrx_word' id='word_1_311' title='bbox 979 2236 1082 2286; x_wconf 83' lang='lat' dir='ltr'><strong>astruit:</strong></span> <span class='ocrx_word' id='word_1_312' title='bbox 1110 2234 1130 2281; x_wconf 91' lang='lat' dir='ltr'><strong>is</strong></span> <span class='ocrx_word' id='word_1_313' title='bbox 1148 2246 1239 2297; x_wconf 88' lang='lat' dir='ltr'><strong>quaeso</strong></span> <span class='ocrx_word' id='word_1_314' title='bbox 1257 2230 1324 2295; x_wconf 89' lang='lat' dir='ltr'><strong>prins</strong></span> <span class='ocrx_word' id='word_1_315' title='bbox 1344 2246 1395 2281; x_wconf 92' lang='lat' dir='ltr'><strong>rem</strong></span> <span class='ocrx_word' id='word_1_316' title='bbox 1414 2239 1560 2296; x_wconf 87' lang='lat' dir='ltr'><strong>cognoscat,</strong></span> 
     </span>
     <span class='ocr_line' id='line_1_28' title="bbox 194 2302 1559 2369; baseline -0.002 -18"><span class='ocrx_word' id='word_1_317' title='bbox 194 2309 221 2352; x_wconf 89' lang='lat' dir='ltr'><strong>et</strong></span> <span class='ocrx_word' id='word_1_318' title='bbox 239 2305 377 2359; x_wconf 82' lang='lat' dir='ltr'><strong>examinet,</strong></span> <span class='ocrx_word' id='word_1_319' title='bbox 404 2319 478 2368; x_wconf 85' lang='lat' dir='ltr'><strong>quarn</strong></span> <span class='ocrx_word' id='word_1_320' title='bbox 497 2306 614 2369; x_wconf 86' lang='lat' dir='ltr'><strong>praecoci</strong></span> <span class='ocrx_word' id='word_1_321' title='bbox 628 2306 778 2368; x_wconf 81' lang='lat' dir='ltr'><strong>praejudicio</strong></span> <span class='ocrx_word' id='word_1_322' title='bbox 797 2309 947 2356; x_wconf 86' lang='lat' dir='ltr'><strong>sententiam</strong></span> <span class='ocrx_word' id='word_1_323' title='bbox 964 2307 1044 2362; x_wconf 84' lang='lat' dir='ltr'><strong>fsrat;</strong></span> <span class='ocrx_word' id='word_1_324' title='bbox 1071 2305 1092 2353; x_wconf 91' lang='lat' dir='ltr'><strong>is</strong></span> <span class='ocrx_word' id='word_1_325' title='bbox 1115 2303 1198 2368; x_wconf 89' lang='lat' dir='ltr'><strong>legat,</strong></span> <span class='ocrx_word' id='word_1_326' title='bbox 1226 2318 1290 2366; x_wconf 88' lang='lat' dir='ltr'><strong>qnae</strong></span> <span class='ocrx_word' id='word_1_327' title='bbox 1311 2302 1460 2367; x_wconf 84' lang='lat' dir='ltr'><strong>(lopernicus</strong></span> <span class='ocrx_word' id='word_1_328' title='bbox 1478 2303 1520 2352; x_wconf 90' lang='lat' dir='ltr'><strong>lib.</strong></span> <span class='ocrx_word' id='word_1_329' title='bbox 1539 2302 1559 2352; x_wconf 90' lang='lat'><strong>1.</strong></span> 
     </span>
     <span class='ocr_line' id='line_1_29' title="bbox 193 2373 1558 2441; baseline -0.001 -18"><span class='ocrx_word' id='word_1_330' title='bbox 193 2387 248 2436; x_wconf 82' lang='lat' dir='ltr'><strong>cap.</strong></span> <span class='ocrx_word' id='word_1_331' title='bbox 268 2373 300 2422; x_wconf 88' lang='lat' dir='ltr'><strong>V.</strong></span> <span class='ocrx_word' id='word_1_332' title='bbox 324 2382 351 2423; x_wconf 89' lang='lat' dir='ltr'><strong>et</strong></span> <span class='ocrx_word' id='word_1_333' title='bbox 375 2377 481 2440; x_wconf 87' lang='lat' dir='ltr'><strong>quinque</strong></span> <span class='ocrx_word' id='word_1_334' title='bbox 506 2378 679 2440; x_wconf 85' lang='lat' dir='ltr'><strong>sequentihus,</strong></span> <span class='ocrx_word' id='word_1_335' title='bbox 704 2379 764 2425; x_wconf 91' lang='lat' dir='ltr'><strong>item</strong></span> <span class='ocrx_word' id='word_1_336' title='bbox 786 2390 850 2439; x_wconf 86' lang='lat' dir='ltr'><strong>quae</strong></span> <span class='ocrx_word' id='word_1_337' title='bbox 879 2377 1002 2441; x_wconf 83' lang='lat' dir='ltr'><strong>Keplerns</strong></span> <span class='ocrx_word' id='word_1_338' title='bbox 1025 2384 1109 2428; x_wconf 83' lang='lat' dir='ltr'><strong>noster</strong></span> <span class='ocrx_word' id='word_1_339' title='bbox 1132 2389 1187 2438; x_wconf 86' lang='lat' dir='ltr'><strong>cop.</strong></span> <span class='ocrx_word' id='word_1_340' title='bbox 1207 2375 1226 2424; x_wconf 93' lang='lat'><strong>1.</strong></span> <span class='ocrx_word' id='word_1_341' title='bbox 1251 2377 1289 2425; x_wconf 89' lang='lat' dir='ltr'><strong>sni</strong></span> <span class='ocrx_word' id='word_1_342' title='bbox 1307 2373 1435 2423; x_wconf 84' lang='lat' dir='ltr'><strong>Prodromi</strong></span> <span class='ocrx_word' id='word_1_343' title='bbox 1457 2373 1558 2424; x_wconf 86' lang='lat' dir='ltr'><strong>scribit:</strong></span> 
     </span>
     <span class='ocr_line' id='line_1_30' title="bbox 193 2446 1562 2512; baseline -0.001 -17"><span class='ocrx_word' id='word_1_344' title='bbox 193 2459 306 2495; x_wconf 89' lang='lat' dir='ltr'><strong>necnon</strong></span> <span class='ocrx_word' id='word_1_345' title='bbox 325 2461 390 2508; x_wconf 88' lang='lat' dir='ltr'><strong>quae</strong></span> <span class='ocrx_word' id='word_1_346' title='bbox 409 2446 529 2497; x_wconf 83' lang='lat' dir='ltr'><strong>Rheticna</strong></span> <span class='ocrx_word' id='word_1_347' title='bbox 548 2455 666 2512; x_wconf 89' lang='lat' dir='ltr'><strong>sequente</strong></span> <span class='ocrx_word' id='word_1_348' title='bbox 684 2449 826 2496; x_wconf 88' lang='lat' dir='ltr'><strong>narratione</strong></span> <span class='ocrx_word' id='word_1_349' title='bbox 845 2448 935 2506; x_wconf 91' lang='lat' dir='ltr'><strong>habet,</strong></span> <span class='ocrx_word' id='word_1_350' title='bbox 965 2450 1006 2499; x_wconf 91' lang='lat' dir='ltr'><strong>ubi</strong></span> <span class='ocrx_word' id='word_1_351' title='bbox 1025 2447 1173 2512; x_wconf 87' lang='lat' dir='ltr'><strong>principales</strong></span> <span class='ocrx_word' id='word_1_352' title='bbox 1192 2448 1300 2497; x_wconf 87' lang='lat' dir='ltr'><strong>rationes</strong></span> <span class='ocrx_word' id='word_1_353' title='bbox 1319 2453 1463 2500; x_wconf 87' lang='lat' dir='ltr'><strong>enumerat,</strong></span> <span class='ocrx_word' id='word_1_354' title='bbox 1482 2461 1562 2510; x_wconf 81' lang='lat' dir='ltr'><strong>quare</strong></span> 
     </span>
     <span class='ocr_line' id='line_1_31' title="bbox 195 2517 1563 2583; baseline 0.001 -19"><span class='ocrx_word' id='word_1_355' title='bbox 195 2521 337 2565; x_wconf 88' lang='lat' dir='ltr'><strong>aveterum</strong></span> <span class='ocrx_word' id='word_1_356' title='bbox 357 2524 550 2568; x_wconf 74' lang='lat' dir='ltr'><strong>asmonomorum</strong></span> <span class='ocrx_word' id='word_1_357' title='bbox 568 2518 743 2582; x_wconf 81' lang='lat' dir='ltr'><strong>hypothesibus</strong></span> <span class='ocrx_word' id='word_1_358' title='bbox 761 2519 925 2569; x_wconf 89' lang='lat' dir='ltr'><strong>recedendum</strong></span> <span class='ocrx_word' id='word_1_359' title='bbox 944 2521 1024 2572; x_wconf 90' lang='lat' dir='ltr'><strong>fuerit</strong></span> <span class='ocrx_word' id='word_1_360' title='bbox 1063 2519 1096 2568; x_wconf 89' lang='lat' dir='ltr'><strong>Et</strong></span> <span class='ocrx_word' id='word_1_361' title='bbox 1119 2517 1226 2568; x_wconf 84' lang='lat' dir='ltr'><strong>ridebit:</strong></span> <span class='ocrx_word' id='word_1_362' title='bbox 1253 2519 1423 2583; x_wconf 88' lang='lat' dir='ltr'><strong>quaestionem</strong></span> <span class='ocrx_word' id='word_1_363' title='bbox 1446 2517 1478 2567; x_wconf 87' lang='lat' dir='ltr'><strong>de</strong></span> <span class='ocrx_word' id='word_1_364' title='bbox 1506 2517 1563 2566; x_wconf 89' lang='lat' dir='ltr'><strong>loco</strong></span> 
     </span>
    </p>
   </div>
   <div class='ocr_carea' id='block_1_4' title="bbox 106 2589 1318 2654">
    <p class='ocr_par' dir='ltr' id='par_1_5' title="bbox 106 2589 1318 2654">
     <span class='ocr_line' id='line_1_32' title="bbox 106 2589 1318 2654; baseline -0.003 -13"><span class='ocrx_word' id='word_1_365' title='bbox 106 2626 117 2641; x_wconf 82' lang='grc'><em>.</em></span> <span class='ocrx_word' id='word_1_366' title='bbox 195 2592 223 2635; x_wconf 87' lang='lat' dir='ltr'><strong>et</strong></span> <span class='ocrx_word' id='word_1_367' title='bbox 238 2593 360 2650; x_wconf 87' lang='lat' dir='ltr'><strong>perpetua</strong></span> <span class='ocrx_word' id='word_1_368' title='bbox 378 2590 460 2652; x_wconf 88' lang='lat' dir='ltr'><strong>quiete</strong></span> <span class='ocrx_word' id='word_1_369' title='bbox 479 2589 569 2639; x_wconf 88' lang='lat' dir='ltr'><strong>Terrae</strong></span> <span class='ocrx_word' id='word_1_370' title='bbox 588 2604 744 2654; x_wconf 86' lang='lat' dir='ltr'><strong>nequaqnam</strong></span> <span class='ocrx_word' id='word_1_371' title='bbox 762 2589 880 2653; x_wconf 89' lang='lat' dir='ltr'><strong>liquidam</strong></span> <span class='ocrx_word' id='word_1_372' title='bbox 899 2606 963 2642; x_wconf 87' lang='lat' dir='ltr'><strong>esse.</strong></span> <span class='ocrx_word' id='word_1_373' title='bbox 1002 2591 1097 2653; x_wconf 83' lang='lat' dir='ltr'><strong>Quibus</strong></span> <span class='ocrx_word' id='word_1_374' title='bbox 1115 2589 1182 2639; x_wconf 90' lang='lat' dir='ltr'><strong>istud</strong></span> <span class='ocrx_word' id='word_1_375' title='bbox 1201 2590 1318 2653; x_wconf 88' lang='lat' dir='ltr'><strong>adiungo.</strong></span> 
     </span>
    </p>
   </div>
   <div class='ocr_carea' id='block_1_5' title="bbox 178 2657 1565 3438">
    <p class='ocr_par' dir='ltr' id='par_1_6' title="bbox 178 2657 1565 3438">
     <span class='ocr_line' id='line_1_33' title="bbox 268 2657 1565 2726; baseline 0.001 -20"><span class='ocrx_word' id='word_1_376' title='bbox 268 2657 373 2707; x_wconf 84' lang='lat' dir='ltr'><strong>Uritatia</strong></span> <span class='ocrx_word' id='word_1_377' title='bbox 391 2674 453 2709; x_wconf 88' lang='lat' dir='ltr'><strong>sane</strong></span> <span class='ocrx_word' id='word_1_378' title='bbox 471 2660 659 2724; x_wconf 89' lang='lat' dir='ltr'><strong>hypothesibus,</strong></span> <span class='ocrx_word' id='word_1_379' title='bbox 684 2676 748 2725; x_wconf 85' lang='lat' dir='ltr'><strong>quae</strong></span> <span class='ocrx_word' id='word_1_380' title='bbox 775 2664 967 2725; x_wconf 84' lang='lat' dir='ltr'><strong>praescriptione</strong></span> <span class='ocrx_word' id='word_1_381' title='bbox 993 2665 1073 2726; x_wconf 87' lang='lat' dir='ltr'><strong>potius</strong></span> <span class='ocrx_word' id='word_1_382' title='bbox 1096 2675 1170 2724; x_wconf 85' lang='lat' dir='ltr'><strong>qnam</strong></span> <span class='ocrx_word' id='word_1_383' title='bbox 1188 2662 1285 2710; x_wconf 89' lang='lat' dir='ltr'><strong>ratione</strong></span> <span class='ocrx_word' id='word_1_384' title='bbox 1304 2659 1388 2710; x_wconf 88' lang='lat' dir='ltr'><strong>valent</strong></span> <span class='ocrx_word' id='word_1_385' title='bbox 1412 2657 1516 2717; x_wconf 77' lang='lat' dir='ltr'><strong>(idcireo</strong></span> <span class='ocrx_word' id='word_1_386' title='bbox 1536 2666 1565 2710; x_wconf 91' lang='lat' dir='ltr'><strong>et</strong></span> 
     </span>
     <span class='ocr_line' id='line_1_34' title="bbox 194 2728 1563 2796; baseline 0.002 -19"><span class='ocrx_word' id='word_1_387' title='bbox 194 2728 268 2793; x_wconf 90' lang='lat' dir='ltr'><strong>vulgo</strong></span> <span class='ocrx_word' id='word_1_388' title='bbox 288 2743 332 2778; x_wconf 85' lang='lat' dir='ltr'><strong>eas</strong></span> <span class='ocrx_word' id='word_1_389' title='bbox 350 2733 460 2794; x_wconf 87' lang='lat' dir='ltr'><strong>proponi,</strong></span> <span class='ocrx_word' id='word_1_390' title='bbox 480 2740 506 2781; x_wconf 92' lang='lat' dir='ltr'><strong>et</strong></span> <span class='ocrx_word' id='word_1_391' title='bbox 524 2739 624 2794; x_wconf 81' lang='lat' dir='ltr'><strong>tyrones</strong></span> <span class='ocrx_word' id='word_1_392' title='bbox 641 2734 753 2796; x_wconf 80' lang='lat' dir='ltr'><strong>primitus</strong></span> <span class='ocrx_word' id='word_1_393' title='bbox 770 2733 796 2783; x_wconf 91' lang='lat' dir='ltr'><strong>in</strong></span> <span class='ocrx_word' id='word_1_394' title='bbox 815 2735 859 2792; x_wconf 90' lang='lat' dir='ltr'><strong>eis,</strong></span> <span class='ocrx_word' id='word_1_395' title='bbox 878 2734 945 2785; x_wconf 88' lang='lat' dir='ltr'><strong>velut</strong></span> <span class='ocrx_word' id='word_1_396' title='bbox 958 2735 1119 2785; x_wconf 89' lang='lat' dir='ltr'><strong>communiter</strong></span> <span class='ocrx_word' id='word_1_397' title='bbox 1130 2733 1203 2789; x_wconf 69' lang='lat' dir='ltr'><strong>nous,</strong></span> <span class='ocrx_word' id='word_1_398' title='bbox 1224 2739 1250 2781; x_wconf 91' lang='lat' dir='ltr'><strong>et</strong></span> <span class='ocrx_word' id='word_1_399' title='bbox 1268 2733 1298 2781; x_wconf 93' lang='lat' dir='ltr'><strong>ob</strong></span> <span class='ocrx_word' id='word_1_400' title='bbox 1316 2732 1342 2780; x_wconf 91' lang='lat' dir='ltr'><strong>id</strong></span> <span class='ocrx_word' id='word_1_401' title='bbox 1359 2732 1440 2794; x_wconf 88' lang='lat' dir='ltr'><strong>ipsum</strong></span> <span class='ocrx_word' id='word_1_402' title='bbox 1458 2731 1563 2795; x_wconf 84' lang='lat' dir='ltr'><strong>cognitu</strong></span> 
     </span>
     <span class='ocr_line' id='line_1_35' title="bbox 195 2800 1563 2867; baseline 0.002 -18"><span class='ocrx_word' id='word_1_403' title='bbox 195 2800 361 2860; x_wconf 78' lang='lat' dir='ltr'><strong>facilioribus,</strong></span> <span class='ocrx_word' id='word_1_404' title='bbox 386 2802 510 2852; x_wconf 86' lang='lat' dir='ltr'><strong>infonnari</strong></span> <span class='ocrx_word' id='word_1_405' title='bbox 528 2805 607 2853; x_wconf 70' lang='lat' dir='ltr'><strong>sadus</strong></span> <span class='ocrx_word' id='word_1_406' title='bbox 625 2812 652 2853; x_wconf 90' lang='lat' dir='ltr'><strong>ot</strong></span> <span class='ocrx_word' id='word_1_407' title='bbox 670 2804 804 2854; x_wconf 86' lang='lat' dir='ltr'><strong>consultius</strong></span> <span class='ocrx_word' id='word_1_408' title='bbox 823 2811 874 2854; x_wconf 90' lang='lat' dir='ltr'><strong>est:</strong></span> <span class='ocrx_word' id='word_1_409' title='bbox 893 2807 930 2854; x_wconf 88' lang='lat' dir='ltr'><strong>ita</strong></span> <span class='ocrx_word' id='word_1_410' title='bbox 948 2807 1048 2857; x_wconf 88' lang='lat' dir='ltr'><strong>easdem</strong></span> <span class='ocrx_word' id='word_1_411' title='bbox 1067 2807 1092 2854; x_wconf 93' lang='lat' dir='ltr'><strong>in</strong></span> <span class='ocrx_word' id='word_1_412' title='bbox 1113 2805 1201 2854; x_wconf 83' lang='lat' dir='ltr'><strong>ceteris</strong></span> <span class='ocrx_word' id='word_1_413' title='bbox 1219 2803 1441 2867; x_wconf 81' lang='lat' dir='ltr'><strong>disputationibus,</strong></span> <span class='ocrx_word' id='word_1_414' title='bbox 1461 2802 1508 2851; x_wconf 87' lang='lat' dir='ltr'><strong>nisi</strong></span> <span class='ocrx_word' id='word_1_415' title='bbox 1528 2803 1563 2852; x_wconf 88' lang='lat' dir='ltr'><strong>ad</strong></span> 
     </span>
     <span class='ocr_line' id='line_1_36' title="bbox 178 2866 1565 2941; baseline 0 -19"><span class='ocrx_word' id='word_1_416' title='bbox 178 2866 314 2922; x_wconf 67' lang='lat' dir='ltr'><strong>&#39;memora</strong></span> <span class='ocrx_word' id='word_1_417' title='bbox 332 2876 497 2924; x_wconf 73' lang='lat' dir='ltr'><strong>asmonomiae</strong></span> <span class='ocrx_word' id='word_1_418' title='bbox 514 2876 654 2939; x_wconf 83' lang='lat' dir='ltr'><strong>penetralia</strong></span> <span class='ocrx_word' id='word_1_419' title='bbox 671 2876 857 2941; x_wconf 90' lang='lat' dir='ltr'><strong>ingrediendum</strong></span> <span class='ocrx_word' id='word_1_420' title='bbox 876 2879 915 2929; x_wconf 83' lang='lat' dir='ltr'><strong>sit.</strong></span> <span class='ocrx_word' id='word_1_421' title='bbox 936 2879 1098 2928; x_wconf 86' lang='lat' dir='ltr'><strong>communiter</strong></span> <span class='ocrx_word' id='word_1_422' title='bbox 1116 2876 1226 2932; x_wconf 89' lang='lat' dir='ltr'><strong>retineri,</strong></span> <span class='ocrx_word' id='word_1_423' title='bbox 1245 2874 1350 2924; x_wconf 91' lang='lat' dir='ltr'><strong>eandem</strong></span> <span class='ocrx_word' id='word_1_424' title='bbox 1369 2875 1399 2922; x_wconf 94' lang='lat' dir='ltr'><strong>ob</strong></span> <span class='ocrx_word' id='word_1_425' title='bbox 1418 2887 1521 2922; x_wconf 87' lang='lat' dir='ltr'><strong>cansam</strong></span> <span class='ocrx_word' id='word_1_426' title='bbox 1534 2880 1565 2923; x_wconf 92' lang='lat' dir='ltr'><strong>ut</strong></span> 
     </span>
     <span class='ocr_line' id='line_1_37' title="bbox 197 2941 1562 3013; baseline 0.001 -21"><span class='ocrx_word' id='word_1_427' title='bbox 197 2942 326 3006; x_wconf 90' lang='lat' dir='ltr'><strong>plurimum</strong></span> <span class='ocrx_word' id='word_1_428' title='bbox 346 2941 456 3008; x_wconf 86' lang='lat' dir='ltr'><strong>expedit)</strong></span> <span class='ocrx_word' id='word_1_429' title='bbox 476 2946 553 2996; x_wconf 88' lang='lat' dir='ltr'><strong>Terra</strong></span> <span class='ocrx_word' id='word_1_430' title='bbox 569 2947 594 2995; x_wconf 90' lang='lat' dir='ltr'><strong>in</strong></span> <span class='ocrx_word' id='word_1_431' title='bbox 613 2947 694 2996; x_wconf 92' lang='lat' dir='ltr'><strong>medio</strong></span> <span class='ocrx_word' id='word_1_432' title='bbox 712 2949 797 3010; x_wconf 88' lang='lat' dir='ltr'><strong>quieta</strong></span> <span class='ocrx_word' id='word_1_433' title='bbox 815 2949 944 3001; x_wconf 88' lang='lat' dir='ltr'><strong>statuitur,</strong></span> <span class='ocrx_word' id='word_1_434' title='bbox 964 2950 1090 3013; x_wconf 85' lang='lat' dir='ltr'><strong>potissimo</strong></span> <span class='ocrx_word' id='word_1_435' title='bbox 1109 2953 1254 3011; x_wconf 84' lang='lat' dir='ltr'><strong>argomento</strong></span> <span class='ocrx_word' id='word_1_436' title='bbox 1273 2960 1291 2996; x_wconf 91' lang='lat' dir='ltr'><strong>a</strong></span> <span class='ocrx_word' id='word_1_437' title='bbox 1307 2945 1444 3010; x_wconf 70' lang='lat' dir='ltr'><strong>gravitatis⁴</strong></span> <span class='ocrx_word' id='word_1_438' title='bbox 1456 2950 1483 2994; x_wconf 92' lang='lat' dir='ltr'><strong>et</strong></span> <span class='ocrx_word' id='word_1_439' title='bbox 1499 2944 1562 2994; x_wconf 85' lang='lat' dir='ltr'><strong>leri-</strong></span> 
     </span>
     <span class='ocr_line' id='line_1_38' title="bbox 195 3015 1562 3082; baseline 0.004 -20"><span class='ocrx_word' id='word_1_440' title='bbox 195 3015 254 3063; x_wconf 91' lang='lat' dir='ltr'><strong>tatis</strong></span> <span class='ocrx_word' id='word_1_441' title='bbox 272 3017 403 3064; x_wconf 88' lang='lat' dir='ltr'><strong>momentis</strong></span> <span class='ocrx_word' id='word_1_442' title='bbox 422 3017 550 3074; x_wconf 89' lang='lat' dir='ltr'><strong>desumto,</strong></span> <span class='ocrx_word' id='word_1_443' title='bbox 576 3020 635 3081; x_wconf 84' lang='lat' dir='ltr'><strong>quie</strong></span> <span class='ocrx_word' id='word_1_444' title='bbox 657 3020 744 3082; x_wconf 73' lang='lat' dir='ltr'><strong>gravia</strong></span> <span class='ocrx_word' id='word_1_445' title='bbox 762 3019 794 3068; x_wconf 88' lang='lat' dir='ltr'><strong>ed</strong></span> <span class='ocrx_word' id='word_1_446' title='bbox 812 3020 897 3068; x_wconf 90' lang='lat' dir='ltr'><strong>mnndi</strong></span> <span class='ocrx_word' id='word_1_447' title='bbox 921 3020 1028 3071; x_wconf 87' lang='lat' dir='ltr'><strong>medium</strong></span> <span class='ocrx_word' id='word_1_448' title='bbox 1051 3019 1179 3074; x_wconf 91' lang='lat' dir='ltr'><strong>deorsum,</strong></span> <span class='ocrx_word' id='word_1_449' title='bbox 1206 3018 1270 3067; x_wconf 86' lang='lat' dir='ltr'><strong>levia</strong></span> <span class='ocrx_word' id='word_1_450' title='bbox 1292 3018 1324 3066; x_wconf 93' lang='lat' dir='ltr'><strong>ab</strong></span> <span class='ocrx_word' id='word_1_451' title='bbox 1348 3016 1458 3078; x_wconf 75' lang='lat' dir='ltr'><strong>eiusdem</strong></span> <span class='ocrx_word' id='word_1_452' title='bbox 1477 3016 1562 3067; x_wconf 88' lang='lat' dir='ltr'><strong>medio</strong></span> 
     </span>
     <span class='ocr_line' id='line_1_39' title="bbox 195 3086 1561 3155; baseline 0.002 -21"><span class='ocrx_word' id='word_1_453' title='bbox 195 3100 291 3134; x_wconf 91' lang='lat' dir='ltr'><strong>sursum</strong></span> <span class='ocrx_word' id='word_1_454' title='bbox 310 3087 366 3136; x_wconf 88' lang='lat' dir='ltr'><strong>ferri</strong></span> <span class='ocrx_word' id='word_1_455' title='bbox 386 3087 509 3138; x_wconf 89' lang='lat' dir='ltr'><strong>dicuntur.</strong></span> <span class='ocrx_word' id='word_1_456' title='bbox 546 3091 582 3138; x_wconf 82' lang='lat' dir='ltr'><strong>At</strong></span> <span class='ocrx_word' id='word_1_457' title='bbox 599 3103 690 3154; x_wconf 85' lang='lat' dir='ltr'><strong>quaeso</strong></span> <span class='ocrx_word' id='word_1_458' title='bbox 709 3089 774 3139; x_wconf 88' lang='lat' dir='ltr'><strong>unde</strong></span> <span class='ocrx_word' id='word_1_459' title='bbox 793 3091 863 3139; x_wconf 91' lang='lat' dir='ltr'><strong>nobis</strong></span> <span class='ocrx_word' id='word_1_460' title='bbox 881 3091 944 3142; x_wconf 87' lang='lat' dir='ltr'><strong>haec</strong></span> <span class='ocrx_word' id='word_1_461' title='bbox 962 3092 1052 3142; x_wconf 92' lang='lat' dir='ltr'><strong>levium</strong></span> <span class='ocrx_word' id='word_1_462' title='bbox 1070 3091 1229 3155; x_wconf 78' lang='lat' dir='ltr'><strong>graviumque</strong></span> <span class='ocrx_word' id='word_1_463' title='bbox 1256 3086 1426 3151; x_wconf 78' lang='lat' dir='ltr'><strong>experientia?</strong></span> <span class='ocrx_word' id='word_1_464' title='bbox 1454 3093 1481 3138; x_wconf 90' lang='lat' dir='ltr'><strong>et</strong></span> <span class='ocrx_word' id='word_1_465' title='bbox 1498 3102 1561 3151; x_wconf 85' lang='lat' dir='ltr'><strong>quo·</strong></span> 
     </span>
     <span class='ocr_line' id='line_1_40' title="bbox 194 3160 1563 3223; baseline 0.001 -17"><span class='ocrx_word' id='word_1_466' title='bbox 194 3170 272 3221; x_wconf 79' lang='lat' dir='ltr'><strong>usque</strong></span> <span class='ocrx_word' id='word_1_467' title='bbox 297 3172 380 3208; x_wconf 88' lang='lat' dir='ltr'><strong>eornm</strong></span> <span class='ocrx_word' id='word_1_468' title='bbox 407 3161 497 3210; x_wconf 89' lang='lat' dir='ltr'><strong>notitia</strong></span> <span class='ocrx_word' id='word_1_469' title='bbox 520 3161 586 3223; x_wconf 86' lang='lat' dir='ltr'><strong>apud</strong></span> <span class='ocrx_word' id='word_1_470' title='bbox 609 3175 654 3209; x_wconf 89' lang='lat' dir='ltr'><strong>nes</strong></span> <span class='ocrx_word' id='word_1_471' title='bbox 677 3174 704 3209; x_wconf 92' lang='lat' dir='ltr'><strong>ae</strong></span> <span class='ocrx_word' id='word_1_472' title='bbox 727 3161 853 3220; x_wconf 90' lang='lat' dir='ltr'><strong>extendit,</strong></span> <span class='ocrx_word' id='word_1_473' title='bbox 880 3168 909 3212; x_wconf 91' lang='lat' dir='ltr'><strong>ut</strong></span> <span class='ocrx_word' id='word_1_474' title='bbox 932 3178 962 3212; x_wconf 88' lang='lat' dir='ltr'><strong>ex</strong></span> <span class='ocrx_word' id='word_1_475' title='bbox 992 3163 1028 3212; x_wconf 88' lang='lat' dir='ltr'><strong>eis</strong></span> <span class='ocrx_word' id='word_1_476' title='bbox 1046 3163 1122 3211; x_wconf 88' lang='lat' dir='ltr'><strong>totins</strong></span> <span class='ocrx_word' id='word_1_477' title='bbox 1140 3161 1225 3211; x_wconf 90' lang='lat' dir='ltr'><strong>mnndi</strong></span> <span class='ocrx_word' id='word_1_478' title='bbox 1243 3160 1352 3210; x_wconf 90' lang='lat' dir='ltr'><strong>medinm</strong></span> <span class='ocrx_word' id='word_1_479' title='bbox 1370 3165 1436 3209; x_wconf 90' lang='lat' dir='ltr'><strong>certo</strong></span> <span class='ocrx_word' id='word_1_480' title='bbox 1455 3173 1563 3223; x_wconf 63' lang='lat' dir='ltr'><strong>“gnere</strong></span> 
     </span>
     <span class='ocr_line' id='line_1_41' title="bbox 194 3228 1562 3296; baseline 0.001 -17"><span class='ocrx_word' id='word_1_481' title='bbox 194 3228 334 3292; x_wconf 74' lang='lat' dir='ltr'><strong>pessimus?</strong></span> <span class='ocrx_word' id='word_1_482' title='bbox 361 3232 402 3280; x_wconf 82' lang='lat' dir='ltr'><strong>An</strong></span> <span class='ocrx_word' id='word_1_483' title='bbox 420 3247 470 3281; x_wconf 93' lang='lat' dir='ltr'><strong>non</strong></span> <span class='ocrx_word' id='word_1_484' title='bbox 489 3233 568 3281; x_wconf 89' lang='lat' dir='ltr'><strong>omnis</strong></span> <span class='ocrx_word' id='word_1_485' title='bbox 586 3232 659 3282; x_wconf 88' lang='lat' dir='ltr'><strong>sedes</strong></span> <span class='ocrx_word' id='word_1_486' title='bbox 678 3237 704 3281; x_wconf 89' lang='lat' dir='ltr'><strong>et</strong></span> <span class='ocrx_word' id='word_1_487' title='bbox 722 3239 801 3282; x_wconf 89' lang='lat' dir='ltr'><strong>totum</strong></span> <span class='ocrx_word' id='word_1_488' title='bbox 819 3233 968 3284; x_wconf 86' lang='lat' dir='ltr'><strong>domicilium</strong></span> <span class='ocrx_word' id='word_1_489' title='bbox 988 3236 1096 3284; x_wconf 88' lang='lat' dir='ltr'><strong>omnium</strong></span> <span class='ocrx_word' id='word_1_490' title='bbox 1115 3245 1289 3296; x_wconf 72' lang='lat' dir='ltr'><strong>eorumquae</strong></span> <span class='ocrx_word' id='word_1_491' title='bbox 1308 3231 1377 3280; x_wconf 87' lang='lat' dir='ltr'><strong>nobis</strong></span> <span class='ocrx_word' id='word_1_492' title='bbox 1396 3231 1484 3296; x_wconf 67' lang='lat' dir='ltr'><strong>maria</strong></span> <span class='ocrx_word' id='word_1_493' title='bbox 1500 3239 1562 3281; x_wconf 87' lang='lat' dir='ltr'><strong>suut</strong></span> 
     </span>
     <span class='ocr_line' id='line_1_42' title="bbox 189 3299 1560 3369; baseline -0.001 -17"><span class='ocrx_word' id='word_1_494' title='bbox 189 3305 240 3352; x_wconf 75' lang='lat' dir='ltr'><strong>‚aut</strong></span> <span class='ocrx_word' id='word_1_495' title='bbox 257 3299 330 3357; x_wconf 80' lang='lat' dir='ltr'><strong>levia,</strong></span> <span class='ocrx_word' id='word_1_496' title='bbox 350 3301 435 3360; x_wconf 84' lang='lat' dir='ltr'><strong>Terra.</strong></span> <span class='ocrx_word' id='word_1_497' title='bbox 456 3311 481 3352; x_wconf 92' lang='lat' dir='ltr'><strong>et</strong></span> <span class='ocrx_word' id='word_1_498' title='bbox 499 3305 567 3354; x_wconf 90' lang='lat' dir='ltr'><strong>circa</strong></span> <span class='ocrx_word' id='word_1_499' title='bbox 585 3303 687 3353; x_wconf 86' lang='lat' dir='ltr'><strong>Terram</strong></span> <span class='ocrx_word' id='word_1_500' title='bbox 706 3303 825 3354; x_wconf 78' lang='lat' dir='ltr'><strong>aerest?</strong></span> <span class='ocrx_word' id='word_1_501' title='bbox 855 3303 904 3354; x_wconf 85' lang='lat' dir='ltr'><strong>Sed</strong></span> <span class='ocrx_word' id='word_1_502' title='bbox 918 3305 975 3369; x_wconf 91' lang='lat' dir='ltr'><strong>quid</strong></span> <span class='ocrx_word' id='word_1_503' title='bbox 987 3305 1073 3360; x_wconf 83' lang='lat' dir='ltr'><strong>Terra,</strong></span> <span class='ocrx_word' id='word_1_504' title='bbox 1092 3302 1150 3368; x_wconf 89' lang='lat' dir='ltr'><strong>quid</strong></span> <span class='ocrx_word' id='word_1_505' title='bbox 1169 3318 1223 3353; x_wconf 89' lang='lat' dir='ltr'><strong>eam</strong></span> <span class='ocrx_word' id='word_1_506' title='bbox 1243 3303 1354 3353; x_wconf 89' lang='lat' dir='ltr'><strong>ambiens</strong></span> <span class='ocrx_word' id='word_1_507' title='bbox 1372 3316 1424 3362; x_wconf 91' lang='lat' dir='ltr'><strong>aer,</strong></span> <span class='ocrx_word' id='word_1_508' title='bbox 1443 3308 1560 3366; x_wconf 87' lang='lat' dir='ltr'><strong>respectu</strong></span> 
     </span>
     <span class='ocr_line' id='line_1_43' title="bbox 193 3370 1557 3438; baseline 0.004 -18"><span class='ocrx_word' id='word_1_509' title='bbox 193 3370 331 3421; x_wconf 78' lang='lat' dir='ltr'><strong>immenme</strong></span> <span class='ocrx_word' id='word_1_510' title='bbox 349 3374 424 3424; x_wconf 88' lang='lat' dir='ltr'><strong>totius</strong></span> <span class='ocrx_word' id='word_1_511' title='bbox 442 3375 528 3424; x_wconf 92' lang='lat' dir='ltr'><strong>muudi</strong></span> <span class='ocrx_word' id='word_1_512' title='bbox 545 3373 691 3424; x_wconf 71' lang='lat' dir='ltr'><strong>mutatis?</strong></span> <span class='ocrx_word' id='word_1_513' title='bbox 718 3375 842 3424; x_wconf 85' lang='lat' dir='ltr'><strong>Punctum</strong></span> <span class='ocrx_word' id='word_1_514' title='bbox 855 3383 921 3432; x_wconf 90' lang='lat' dir='ltr'><strong>sunt,</strong></span> <span class='ocrx_word' id='word_1_515' title='bbox 941 3378 991 3424; x_wconf 86' lang='lat' dir='ltr'><strong>sire</strong></span> <span class='ocrx_word' id='word_1_516' title='bbox 1004 3375 1123 3438; x_wconf 89' lang='lat' dir='ltr'><strong>punctuli,</strong></span> <span class='ocrx_word' id='word_1_517' title='bbox 1143 3381 1170 3425; x_wconf 92' lang='lat' dir='ltr'><strong>et</strong></span> <span class='ocrx_word' id='word_1_518' title='bbox 1186 3376 1207 3424; x_wconf 83' lang='lat' dir='ltr'><strong>ai</strong></span> <span class='ocrx_word' id='word_1_519' title='bbox 1225 3374 1283 3438; x_wconf 85' lang='lat' dir='ltr'><strong>quid</strong></span> <span class='ocrx_word' id='word_1_520' title='bbox 1301 3374 1381 3423; x_wconf 88' lang='lat' dir='ltr'><strong>minus</strong></span> <span class='ocrx_word' id='word_1_521' title='bbox 1399 3373 1448 3423; x_wconf 92' lang='lat' dir='ltr'><strong>dici</strong></span> <span class='ocrx_word' id='word_1_522' title='bbox 1465 3381 1557 3438; x_wconf 68' lang='lat' dir='ltr'><strong>possm.</strong></span> 
     </span>
    </p>
   </div>
   <div class='ocr_carea' id='block_1_6' title="bbox 106 3443 1555 3511">
    <p class='ocr_par' dir='ltr' id='par_1_7' title="bbox 106 3443 1555 3511">
     <span class='ocr_line' id='line_1_44' title="bbox 106 3443 1555 3511; baseline 0.001 -18"><span class='ocrx_word' id='word_1_523' title='bbox 106 3444 111 3453; x_wconf 91' lang='lat'><em>&#39;</em></span> <span class='ocrx_word' id='word_1_524' title='bbox 193 3443 316 3493; x_wconf 85' lang='lat' dir='ltr'><strong>rationem</strong></span> <span class='ocrx_word' id='word_1_525' title='bbox 327 3443 429 3495; x_wconf 83' lang='lat' dir='ltr'><strong>habent</strong></span> <span class='ocrx_word' id='word_1_526' title='bbox 459 3445 533 3506; x_wconf 83' lang='lat' dir='ltr'><strong>Quod</strong></span> <span class='ocrx_word' id='word_1_527' title='bbox 551 3461 607 3496; x_wconf 90' lang='lat' dir='ltr'><strong>cum</strong></span> <span class='ocrx_word' id='word_1_528' title='bbox 625 3447 665 3501; x_wconf 90' lang='lat' dir='ltr'><strong>sit,</strong></span> <span class='ocrx_word' id='word_1_529' title='bbox 686 3461 718 3496; x_wconf 88' lang='lat' dir='ltr'><strong>an</strong></span> <span class='ocrx_word' id='word_1_530' title='bbox 737 3462 786 3495; x_wconf 92' lang='lat' dir='ltr'><strong>non</strong></span> <span class='ocrx_word' id='word_1_531' title='bbox 804 3446 972 3511; x_wconf 87' lang='lat' dir='ltr'><strong>philosophum</strong></span> <span class='ocrx_word' id='word_1_532' title='bbox 992 3448 1115 3497; x_wconf 88' lang='lat' dir='ltr'><strong>dicturum</strong></span> <span class='ocrx_word' id='word_1_533' title='bbox 1133 3453 1216 3510; x_wconf 88' lang='lat' dir='ltr'><strong>putas,</strong></span> <span class='ocrx_word' id='word_1_534' title='bbox 1235 3445 1300 3508; x_wconf 87' lang='lat' dir='ltr'><strong>quod</strong></span> <span class='ocrx_word' id='word_1_535' title='bbox 1317 3445 1415 3495; x_wconf 90' lang='lat' dir='ltr'><strong>inlirma</strong></span> <span class='ocrx_word' id='word_1_536' title='bbox 1426 3459 1555 3510; x_wconf 71' lang='lat' dir='ltr'><strong>argumen-</strong></span> 
     </span>
    </p>
   </div>
   <div class='ocr_carea' id='block_1_7' title="bbox 189 3514 1563 4872">
    <p class='ocr_par' dir='ltr' id='par_1_8' title="bbox 192 3514 1562 4148">
     <span class='ocr_line' id='line_1_45' title="bbox 192 3514 1557 3582; baseline 0.002 -19"><span class='ocrx_word' id='word_1_537' title='bbox 192 3514 256 3564; x_wconf 83' lang='lat' dir='ltr'><strong>tatio</strong></span> <span class='ocrx_word' id='word_1_538' title='bbox 275 3528 291 3563; x_wconf 85' lang='lat' dir='ltr'><strong>e</strong></span> <span class='ocrx_word' id='word_1_539' title='bbox 309 3517 440 3579; x_wconf 92' lang='lat' dir='ltr'><strong>particula,</strong></span> <span class='ocrx_word' id='word_1_540' title='bbox 459 3518 510 3567; x_wconf 90' lang='lat' dir='ltr'><strong>sive</strong></span> <span class='ocrx_word' id='word_1_541' title='bbox 528 3515 575 3567; x_wconf 92' lang='lat' dir='ltr'><strong>hoc</strong></span> <span class='ocrx_word' id='word_1_542' title='bbox 592 3517 710 3581; x_wconf 90' lang='lat' dir='ltr'><strong>punctulo</strong></span> <span class='ocrx_word' id='word_1_543' title='bbox 730 3517 762 3567; x_wconf 92' lang='lat' dir='ltr'><strong>ad</strong></span> <span class='ocrx_word' id='word_1_544' title='bbox 781 3524 858 3567; x_wconf 86' lang='lat' dir='ltr'><strong>totum</strong></span> <span class='ocrx_word' id='word_1_545' title='bbox 871 3519 988 3568; x_wconf 90' lang='lat' dir='ltr'><strong>mundum</strong></span> <span class='ocrx_word' id='word_1_546' title='bbox 1001 3517 1147 3568; x_wconf 76' lang='lat' dir='ltr'><strong>extruetur?</strong></span> <span class='ocrx_word' id='word_1_547' title='bbox 1175 3517 1231 3569; x_wconf 86' lang='lat' dir='ltr'><strong>Non</strong></span> <span class='ocrx_word' id='word_1_548' title='bbox 1251 3532 1309 3581; x_wconf 90' lang='lat' dir='ltr'><strong>ergo</strong></span> <span class='ocrx_word' id='word_1_549' title='bbox 1334 3531 1364 3567; x_wconf 91' lang='lat' dir='ltr'><strong>ex</strong></span> <span class='ocrx_word' id='word_1_550' title='bbox 1385 3517 1424 3574; x_wconf 88' lang='lat' dir='ltr'><strong>iia,</strong></span> <span class='ocrx_word' id='word_1_551' title='bbox 1443 3531 1507 3582; x_wconf 81' lang='lat' dir='ltr'><strong>quae</strong></span> <span class='ocrx_word' id='word_1_552' title='bbox 1522 3516 1557 3566; x_wconf 90' lang='lat' dir='ltr'><strong>ad</strong></span> 
     </span>
     <span class='ocr_line' id='line_1_46' title="bbox 192 3582 1558 3654; baseline 0.003 -19"><span class='ocrx_word' id='word_1_553' title='bbox 192 3582 240 3635; x_wconf 85' lang='lat' dir='ltr'><strong>hoc</strong></span> <span class='ocrx_word' id='word_1_554' title='bbox 258 3587 402 3649; x_wconf 88' lang='lat' dir='ltr'><strong>punctulum</strong></span> <span class='ocrx_word' id='word_1_555' title='bbox 421 3595 550 3654; x_wconf 89' lang='lat' dir='ltr'><strong>appetunt,</strong></span> <span class='ocrx_word' id='word_1_556' title='bbox 568 3589 609 3639; x_wconf 78' lang='lat' dir='ltr'><strong>tel</strong></span> <span class='ocrx_word' id='word_1_557' title='bbox 629 3589 660 3638; x_wconf 93' lang='lat' dir='ltr'><strong>ab</strong></span> <span class='ocrx_word' id='word_1_558' title='bbox 680 3604 708 3638; x_wconf 93' lang='lat' dir='ltr'><strong>eo</strong></span> <span class='ocrx_word' id='word_1_559' title='bbox 727 3589 866 3654; x_wconf 86' lang='lat' dir='ltr'><strong>refugiunt,</strong></span> <span class='ocrx_word' id='word_1_560' title='bbox 884 3591 915 3639; x_wconf 92' lang='lat' dir='ltr'><strong>de</strong></span> <span class='ocrx_word' id='word_1_561' title='bbox 934 3603 1107 3654; x_wconf 81' lang='lat' dir='ltr'><strong>speciosissimi</strong></span> <span class='ocrx_word' id='word_1_562' title='bbox 1126 3589 1199 3651; x_wconf 83' lang='lat' dir='ltr'><strong>hujus</strong></span> <span class='ocrx_word' id='word_1_563' title='bbox 1217 3588 1301 3637; x_wconf 92' lang='lat' dir='ltr'><strong>muudi</strong></span> <span class='ocrx_word' id='word_1_564' title='bbox 1320 3594 1405 3638; x_wconf 91' lang='lat' dir='ltr'><strong>centro</strong></span> <span class='ocrx_word' id='word_1_565' title='bbox 1424 3589 1486 3639; x_wconf 85' lang='lat' dir='ltr'><strong>certi</strong></span> <span class='ocrx_word' id='word_1_566' title='bbox 1503 3602 1558 3638; x_wconf 86' lang='lat' dir='ltr'><strong>esse</strong></span> 
     </span>
     <span class='ocr_line' id='line_1_47' title="bbox 192 3658 1562 3725; baseline 0.003 -20"><span class='ocrx_word' id='word_1_567' title='bbox 192 3671 328 3721; x_wconf 90' lang='lat' dir='ltr'><strong>possumus.</strong></span> <span class='ocrx_word' id='word_1_568' title='bbox 360 3659 453 3709; x_wconf 76' lang='lat' dir='ltr'><strong>bocum</strong></span> <span class='ocrx_word' id='word_1_569' title='bbox 472 3660 570 3725; x_wconf 87' lang='lat' dir='ltr'><strong>quidem</strong></span> <span class='ocrx_word' id='word_1_570' title='bbox 589 3676 660 3710; x_wconf 89' lang='lat' dir='ltr'><strong>suum</strong></span> <span class='ocrx_word' id='word_1_571' title='bbox 679 3661 810 3725; x_wconf 88' lang='lat' dir='ltr'><strong>proprium,</strong></span> <span class='ocrx_word' id='word_1_572' title='bbox 829 3662 870 3724; x_wconf 91' lang='lat' dir='ltr'><strong>qui</strong></span> <span class='ocrx_word' id='word_1_573' title='bbox 889 3661 1031 3725; x_wconf 90' lang='lat' dir='ltr'><strong>philosopho</strong></span> <span class='ocrx_word' id='word_1_574' title='bbox 1050 3666 1115 3709; x_wconf 89' lang='lat' dir='ltr'><strong>toste</strong></span> <span class='ocrx_word' id='word_1_575' title='bbox 1135 3665 1173 3709; x_wconf 89' lang='lat' dir='ltr'><strong>est</strong></span> <span class='ocrx_word' id='word_1_576' title='bbox 1191 3660 1310 3724; x_wconf 80' lang='lat' dir='ltr'><strong>perfectio</strong></span> <span class='ocrx_word' id='word_1_577' title='bbox 1329 3659 1373 3716; x_wconf 90' lang='lat' dir='ltr'><strong>rei,</strong></span> <span class='ocrx_word' id='word_1_578' title='bbox 1390 3658 1455 3709; x_wconf 89' lang='lat' dir='ltr'><strong>haec</strong></span> <span class='ocrx_word' id='word_1_579' title='bbox 1473 3665 1562 3709; x_wconf 74' lang='lat' dir='ltr'><strong>nostm</strong></span> 
     </span>
     <span class='ocr_line' id='line_1_48' title="bbox 192 3728 1561 3796; baseline 0.003 -20"><span class='ocrx_word' id='word_1_580' title='bbox 192 3729 279 3794; x_wconf 90' lang='lat' dir='ltr'><strong>gravia</strong></span> <span class='ocrx_word' id='word_1_581' title='bbox 304 3737 330 3778; x_wconf 90' lang='lat' dir='ltr'><strong>et</strong></span> <span class='ocrx_word' id='word_1_582' title='bbox 356 3732 421 3781; x_wconf 91' lang='lat' dir='ltr'><strong>leria</strong></span> <span class='ocrx_word' id='word_1_583' title='bbox 444 3747 460 3781; x_wconf 90' lang='lat' dir='ltr'><strong>a</strong></span> <span class='ocrx_word' id='word_1_584' title='bbox 482 3738 575 3781; x_wconf 88' lang='lat' dir='ltr'><strong>natura</strong></span> <span class='ocrx_word' id='word_1_585' title='bbox 593 3733 639 3782; x_wconf 89' lang='lat' dir='ltr'><strong>sibi</strong></span> <span class='ocrx_word' id='word_1_586' title='bbox 658 3732 775 3781; x_wconf 91' lang='lat' dir='ltr'><strong>tributum</strong></span> <span class='ocrx_word' id='word_1_587' title='bbox 795 3738 930 3795; x_wconf 88' lang='lat' dir='ltr'><strong>appetunt,</strong></span> <span class='ocrx_word' id='word_1_588' title='bbox 957 3747 1031 3796; x_wconf 91' lang='lat' dir='ltr'><strong>quam</strong></span> <span class='ocrx_word' id='word_1_589' title='bbox 1055 3731 1227 3789; x_wconf 77' lang='lat' dir='ltr'><strong>affectionem,</strong></span> <span class='ocrx_word' id='word_1_590' title='bbox 1255 3738 1283 3781; x_wconf 92' lang='lat' dir='ltr'><strong>ut</strong></span> <span class='ocrx_word' id='word_1_591' title='bbox 1302 3730 1451 3794; x_wconf 83' lang='lat' dir='ltr'><strong>Oopernicns</strong></span> <span class='ocrx_word' id='word_1_592' title='bbox 1470 3730 1511 3779; x_wconf 90' lang='lat' dir='ltr'><strong>lib.</strong></span> <span class='ocrx_word' id='word_1_593' title='bbox 1535 3728 1561 3780; x_wconf 88' lang='lat'><strong>1.</strong></span> 
     </span>
     <span class='ocr_line' id='line_1_49' title="bbox 192 3798 1560 3866; baseline 0.001 -16"><span class='ocrx_word' id='word_1_594' title='bbox 192 3813 247 3863; x_wconf 88' lang='lat' dir='ltr'><strong>cap.</strong></span> <span class='ocrx_word' id='word_1_595' title='bbox 268 3798 292 3848; x_wconf 86' lang='grc'><strong>9.</strong></span> <span class='ocrx_word' id='word_1_596' title='bbox 313 3803 407 3852; x_wconf 87' lang='lat' dir='ltr'><strong>erudite</strong></span> <span class='ocrx_word' id='word_1_597' title='bbox 427 3803 538 3860; x_wconf 91' lang='lat' dir='ltr'><strong>disserit,</strong></span> <span class='ocrx_word' id='word_1_598' title='bbox 559 3803 674 3853; x_wconf 89' lang='lat' dir='ltr'><strong>credibile</strong></span> <span class='ocrx_word' id='word_1_599' title='bbox 693 3812 733 3853; x_wconf 91' lang='lat' dir='ltr'><strong>est</strong></span> <span class='ocrx_word' id='word_1_600' title='bbox 750 3805 826 3853; x_wconf 87' lang='lat' dir='ltr'><strong>etiam</strong></span> <span class='ocrx_word' id='word_1_601' title='bbox 844 3803 910 3861; x_wconf 84' lang='lat' dir='ltr'><strong>Soli,</strong></span> <span class='ocrx_word' id='word_1_602' title='bbox 928 3804 1029 3862; x_wconf 88' lang='lat' dir='ltr'><strong>Lunae,</strong></span> <span class='ocrx_word' id='word_1_603' title='bbox 1055 3805 1190 3866; x_wconf 86' lang='lat' dir='ltr'><strong>ceterisque</strong></span> <span class='ocrx_word' id='word_1_604' title='bbox 1216 3804 1349 3852; x_wconf 89' lang='lat' dir='ltr'><strong>errantium</strong></span> <span class='ocrx_word' id='word_1_605' title='bbox 1368 3801 1501 3866; x_wconf 83' lang='lat' dir='ltr'><strong>fulgoribus</strong></span> <span class='ocrx_word' id='word_1_606' title='bbox 1519 3803 1560 3852; x_wconf 81' lang='lat' dir='ltr'><strong>in·</strong></span> 
     </span>
     <span class='ocr_line' id='line_1_50' title="bbox 193 3872 1562 3939; baseline 0.001 -18"><span class='ocrx_word' id='word_1_607' title='bbox 193 3885 255 3926; x_wconf 83' lang='lat' dir='ltr'><strong>esse.</strong></span> <span class='ocrx_word' id='word_1_608' title='bbox 274 3879 303 3920; x_wconf 92' lang='lat' dir='ltr'><strong>ut</strong></span> <span class='ocrx_word' id='word_1_609' title='bbox 321 3876 373 3936; x_wconf 83' lang='lat' dir='ltr'><strong>ejus</strong></span> <span class='ocrx_word' id='word_1_610' title='bbox 393 3875 505 3927; x_wconf 84' lang='lat' dir='ltr'><strong>efficacia</strong></span> <span class='ocrx_word' id='word_1_611' title='bbox 523 3877 548 3924; x_wconf 94' lang='lat' dir='ltr'><strong>in</strong></span> <span class='ocrx_word' id='word_1_612' title='bbox 568 3891 607 3931; x_wconf 89' lang='lat' dir='ltr'><strong>ea,</strong></span> <span class='ocrx_word' id='word_1_613' title='bbox 627 3890 677 3939; x_wconf 89' lang='lat' dir='ltr'><strong>qua</strong></span> <span class='ocrx_word' id='word_1_614' title='bbox 696 3890 723 3924; x_wconf 91' lang='lat' dir='ltr'><strong>se</strong></span> <span class='ocrx_word' id='word_1_615' title='bbox 741 3882 940 3938; x_wconf 86' lang='lat' dir='ltr'><strong>repraesentant,</strong></span> <span class='ocrx_word' id='word_1_616' title='bbox 960 3876 1111 3926; x_wconf 85' lang='lat' dir='ltr'><strong>rotunditate</strong></span> <span class='ocrx_word' id='word_1_617' title='bbox 1129 3880 1309 3938; x_wconf 87' lang='lat' dir='ltr'><strong>permaneant:</strong></span> <span class='ocrx_word' id='word_1_618' title='bbox 1332 3873 1432 3938; x_wconf 87' lang='lat' dir='ltr'><strong>quodsi</strong></span> <span class='ocrx_word' id='word_1_619' title='bbox 1451 3875 1471 3922; x_wconf 92' lang='lat' dir='ltr'><strong>is</strong></span> <span class='ocrx_word' id='word_1_620' title='bbox 1490 3872 1562 3923; x_wconf 90' lang='lat' dir='ltr'><strong>locus</strong></span> 
     </span>
     <span class='ocr_line' id='line_1_51' title="bbox 193 3941 1561 4011; baseline 0.002 -18"><span class='ocrx_word' id='word_1_621' title='bbox 193 3941 283 3993; x_wconf 89' lang='lat' dir='ltr'><strong>alicubi</strong></span> <span class='ocrx_word' id='word_1_622' title='bbox 302 3945 373 3997; x_wconf 89' lang='lat' dir='ltr'><strong>simul</strong></span> <span class='ocrx_word' id='word_1_623' title='bbox 392 3944 424 3996; x_wconf 92' lang='lat' dir='ltr'><strong>sit</strong></span> <span class='ocrx_word' id='word_1_624' title='bbox 443 3947 528 3997; x_wconf 90' lang='lat' dir='ltr'><strong>mundi</strong></span> <span class='ocrx_word' id='word_1_625' title='bbox 548 3954 668 4004; x_wconf 88' lang='lat' dir='ltr'><strong>centrum,</strong></span> <span class='ocrx_word' id='word_1_626' title='bbox 687 3947 713 3996; x_wconf 89' lang='lat' dir='ltr'><strong>id</strong></span> <span class='ocrx_word' id='word_1_627' title='bbox 730 3962 781 3996; x_wconf 92' lang='lat' dir='ltr'><strong>non</strong></span> <span class='ocrx_word' id='word_1_628' title='bbox 796 3947 843 3995; x_wconf 86' lang='lat' dir='ltr'><strong>nisi</strong></span> <span class='ocrx_word' id='word_1_629' title='bbox 856 3961 899 4011; x_wconf 88' lang='lat' dir='ltr'><strong>per</strong></span> <span class='ocrx_word' id='word_1_630' title='bbox 912 3948 1027 3998; x_wconf 86' lang='lat' dir='ltr'><strong>accidens</strong></span> <span class='ocrx_word' id='word_1_631' title='bbox 1041 3947 1170 4011; x_wconf 89' lang='lat' dir='ltr'><strong>contingit.</strong></span> <span class='ocrx_word' id='word_1_632' title='bbox 1199 3945 1293 3994; x_wconf 82' lang='lat' dir='ltr'><strong>Verum</strong></span> <span class='ocrx_word' id='word_1_633' title='bbox 1307 3943 1435 4009; x_wconf 86' lang='lat' dir='ltr'><strong>Gopernlcl</strong></span> <span class='ocrx_word' id='word_1_634' title='bbox 1447 3946 1561 3996; x_wconf 90' lang='lat' dir='ltr'><strong>rationes</strong></span> 
     </span>
     <span class='ocr_line' id='line_1_52' title="bbox 192 4016 1562 4083; baseline 0.004 -21"><span class='ocrx_word' id='word_1_635' title='bbox 192 4017 373 4072; x_wconf 78' lang='lat' dir='ltr'><strong>astronomicae</strong></span> <span class='ocrx_word' id='word_1_636' title='bbox 392 4033 441 4067; x_wconf 93' lang='lat' dir='ltr'><strong>non</strong></span> <span class='ocrx_word' id='word_1_637' title='bbox 461 4032 477 4066; x_wconf 86' lang='lat' dir='ltr'><strong>a</strong></span> <span class='ocrx_word' id='word_1_638' title='bbox 494 4018 632 4083; x_wconf 87' lang='lat' dir='ltr'><strong>particula,</strong></span> <span class='ocrx_word' id='word_1_639' title='bbox 658 4031 737 4083; x_wconf 87' lang='lat' dir='ltr'><strong>eaque</strong></span> <span class='ocrx_word' id='word_1_640' title='bbox 763 4018 942 4075; x_wconf 89' lang='lat' dir='ltr'><strong>minutissima,</strong></span> <span class='ocrx_word' id='word_1_641' title='bbox 967 4018 999 4067; x_wconf 92' lang='lat' dir='ltr'><strong>ad</strong></span> <span class='ocrx_word' id='word_1_642' title='bbox 1017 4024 1111 4066; x_wconf 90' lang='lat' dir='ltr'><strong>totum:</strong></span> <span class='ocrx_word' id='word_1_643' title='bbox 1135 4017 1179 4067; x_wconf 92' lang='lat' dir='ltr'><strong>sed</strong></span> <span class='ocrx_word' id='word_1_644' title='bbox 1198 4024 1298 4076; x_wconf 88' lang='lat' dir='ltr'><strong>contra,</strong></span> <span class='ocrx_word' id='word_1_645' title='bbox 1318 4031 1335 4067; x_wconf 93' lang='lat' dir='ltr'><strong>a</strong></span> <span class='ocrx_word' id='word_1_646' title='bbox 1352 4021 1404 4066; x_wconf 91' lang='lat' dir='ltr'><strong>toto</strong></span> <span class='ocrx_word' id='word_1_647' title='bbox 1424 4016 1455 4066; x_wconf 87' lang='lat' dir='ltr'><strong>ad</strong></span> <span class='ocrx_word' id='word_1_648' title='bbox 1473 4020 1562 4081; x_wconf 84' lang='lat' dir='ltr'><strong>partes</strong></span> 
     </span>
     <span class='ocr_line' id='line_1_53' title="bbox 193 4085 338 4148; baseline 0.014 -15"><span class='ocrx_word' id='word_1_649' title='bbox 193 4085 338 4148; x_wconf 90' lang='lat' dir='ltr'><strong>procedunt.</strong></span> 
     </span>
    </p>

    <p class='ocr_par' dir='ltr' id='par_1_9' title="bbox 189 4153 1563 4872">
     <span class='ocr_line' id='line_1_54' title="bbox 263 4153 1561 4226; baseline 0.002 -20"><span class='ocrx_word' id='word_1_650' title='bbox 263 4153 313 4206; x_wconf 82' lang='lat' dir='ltr'><strong>Sed</strong></span> <span class='ocrx_word' id='word_1_651' title='bbox 332 4164 358 4208; x_wconf 91' lang='lat' dir='ltr'><strong>et</strong></span> <span class='ocrx_word' id='word_1_652' title='bbox 376 4173 406 4209; x_wconf 89' lang='lat' dir='ltr'><strong>ex</strong></span> <span class='ocrx_word' id='word_1_653' title='bbox 424 4161 476 4223; x_wconf 90' lang='lat' dir='ltr'><strong>ipso</strong></span> <span class='ocrx_word' id='word_1_654' title='bbox 495 4158 669 4222; x_wconf 86' lang='lat' dir='ltr'><strong>hypothesium</strong></span> <span class='ocrx_word' id='word_1_655' title='bbox 687 4161 836 4209; x_wconf 86' lang='lat' dir='ltr'><strong>usitatarum</strong></span> <span class='ocrx_word' id='word_1_656' title='bbox 849 4166 875 4209; x_wconf 87' lang='lat' dir='ltr'><strong>et</strong></span> <span class='ocrx_word' id='word_1_657' title='bbox 887 4159 1016 4224; x_wconf 87' lang='lat' dir='ltr'><strong>Copernioi</strong></span> <span class='ocrx_word' id='word_1_658' title='bbox 1028 4173 1144 4223; x_wconf 89' lang='lat' dir='ltr'><strong>processu</strong></span> <span class='ocrx_word' id='word_1_659' title='bbox 1156 4160 1230 4211; x_wconf 88' lang='lat' dir='ltr'><strong>facile</strong></span> <span class='ocrx_word' id='word_1_660' title='bbox 1244 4162 1395 4226; x_wconf 75' lang='lat' dir='ltr'><strong>agnoscitur,</strong></span> <span class='ocrx_word' id='word_1_661' title='bbox 1414 4163 1485 4208; x_wconf 90' lang='lat' dir='ltr'><strong>utrae</strong></span> <span class='ocrx_word' id='word_1_662' title='bbox 1503 4158 1561 4222; x_wconf 91' lang='lat' dir='ltr'><strong>plns</strong></span> 
     </span>
     <span class='ocr_line' id='line_1_55' title="bbox 194 4225 1563 4296; baseline 0.002 -19"><span class='ocrx_word' id='word_1_663' title='bbox 194 4225 253 4278; x_wconf 77' lang='lat' dir='ltr'><strong>tuot</strong></span> <span class='ocrx_word' id='word_1_664' title='bbox 275 4237 424 4280; x_wconf 84' lang='lat' dir='ltr'><strong>mereantur.</strong></span> <span class='ocrx_word' id='word_1_665' title='bbox 462 4231 560 4280; x_wconf 80' lang='lat' dir='ltr'><strong>Etenim</strong></span> <span class='ocrx_word' id='word_1_666' title='bbox 580 4231 709 4295; x_wconf 85' lang='lat' dir='ltr'><strong>Copemici</strong></span> <span class='ocrx_word' id='word_1_667' title='bbox 736 4230 884 4294; x_wconf 84' lang='lat' dir='ltr'><strong>hypotheses</strong></span> <span class='ocrx_word' id='word_1_668' title='bbox 912 4233 1020 4281; x_wconf 92' lang='lat' dir='ltr'><strong>omnium</strong></span> <span class='ocrx_word' id='word_1_669' title='bbox 1047 4232 1140 4281; x_wconf 88' lang='lat' dir='ltr'><strong>orbium</strong></span> <span class='ocrx_word' id='word_1_670' title='bbox 1163 4238 1189 4282; x_wconf 91' lang='lat' dir='ltr'><strong>et</strong></span> <span class='ocrx_word' id='word_1_671' title='bbox 1214 4233 1373 4296; x_wconf 87' lang='lat' dir='ltr'><strong>sphaerarum</strong></span> <span class='ocrx_word' id='word_1_672' title='bbox 1399 4231 1509 4280; x_wconf 88' lang='lat' dir='ltr'><strong>ordinem</strong></span> <span class='ocrx_word' id='word_1_673' title='bbox 1533 4239 1563 4280; x_wconf 89' lang='lat' dir='ltr'><strong>et</strong></span> 
     </span>
     <span class='ocr_line' id='line_1_56' title="bbox 191 4299 1561 4368; baseline 0.002 -20"><span class='ocrx_word' id='word_1_674' title='bbox 191 4300 387 4364; x_wconf 76' lang='lat' dir='ltr'><strong>magnitudinem</strong></span> <span class='ocrx_word' id='word_1_675' title='bbox 406 4303 441 4351; x_wconf 87' lang='lat' dir='ltr'><strong>sic</strong></span> <span class='ocrx_word' id='word_1_676' title='bbox 459 4308 604 4364; x_wconf 85' lang='lat' dir='ltr'><strong>numerant,</strong></span> <span class='ocrx_word' id='word_1_677' title='bbox 630 4299 777 4365; x_wconf 86' lang='lat' dir='ltr'><strong>disponunt,</strong></span> <span class='ocrx_word' id='word_1_678' title='bbox 803 4309 956 4353; x_wconf 88' lang='lat' dir='ltr'><strong>connectunt</strong></span> <span class='ocrx_word' id='word_1_679' title='bbox 980 4312 1006 4352; x_wconf 93' lang='lat' dir='ltr'><strong>et</strong></span> <span class='ocrx_word' id='word_1_680' title='bbox 1028 4304 1177 4360; x_wconf 91' lang='lat' dir='ltr'><strong>metiuntur,</strong></span> <span class='ocrx_word' id='word_1_681' title='bbox 1202 4310 1231 4352; x_wconf 93' lang='lat' dir='ltr'><strong>ut</strong></span> <span class='ocrx_word' id='word_1_682' title='bbox 1248 4303 1307 4352; x_wconf 90' lang='lat' dir='ltr'><strong>nibil</strong></span> <span class='ocrx_word' id='word_1_683' title='bbox 1327 4303 1458 4368; x_wconf 86' lang='lat' dir='ltr'><strong>quicquam</strong></span> <span class='ocrx_word' id='word_1_684' title='bbox 1476 4302 1501 4350; x_wconf 90' lang='lat' dir='ltr'><strong>in</strong></span> <span class='ocrx_word' id='word_1_685' title='bbox 1521 4303 1561 4351; x_wconf 86' lang='lat' dir='ltr'><strong>eis</strong></span> 
     </span>
     <span class='ocr_line' id='line_1_57' title="bbox 191 4372 1561 4438; baseline 0.004 -20"><span class='ocrx_word' id='word_1_686' title='bbox 191 4372 282 4420; x_wconf 89' lang='lat' dir='ltr'><strong>mutari</strong></span> <span class='ocrx_word' id='word_1_687' title='bbox 303 4378 347 4421; x_wconf 92' lang='lat' dir='ltr'><strong>ant</strong></span> <span class='ocrx_word' id='word_1_688' title='bbox 364 4374 506 4437; x_wconf 89' lang='lat' dir='ltr'><strong>transponi,</strong></span> <span class='ocrx_word' id='word_1_689' title='bbox 527 4374 579 4423; x_wconf 89' lang='lat' dir='ltr'><strong>sine</strong></span> <span class='ocrx_word' id='word_1_690' title='bbox 598 4374 673 4423; x_wconf 87' lang='lat' dir='ltr'><strong>totins</strong></span> <span class='ocrx_word' id='word_1_691' title='bbox 692 4375 797 4423; x_wconf 88' lang='lat' dir='ltr'><strong>universi</strong></span> <span class='ocrx_word' id='word_1_692' title='bbox 819 4374 977 4431; x_wconf 76' lang='lat' dir='ltr'><strong>confossione,</strong></span> <span class='ocrx_word' id='word_1_693' title='bbox 1001 4375 1092 4437; x_wconf 76' lang='lat' dir='ltr'><strong>possit:</strong></span> <span class='ocrx_word' id='word_1_694' title='bbox 1116 4377 1174 4438; x_wconf 88' lang='lat' dir='ltr'><strong>quin</strong></span> <span class='ocrx_word' id='word_1_695' title='bbox 1194 4375 1269 4424; x_wconf 87' lang='lat' dir='ltr'><strong>etiam</strong></span> <span class='ocrx_word' id='word_1_696' title='bbox 1288 4376 1366 4423; x_wconf 86' lang='lat' dir='ltr'><strong>omnis</strong></span> <span class='ocrx_word' id='word_1_697' title='bbox 1385 4372 1507 4422; x_wconf 86' lang='lat' dir='ltr'><strong>dubitatio</strong></span> <span class='ocrx_word' id='word_1_698' title='bbox 1526 4373 1561 4424; x_wconf 88' lang='lat' dir='ltr'><strong>de</strong></span> 
     </span>
     <span class='ocr_line' id='line_1_58' title="bbox 191 4442 1560 4508; baseline 0.004 -19"><span class='ocrx_word' id='word_1_699' title='bbox 191 4442 240 4490; x_wconf 79' lang='lat' dir='ltr'><strong>sitis</strong></span> <span class='ocrx_word' id='word_1_700' title='bbox 258 4449 285 4491; x_wconf 90' lang='lat' dir='ltr'><strong>et</strong></span> <span class='ocrx_word' id='word_1_701' title='bbox 303 4444 366 4493; x_wconf 86' lang='lat' dir='ltr'><strong>serie</strong></span> <span class='ocrx_word' id='word_1_702' title='bbox 385 4444 469 4508; x_wconf 93' lang='lat' dir='ltr'><strong>procul</strong></span> <span class='ocrx_word' id='word_1_703' title='bbox 489 4443 590 4494; x_wconf 88' lang='lat' dir='ltr'><strong>exclusa</strong></span> <span class='ocrx_word' id='word_1_704' title='bbox 608 4450 701 4495; x_wconf 88' lang='lat' dir='ltr'><strong>manet.</strong></span> <span class='ocrx_word' id='word_1_705' title='bbox 738 4445 848 4494; x_wconf 71' lang='lat' dir='ltr'><strong>licentra</strong></span> <span class='ocrx_word' id='word_1_706' title='bbox 875 4448 901 4495; x_wconf 90' lang='lat' dir='ltr'><strong>in</strong></span> <span class='ocrx_word' id='word_1_707' title='bbox 926 4445 1103 4507; x_wconf 88' lang='lat' dir='ltr'><strong>hypothesibus</strong></span> <span class='ocrx_word' id='word_1_708' title='bbox 1126 4447 1224 4495; x_wconf 87' lang='lat' dir='ltr'><strong>usitatis</strong></span> <span class='ocrx_word' id='word_1_709' title='bbox 1255 4458 1370 4495; x_wconf 85' lang='lat' dir='ltr'><strong>numerus</strong></span> <span class='ocrx_word' id='word_1_710' title='bbox 1395 4445 1560 4508; x_wconf 88' lang='lat' dir='ltr'><strong>sphaerarum</strong></span> 
     </span>
     <span class='ocr_line' id='line_1_59' title="bbox 191 4514 1558 4579; baseline 0.003 -17"><span class='ocrx_word' id='word_1_711' title='bbox 191 4514 300 4563; x_wconf 88' lang='lat' dir='ltr'><strong>incertus</strong></span> <span class='ocrx_word' id='word_1_712' title='bbox 319 4521 364 4564; x_wconf 87' lang='lat' dir='ltr'><strong>est</strong></span> <span class='ocrx_word' id='word_1_713' title='bbox 401 4516 449 4564; x_wconf 80' lang='lat' dir='ltr'><strong>Alii</strong></span> <span class='ocrx_word' id='word_1_714' title='bbox 468 4516 533 4564; x_wconf 87' lang='lat' dir='ltr'><strong>enim</strong></span> <span class='ocrx_word' id='word_1_715' title='bbox 551 4531 652 4573; x_wconf 90' lang='lat' dir='ltr'><strong>novem,</strong></span> <span class='ocrx_word' id='word_1_716' title='bbox 672 4516 712 4566; x_wconf 87' lang='lat' dir='ltr'><strong>alii</strong></span> <span class='ocrx_word' id='word_1_717' title='bbox 733 4515 779 4573; x_wconf 86' lang='lat'><strong>10,</strong></span> <span class='ocrx_word' id='word_1_718' title='bbox 799 4518 841 4566; x_wconf 87' lang='lat' dir='ltr'><strong>alii</strong></span> <span class='ocrx_word' id='word_1_719' title='bbox 862 4514 891 4564; x_wconf 88' lang='lat' dir='ltr'><strong>ff</strong></span> <span class='ocrx_word' id='word_1_720' title='bbox 915 4515 1033 4579; x_wconf 86' lang='lat' dir='ltr'><strong>sphaeras</strong></span> <span class='ocrx_word' id='word_1_721' title='bbox 1051 4523 1191 4574; x_wconf 88' lang='lat' dir='ltr'><strong>numerant,</strong></span> <span class='ocrx_word' id='word_1_722' title='bbox 1210 4532 1256 4567; x_wconf 90' lang='lat' dir='ltr'><strong>nec</strong></span> <span class='ocrx_word' id='word_1_723' title='bbox 1276 4517 1356 4567; x_wconf 88' lang='lat' dir='ltr'><strong>adhuc</strong></span> <span class='ocrx_word' id='word_1_724' title='bbox 1376 4517 1492 4567; x_wconf 88' lang='lat' dir='ltr'><strong>convenit</strong></span> <span class='ocrx_word' id='word_1_725' title='bbox 1508 4528 1558 4566; x_wconf 89' lang='lat' dir='ltr'><strong>nu·</strong></span> 
     </span>
     <span class='ocr_line' id='line_1_60' title="bbox 190 4583 1558 4651; baseline 0.004 -19"><span class='ocrx_word' id='word_1_726' title='bbox 190 4597 279 4633; x_wconf 87' lang='lat' dir='ltr'><strong>merus.</strong></span> <span class='ocrx_word' id='word_1_727' title='bbox 318 4585 384 4636; x_wconf 89' lang='lat' dir='ltr'><strong>Ordo</strong></span> <span class='ocrx_word' id='word_1_728' title='bbox 403 4587 493 4637; x_wconf 91' lang='lat' dir='ltr'><strong>ibidem</strong></span> <span class='ocrx_word' id='word_1_729' title='bbox 513 4594 552 4637; x_wconf 90' lang='lat' dir='ltr'><strong>est</strong></span> <span class='ocrx_word' id='word_1_730' title='bbox 570 4588 672 4637; x_wconf 90' lang='lat' dir='ltr'><strong>dubins:</strong></span> <span class='ocrx_word' id='word_1_731' title='bbox 692 4588 796 4639; x_wconf 84' lang='lat' dir='ltr'><strong>definita</strong></span> <span class='ocrx_word' id='word_1_732' title='bbox 814 4589 941 4640; x_wconf 87' lang='lat' dir='ltr'><strong>distantia,</strong></span> <span class='ocrx_word' id='word_1_733' title='bbox 961 4595 1060 4650; x_wconf 88' lang='lat' dir='ltr'><strong>praeter</strong></span> <span class='ocrx_word' id='word_1_734' title='bbox 1080 4585 1112 4649; x_wconf 79' lang='grc' dir='ltr'>Θ</span> <span class='ocrx_word' id='word_1_735' title='bbox 1134 4594 1159 4638; x_wconf 91' lang='lat' dir='ltr'><strong>et</strong></span> <span class='ocrx_word' id='word_1_736' title='bbox 1178 4583 1214 4651; x_wconf 69' lang='lat' dir='ltr'><strong>jo,</strong></span> <span class='ocrx_word' id='word_1_737' title='bbox 1234 4589 1303 4638; x_wconf 87' lang='lat' dir='ltr'><strong>nulla</strong></span> <span class='ocrx_word' id='word_1_738' title='bbox 1321 4589 1383 4644; x_wconf 86' lang='lat' dir='ltr'><strong>dari,</strong></span> <span class='ocrx_word' id='word_1_739' title='bbox 1402 4588 1493 4637; x_wconf 91' lang='lat' dir='ltr'><strong>nedum</strong></span> <span class='ocrx_word' id='word_1_740' title='bbox 1511 4587 1558 4638; x_wconf 89' lang='lat' dir='ltr'><strong>de-</strong></span> 
     </span>
     <span class='ocr_line' id='line_1_61' title="bbox 191 4657 1560 4723; baseline 0.004 -20"><span class='ocrx_word' id='word_1_741' title='bbox 191 4659 322 4706; x_wconf 88' lang='lat' dir='ltr'><strong>monstrari</strong></span> <span class='ocrx_word' id='word_1_742' title='bbox 340 4665 430 4721; x_wconf 87' lang='lat' dir='ltr'><strong>potest.</strong></span> <span class='ocrx_word' id='word_1_743' title='bbox 468 4657 508 4708; x_wconf 91' lang='lat' dir='ltr'><strong>De</strong></span> <span class='ocrx_word' id='word_1_744' title='bbox 526 4658 641 4715; x_wconf 82' lang='lat' dir='ltr'><strong>Venere,</strong></span> <span class='ocrx_word' id='word_1_745' title='bbox 662 4658 783 4709; x_wconf 87' lang='lat' dir='ltr'><strong>Mercurio</strong></span> <span class='ocrx_word' id='word_1_746' title='bbox 803 4666 829 4709; x_wconf 90' lang='lat' dir='ltr'><strong>et</strong></span> <span class='ocrx_word' id='word_1_747' title='bbox 847 4659 904 4709; x_wconf 89' lang='lat' dir='ltr'><strong>Sole</strong></span> <span class='ocrx_word' id='word_1_748' title='bbox 924 4659 952 4706; x_wconf 90' lang='lat' dir='ltr'><strong>lis</strong></span> <span class='ocrx_word' id='word_1_749' title='bbox 971 4660 1079 4709; x_wconf 92' lang='lat' dir='ltr'><strong>nondum</strong></span> <span class='ocrx_word' id='word_1_750' title='bbox 1099 4661 1235 4723; x_wconf 87' lang='lat' dir='ltr'><strong>composite</strong></span> <span class='ocrx_word' id='word_1_751' title='bbox 1254 4666 1305 4720; x_wconf 87' lang='lat' dir='ltr'><strong>est,</strong></span> <span class='ocrx_word' id='word_1_752' title='bbox 1331 4675 1377 4711; x_wconf 89' lang='lat' dir='ltr'><strong>nec</strong></span> <span class='ocrx_word' id='word_1_753' title='bbox 1396 4666 1560 4723; x_wconf 88' lang='lat' dir='ltr'><strong>componetur</strong></span> 
     </span>
     <span class='ocr_line' id='line_1_62' title="bbox 189 4726 1558 4796; baseline 0.005 -21"><span class='ocrx_word' id='word_1_754' title='bbox 189 4740 306 4791; x_wconf 87' lang='lat' dir='ltr'><strong>unquam.</strong></span> <span class='ocrx_word' id='word_1_755' title='bbox 336 4726 549 4794; x_wconf 84' lang='lat' dir='ltr'><strong>Begiomoutanus</strong></span> <span class='ocrx_word' id='word_1_756' title='bbox 567 4731 608 4779; x_wconf 86' lang='lat' dir='ltr'><strong>lib.</strong></span> <span class='ocrx_word' id='word_1_757' title='bbox 623 4727 647 4778; x_wconf 85' lang='grc'><strong>9.</strong></span> <span class='ocrx_word' id='word_1_758' title='bbox 663 4744 717 4793; x_wconf 88' lang='lat' dir='ltr'><strong>cap.</strong></span> <span class='ocrx_word' id='word_1_759' title='bbox 733 4729 756 4777; x_wconf 88' lang='lat' dir='ltr'><strong>l.</strong></span> <span class='ocrx_word' id='word_1_760' title='bbox 778 4731 902 4794; x_wconf 86' lang='lat' dir='ltr'><strong>Epitomes</strong></span> <span class='ocrx_word' id='word_1_761' title='bbox 921 4731 946 4777; x_wconf 91' lang='lat' dir='ltr'><strong>in</strong></span> <span class='ocrx_word' id='word_1_762' title='bbox 960 4730 1058 4795; x_wconf 83' lang='lat' dir='ltr'><strong>Almeg.</strong></span> <span class='ocrx_word' id='word_1_763' title='bbox 1072 4730 1135 4780; x_wconf 87' lang='lat' dir='ltr'><strong>Ptol.</strong></span> <span class='ocrx_word' id='word_1_764' title='bbox 1156 4730 1294 4787; x_wconf 84' lang='lat' dir='ltr'><strong>confitetur,</strong></span> <span class='ocrx_word' id='word_1_765' title='bbox 1314 4732 1378 4796; x_wconf 86' lang='lat' dir='ltr'><strong>quod</strong></span> <span class='ocrx_word' id='word_1_766' title='bbox 1396 4737 1452 4782; x_wconf 91' lang='lat' dir='ltr'><strong>uter</strong></span> <span class='ocrx_word' id='word_1_767' title='bbox 1470 4738 1558 4782; x_wconf 83' lang='lat' dir='ltr'><strong>eorum</strong></span> 
     </span>
     <span class='ocr_line' id='line_1_63' title="bbox 191 4795 1558 4872; baseline 0.007 -28"><span class='ocrx_word' id='word_1_768' title='bbox 191 4795 277 4850; x_wconf 82' lang='lat' dir='ltr'><strong>Venus</strong></span> <span class='ocrx_word' id='word_1_769' title='bbox 295 4800 334 4852; x_wconf 82' lang='lat' dir='ltr'><strong>vel</strong></span> <span class='ocrx_word' id='word_1_770' title='bbox 352 4799 488 4852; x_wconf 78' lang='lat' dir='ltr'><strong>Mercurius</strong></span> <span class='ocrx_word' id='word_1_771' title='bbox 512 4815 586 4868; x_wconf 87' lang='lat' dir='ltr'><strong>supra</strong></span> <span class='ocrx_word' id='word_1_772' title='bbox 611 4801 717 4852; x_wconf 84' lang='lat' dir='ltr'><strong>alterum</strong></span> <span class='ocrx_word' id='word_1_773' title='bbox 743 4802 861 4862; x_wconf 82' lang='lat' dir='ltr'><strong>situatur,</strong></span> <span class='ocrx_word' id='word_1_774' title='bbox 888 4800 956 4851; x_wconf 91' lang='lat' dir='ltr'><strong>nulla</strong></span> <span class='ocrx_word' id='word_1_775' title='bbox 983 4802 1128 4853; x_wconf 89' lang='lat' dir='ltr'><strong>certitudine</strong></span> <span class='ocrx_word' id='word_1_776' title='bbox 1152 4801 1301 4867; x_wconf 89' lang='lat' dir='ltr'><strong>deprehendi</strong></span> <span class='ocrx_word' id='word_1_777' title='bbox 1323 4805 1408 4872; x_wconf 87' lang='lat' dir='ltr'><strong>possit.</strong></span> <span class='ocrx_word' id='word_1_778' title='bbox 1446 4803 1479 4854; x_wconf 81' lang='lat' dir='ltr'><strong>lit</strong></span> <span class='ocrx_word' id='word_1_779' title='bbox 1496 4802 1558 4858; x_wconf 90' lang='lat' dir='ltr'><strong>licet</strong></span> 
     </span>
    </p>
   </div>
   <div class='ocr_carea' id='block_1_8' title="bbox 0 0 1644 5542">
    <p class='ocr_par' dir='ltr' id='par_1_10' title="bbox 0 0 1644 5542">
     <span class='ocr_line' id='line_1_64' title="bbox 0 0 1644 5542; baseline 0 2"><span class='ocrx_word' id='word_1_780' title='bbox 0 0 1644 5542; x_wconf 95' lang='lat' dir='ltr'><strong> </strong></span> 
     </span>
    </p>
   </div>
  </div>
 </body>
</html>
