3278 5542
139 322 205 391 234
737 325 899 376 amasne.

139 490 218 551 tanti
251 489 325 549 flant
348 485 495 565 epistolae
525 504 599 565 quas
624 485 714 547 fundo
747 485 859 560 abiis,
886 486 992 566 quibus
1017 505 1063 548 me
1087 486 1208 547 honoris
1233 504 1326 548 causa
1351 491 1387 547 nt
1409 484 1496 548 disci-

139 580 225 663 pulus
250 576 411 639 submitto:
436 594 492 655 age
507 582 539 636 et
555 573 625 636 mihi
645 595 728 636 meae
744 576 891 654 epistolae
908 584 995 638 emnt
1019 576 1048 637 in
1064 576 1170 655 pretio,
1196 575 1358 638 scribam
1380 583 1495 650 cante,

139 667 308 730 retinebo
341 664 573 745 exemplaria.
621 666 737 726 Morem
761 665 921 726 Frischlini
956 665 1103 746 sequitur,
1137 665 1210 726 viris
1238 664 1326 727 bonis
1363 664 1497 744 injuriam

140 757 231 831 lacit,
265 755 451 818 humanitate
487 753 619 815 officiose
643 754 739 833 magis
772 774 860 832 qnam
885 755 964 816 serio
994 754 1188 816 scribentium
1221 755 1260 815 ad
1292 754 1498 816 instruendam

137 866 222 908 suam
245 845 358 906 rabiem
383 843 525 905 abutitur.
574 844 671 904 Tanto
696 851 804 924 peccat
826 844 963 923 gravius,
990 845 1068 925 quod
1093 844 1188 904 virum
1212 861 1377 917 summum,
1411 862 1494 922 quem

138 956 184 997 me
209 932 349 996 admirari
373 933 469 1006 videt,
501 933 575 993 meis
600 933 698 994 verbis
724 933 891 994 deformare
916 933 1027 994 studet.
1074 932 1306 994 iurisconsultis
1332 932 1372 993 do
1396 932 1495 993 dnou-

137 1024 272 1088 tiendum
295 1024 351 1084 boc
375 1023 496 1093 crimen.
544 1021 607 1084 Sed
632 1023 701 1102 quid
725 1041 799 1100 opus
824 1031 871 1083 est
904 1041 951 1082 ma
976 1022 1032 1102 ipsi
1063 1022 1212 1094 scribere,
1249 1040 1323 1103 cum·
1347 1021 1390 1084 sit
1423 1021 1496 1083 male

138 1114 265 1176 furiatus
280 1112 378 1186 homo,
405 1119 438 1172 ut
461 1111 557 1185 video,
582 1133 601 1171 a
616 1130 673 1191 qno
688 1112 794 1172 merito
810 1110 975 1172 cavendnm
995 1119 1052 1180 est,
1076 1130 1114 1171 ne
1135 1129 1225 1189 porro
1242 1129 1360 1190 quoqne
1384 1111 1495 1172 laedat.

76 1214 84 1221 “
138 1204 269 1265 Videtur
291 1202 348 1262 hoc
373 1201 467 1280 ipsum
491 1200 521 1261 in
545 1219 641 1261 meam
666 1218 723 1261 nou
745 1200 841 1261 minus
866 1220 955 1279 qnam
971 1200 1121 1281 Tychonis
1145 1200 1254 1260 fecisse
1275 1199 1493 1261 contumeliam.

140 1290 216 1354 Cum
246 1291 322 1352 enim
346 1310 393 1351 me
416 1289 499 1368 prius
530 1289 705 1364 laudasset,
739 1298 847 1372 postea
871 1298 1038 1368 comperto,
1069 1289 1222 1367 suspicere
1245 1307 1293 1350 me
1319 1288 1495 1370 Tychonem

138 1381 232 1442 iratus
255 1381 311 1441 hoc
335 1399 381 1439 me
405 1387 570 1440 scommate
594 1386 627 1440 et
650 1378 777 1440 ludibrio
796 1379 963 1458 insignivit.
1010 1378 1133 1440 Utinam
1152 1396 1222 1438 vero
1238 1386 1408 1439 monstrum
1426 1377 1493 1439 illud

138 1471 265 1543 videam,
292 1470 369 1549 quod
394 1487 492 1529 meam
514 1469 598 1529 illam
613 1468 773 1547 epistolam
787 1469 927 1529 cornibus
947 1467 1127 1528 circumfert.
1176 1465 1319 1528 Ceterum
1340 1466 1493 1527 abstinebo

138 1559 259 1639 penitus
283 1558 321 1619 ab
345 1557 462 1619 homine
487 1565 518 1618 et
541 1577 588 1618 me
614 1558 687 1618 data
710 1558 869 1618 occasione
894 1558 1028 1636 purgabo
1054 1555 1198 1636 Tychoni,
1236 1556 1316 1636 qnod
1341 1563 1373 1616 et
1396 1563 1428 1616 te
1450 1574 1495 1617 oro

138 1658 171 1711 nt
196 1648 300 1710 iacias.
348 1647 491 1709 Mittatnr
514 1647 585 1707 mihi
610 1645 765 1725 exemplar
788 1665 872 1707 meae
897 1647 1064 1726 impressae
1089 1643 1247 1723 epistolae,
1271 1663 1343 1705 nam
1359 1645 1418 1706 etsi
1433 1663 1494 1704 ver-

138 1737 241 1800 borum
267 1736 332 1816 jam
361 1746 431 1814 post
459 1742 576 1796 tantum
605 1736 748 1813 temporis
778 1755 835 1796 non
860 1754 925 1797 snm
953 1735 1081 1812 amplius
1112 1753 1238 1807 memor,
1275 1733 1368 1795 facile
1401 1742 1494 1795 tamen

139 1845 315 1907 agnoscam,
350 1827 374 1887 si
399 1825 468 1906 qnid
492 1844 549 1905 ego
573 1825 680 1904 scripsi
704 1825 789 1904 sique
809 1825 933 1886 ulterius
958 1826 1009 1886 ille
1035 1832 1195 1904 grassatus
1219 1831 1281 1898 est,
1312 1823 1409 1884 verba
1432 1822 1494 1884 mihi

139 1917 217 1978 sorte
241 1917 385 1988 tribuens,
410 1934 487 1995 quae
513 1934 580 1975 mea
603 1933 660 1974 non
686 1922 766 1975 sunt.
813 1914 882 1976 Non
905 1933 1030 1993 possum
1054 1914 1186 1982 credere,
1211 1914 1289 1974 adeo
1304 1930 1354 1973 me
1378 1913 1493 1974 sudasse

139 2005 257 2084 inipso
282 2004 442 2076 laudando,
469 2012 501 2065 ut
525 2003 680 2084 superbire
705 2003 809 2064 asinus
832 2003 939 2064 merito
965 2011 1081 2083 posset.

138 2233 184 2297 (12
209 2164 474 2294 ξγοὴοὲξ)ϋῐοιαωω
503 2164 536 2215 ad
557 2162 693 2229 Keplemm
720 2162 835 2214 datarum
861 2165 945 2226 copias
962 2163 1133 2212 uansmietens
1151 2159 1348 2212 Maestliuns
1380 2162 1493 2227 respondit

187 2271 192 2283 -
233 2251 274 2289 au.
329 2273 334 2285 .
356 2247 363 2284 :

208 2343 308 2393 Librum
321 2343 366 2394 leri
378 2342 433 2394 Ursi
447 2343 536 2405 potius,
559 2355 633 2406 qnam
645 2343 695 2393 reri
715 2342 820 2391 hominis
834 2339 1053 2406 (quemadmodum
1065 2339 1150 2404 Tycho
1174 2354 1231 2389 eum
1244 2335 1369 2404 appellat)
1386 2355 1433 2406 ego
1445 2356 1491 2405 quo·

137 2429 184 2478 que
206 2429 256 2463 non
276 2415 332 2463 ridi.
370 2413 463 2463 Verum
484 2429 513 2463 ex
533 2413 582 2462 bac
604 2413 710 2477 epistola
723 2412 846 2477 Tychonis
868 2413 951 2463 ridere
974 2413 1018 2462 tibi
1039 2412 1105 2468 lieet,
1129 2425 1194 2461 aune
1207 2411 1284 2460 verba
1305 2416 1353 2461 tua
1373 2426 1491 2479 agnoscat

138 2485 232 2547 Quodsi
251 2485 322 2550 plura
340 2486 385 2536 tibi
398 2485 495 2534 affinxit
509 2482 586 2550 (quod
598 2500 645 2550 ego
657 2485 766 2548 proiecto
789 2485 848 2534 mihi
869 2478 968 2534 omnino
989 2480 1138 2548 persuadeo)
1151 2482 1244 2546 poteris
1261 2497 1312 2531 uon
1325 2488 1427 2533 tautum
1440 2481 1491 2547 apud

137 2557 280 2621 Tychouem
299 2570 325 2606 te
339 2571 457 2606 excusare
471 2553 557 2621 (quam
577 2558 656 2619 ipsam
669 2556 700 2605 ob
713 2570 816 2607 cansam
836 2571 882 2620 ego
895 2570 991 2620 quoque
1011 2555 1134 2605 hacteuus
1147 2567 1290 2617 responsum
1314 2553 1348 2603 ad
1361 2554 1490 2617 'l'ycboueu

137 2628 228 2685 distuli,
243 2629 321 2678 donec
334 2644 364 2678 ex
376 2634 401 2678 te
414 2629 475 2678 oerti
488 2627 546 2692 quid
559 2643 590 2678 ea
602 2628 633 2677 de
645 2643 671 2678 re
685 2626 884 2692 cognoscerem),
907 2627 952 2676 sed
971 2629 1046 2676 edam
1065 2627 1222 2676 occasionem
1242 2625 1283 2674 val
1304 2640 1351 2688 per
1362 2626 1446 2676 literas
1463 2624 1489 2673 rel

138 2699 270 2750 ullomodo
292 2700 317 2749 id
329 2699 392 2750 Urso
415 2700 575 2763 exprobrandi
598 2713 724 2763 quaerere.
763 2697 813 2748 Sed
825 2700 859 2747 ibi
873 2699 972 2749 consilio
992 2699 1032 2748 rel
1045 2698 1183 2749 consultore
1202 2703 1262 2760 puto
1277 2703 1303 2746 te
1317 2712 1369 2749 uon
1383 2697 1488 2763 motget

139 2771 206 2822 Male
218 2771 324 2821 furiatus
336 2778 403 2822 certe
416 2777 454 2822 est
466 2771 538 2820 bomo
551 2772 598 2820 iste
611 2785 681 2820 rarus
695 2777 721 2820 et
733 2771 799 2820 ierus
812 2785 891 2820 ursus.
986 2833 988 2836 .
1453 2763 1461 2777 ’“

207 2913 362 2978 Keplerus
388 2914 524 2963 transmisit
544 2911 678 2961 Maestlino
703 2912 788 2961 literas
805 2926 863 2961 suas
883 2910 1117 2977 „expurgatorias“,
1144 2914 1185 2976 qni
1210 2924 1255 2960 aas
1278 2919 1428 2978 ,gratanter
1443 2913 1487 2978 legit

135 2988 228 3052 sibique
251 2992 277 3035 et
295 2986 403 3049 Keplero
421 2985 452 3036 de
474 2986 620 3050 purgatione
640 2998 686 3033 sua
702 2983 861 3034 veliementer
880 2983 1046 3049 gratulatur“.
1087 2982 1178 3046 Spero,
1201 2984 1289 3048 pergit,
1314 2985 1397 3049 ipsum
1408 2985 1484 3048 Tycte

136 3074 194 3109 nem
223 3059 299 3108 etiam
321 3058 418 3106 omnino
446 3063 589 3106 contentum
602 3056 660 3105 tore.
705 3056 759 3120 Ego
773 3056 852 3117 eidem
875 3056 984 3104 nondum
1007 3055 1121 3119 respondi
1140 3055 1177 3104 bis
1200 3055 1296 3105 duabus
1324 3058 1407 3107 canen
1426 3059 1484 3119 impe·

136 3129 212 3179 ditus:
231 3130 308 3192 primo
321 3128 449 3192 quiequid
461 3144 503 3192 pro
517 3133 542 3176 te
561 3127 758 3191 respondendum
772 3132 845 3185 esset,
869 3127 1030 3191 ignorabam
1051 3126 1246 3189 exspectandum
1260 3141 1319 3192 ergo
1349 3128 1408 3178 mihi
1426 3128 1483 3177 luiso

137 3201 230 3261 censui,
253 3198 465 3264 utintelligerem,
486 3213 518 3248 au
537 3198 592 3247 illas
605 3198 689 3250 literas
712 3199 744 3248 ad
757 3199 844 3247 Femur
868 3213 1024 3263 agnosceres.
1063 3198 1162 3246 Etenim
1183 3198 1281 3247 omniuo
1304 3199 1389 3256 credo,
1414 3199 1482 3248 rann

135 3272 204 3320 illum
216 3270 337 3320 nonnulla
349 3271 379 3320 de
393 3286 436 3320 sno
450 3273 485 3320 eis
497 3270 631 3320 affluxisse.
668 3271 740 3321 Nunc
754 3277 838 3318 autem
851 3284 930 3332 spero.
953 3269 1096 3332 Tychonem
1115 3268 1221 3319 battua
1239 3275 1267 3318 ut
1280 3269 1331 3319 dixi
1352 3272 1480 3337 purgatione

137 3344 227 3406 optime
241 3347 383 3392 contentum
396 3343 455 3392 iore.
481 3341 567 3391 Altera
580 3356 658 3392 causa
670 3349 717 3400 est,
731 3340 794 3405 quod
806 3342 907 3390 ubinam
920 3347 1040 3390 terrarum
1053 3342 1086 3390 sit
1097 3339 1182 3403 Tyoho
1195 3342 1304 3390 incertus
1317 3357 1381 3391 aum.
1418 3341 1478 3394 Etm-

136 3415 207 3479 burgi
220 3415 286 3463 euim
299 3428 425 3480 enm,non
439 3414 542 3477 amplius
556 3429 618 3470 esse,
641 3415 673 3464 ad
686 3430 726 3464 me
739 3426 879 3477 quanquam
900 3414 994 3462 incerto
1011 3414 1101 3462 nuncio
1124 3412 1233 3462 delatum
1247 3413 1302 3462 tuit.
1342 3413 1408 3475 Quin
1423 3413 1481 3463 eum

136 3485 269 3540 ferebatur,
289 3485 368 3549 ipsum
382 3485 513 3549 aliqnando
532 3486 655 3549 superiore
674 3501 739 3535 anuo
760 3499 808 3533 uon
821 3484 904 3548 procul
917 3484 973 3532 hinc
987 3481 1043 3545 (sed
1055 3484 1097 3532 ubi
1118 3490 1144 3533 et
1156 3499 1231 3548 qnam
1250 3483 1347 3547 procul,
1370 3490 1414 3535 aut
1433 3493 1477 3532 aut

138 3557 229 3607 dextris
241 3556 280 3605 rel
292 3557 395 3606 sinistris
408 3557 541 3607 resciscere
553 3572 603 3605 non
615 3554 696 3621 potui)
710 3557 844 3612 mansiisse,
868 3570 942 3619 qnare
955 3570 1002 3619 qno
1021 3556 1144 3606 mitterem
1157 3554 1241 3605 literas
1259 3551 1478 3606 meorumnam.

137 3626 188 3690 (Ex
205 3628 311 3693 epistola
328 3627 351 3678 d.
373 3629 396 3678 d.
417 3627 459 3677 22.
479 3631 538 3693 Apr.
558 3625 623 3689 99).

207 3769 239 3821 Ι).
263 3765 305 3820 29.
327 3773 392 3836 Aug.
416 3766 459 3819 99.
479 3770 603 3834 Keplems
621 3770 685 3820 haec
704 3770 734 3820 de
753 3769 816 3820 Urso
839 3768 907 3818 dedit
928 3767 1076 3818 Maestlino:

226 3877 329 3958 Tycho
352 3877 548 3958 Witebergae
571 3886 636 3951 est;
661 3877 760 3956 agitur
789 3884 822 3936 ut
844 3875 974 3954 Pragam
998 3883 1146 3936 transeat.
1192 3874 1304 3936 Libelli
1333 3875 1413 3938 illius
1433 3873 1477 3952 ll·

136 3965 373 4046 chonomastigis
397 3969 552 4046 exemplar
575 3969 613 4028 ad
637 3985 684 4028 me
707 3964 790 4027 misit
812 3965 850 4025 D.
875 3965 1065 4039 Herwartns,
1095 3965 1141 4025 vir
1164 3963 1301 4040 nobilis,
1319 3967 1406 4027 aulae
1427 3965 1474 4026 Ba-

137 4054 258 4117 varicae
291 4055 503 4129 cancellarius,
538 4057 568 4116 in
596 4055 676 4118 omni
700 4053 903 4116 doctrinarum
933 4071 1041 4132 genere
1073 4053 1358 4117 exercitatissimus.
1403 4055 1434 4116 ln
1452 4064 1476 4110 et

138 4144 261 4206 tandem
288 4144 349 4204 vidi
382 4144 544 4223 epistolam
571 4165 681 4218 meam,
717 4163 805 4224 qnam
837 4143 893 4204 hoc
922 4141 1047 4204 consilio
1076 4143 1217 4204 inseruit:
1250 4144 1408 4225 proposuit
1436 4131 1476 4202 sibi

138 4232 309 4314 Tyohonem
334 4242 366 4294 et
393 4232 569 4295 Roeslinnm
602 4233 802 4313 exagitandos
836 4252 903 4294 cum
927 4231 1057 4292 inventis
1087 4239 1119 4293 et
1141 4232 1398 4310 speculationibus
1421 4226 1474 4293 suis
1514 4300 1519 4313 ἱ

25 4314 33 4328 ’
138 4321 284 4385 Roeslino
319 4321 423 4402 objicit
450 4322 678 4401 amplitudinem
707 4321 787 4401 orbis
810 4320 915 4383 Martii
945 4320 1128 4382 contrariam
1157 4320 1429 4395 observationibus,
1455 4320 1476 4374 d

138 4412 328 4474 demonstrat
350 4410 498 4474 rationem
521 4411 688 4494 inquirendi
713 4412 876 4473 distantias
900 4430 938 4472 ex
961 4409 1122 4472 anomalia.
1171 4410 1243 4471 lnde
1270 4412 1374 4473 addit:
1400 4405 1475 4485 ,Hissl

138 4501 232 4563 etiam
256 4501 428 4563 examinare
451 4501 538 4576 licat,
564 4520 641 4563 anne
664 4519 718 4579 per
741 4501 841 4562 omnia
863 4518 937 4562 vera
960 4500 1000 4561 sit
1025 4499 1185 4572 (veriorem
1210 4500 1290 4562 enim
1314 4502 1376 4563 acio
1399 4501 1475 4582 hypo·

138 4590 275 4653 thesibus
297 4590 449 4663 Roeslini)
473 4590 624 4653 sententia
646 4590 685 4652 D.
709 4589 847 4669 Kepleri,
872 4609 962 4670 quam
986 4589 1026 4650 ad
1048 4606 1094 4650 me
1118 4587 1295 4668 perscripsit
1324 4590 1406 4652 hisce
1428 4589 1475 4649 lun
1519 4666 1522 4671 ἡ

137 4678 238 4759 dignis
254 4678 384 4742 literis.“
409 4678 486 4743 Gnrn
499 4680 681 4744 mentionem
697 4678 791 4741 iaciat
806 4678 941 4758 opusculi
954 4678 1012 4739 mei
1028 4677 1167 4740 nundinis
1182 4675 1474 4742 Francorordensitn

138 4766 294 4848 publicati,
313 4769 415 4831 nescio
439 4788 491 4832 cur
514 4769 580 4832 lnce
604 4769 711 4850 dignas
734 4769 791 4831 has
805 4775 928 4830 censeat
945 4768 1059 4841 literas,
1085 4766 1142 4829 nisi
1158 4768 1228 4846 qnia
1242 4768 1341 4847 ipsum
1362 4766 1474 4831 laudnt

139 4856 170 4920 Δ
192 4856 299 4939 quibus
322 4877 362 4921 au
385 4859 501 4942 aliquid
520 4857 711 4937 desnmserit,
736 4857 855 4921 nescio:
880 4876 956 4941 qnae
970 4856 1066 4940 ponit,
1090 4855 1277 4923 omnianea
1298 4865 1379 4935 suut.
1418 4853 1476 4922 ΟΜ
