3278 5542
729 322 892 375 resumtum
1419 319 1485 387 219
1523 402 1533 415 .

122 481 198 542 tiae.
255 481 335 543 Nam
367 501 407 544 ex
438 482 624 544 correctione
656 483 869 545 distantiarum
906 501 961 562 per
997 501 1123 562 corpora
1154 481 1288 561 seqnitur
1320 481 1490 543 differentia
1509 547 1514 557 „

121 569 446 654 prosthaphaeresinm
474 588 675 650 apogaeorum
703 591 760 631 non
789 573 899 651 major,
934 590 1023 650 quam
1049 572 1079 631 iu
1108 567 1128 647 ῇ
1160 570 1225 645 12’,
1254 569 1284 630 in
1307 569 1337 643 it
1360 567 1430 642 25⁴,
1457 571 1487 631 in

123 666 150 729 ό
177 652 291 730 vett
314 658 344 718 in
369 658 394 732 Q
422 656 467 734 1⁰,
493 661 522 721 iu
546 659 568 735 ζῖ
590 655 655 721 tt‘.
703 660 795 722 Plura
817 679 875 721 non
900 661 1008 735 scribo,
1029 659 1174 737 judicium
1197 666 1278 720 tuum
1297 665 1487 738 exspectans,

124 746 206 827 quod
231 765 290 807 non
313 747 492 824 gravaberis
515 748 695 827 ingratiam
719 750 787 812 nob.
804 749 925 828 juvenis
949 749 988 810 D.
1013 747 1046 809 S.
1066 748 1214 827 Wagaui,
1237 747 1321 825 cujus
1345 746 1488 808 instinctu

123 834 242 908 sembo,
276 835 335 896 hac
357 836 407 897 vel
434 837 573 915 proxima
595 836 753 898 occasione
778 838 816 899 ad
840 857 895 898 nos
919 837 1136 898 transmittere.
1184 836 1263 897 Vale
1287 834 1435 897 sideribus
1458 843 1490 895 et

124 931 253 985 nostrae
276 923 433 998 scientiae,
459 926 551 987 decus
575 923 768 987 Germaniae.

215 1009 319 1074 Gratii
343 1014 373 1075 d.
400 1011 451 1076 15.
475 1014 553 1076 Nov.
582 1009 676 1077 1595.
1040 1012 1114 1074 Exc.
1140 1019 1210 1073 tuae
1235 1011 1400 1092 discipulus

1033 1114 1039 1124 ’
1113 1101 1146 1165 J.
1170 1100 1337 1182 chlcress.
1400 1195 1403 1202 .

196 1275 295 1338 Quibus
313 1275 440 1342 mpuudt
457 1275 554 1326 Ursus
577 1291 632 1326 eero
651 1276 801 1326 admodum:
828 1277 865 1326 Ex
888 1278 1010 1342 catalogis
1032 1278 1208 1328 nundinatione
1232 1281 1352 1341 apparet,
1378 1276 1412 1324 mi
1430 1275 1489 1324 clar.

124 1355 151 1401 et
168 1348 240 1398 char.
260 1347 295 1397 D.
314 1348 438 1412 Kephas,
463 1353 563 1396 tuarum
587 1348 765 1412 cogitationum
788 1351 1007 1398 astronomicarum
1031 1352 1156 1412 specimen
1174 1348 1297 1413 quoddam
1316 1361 1371 1396 esse
1389 1348 1489 1397 editum.

125 1420 240 1482 &aarum
259 1420 358 1484 quidem
376 1433 457 1468 rernm
479 1416 539 1466 mibi
563 1419 796 1481 jucundissimarum
819 1425 845 1469 et
867 1421 1063 1483 gratissimarum
1088 1427 1260 1485 argumentum
1282 1419 1408 1484 quoddam
1432 1424 1491 1467 aute

124 1491 256 1541 la'eumum
272 1494 326 1553 jam
344 1491 397 1540 iere
416 1488 527 1552 elapsum
544 1489 603 1538 mihi
621 1490 791 1546 transmisisti,
817 1490 932 1540 videlicet
950 1493 977 1540 iu
994 1492 1071 1541 liteds
1090 1492 1137 1540 illie
1155 1493 1217 1553 tuis,
1235 1492 1397 1556 instigatione
1416 1496 1491 1553 atque

123 1563 248 1613 instinctu
268 1562 300 1611 Ι).
320 1561 436 1626 Wagenii
453 1559 486 1610 ad
504 1574 544 1609 me
562 1560 636 1609 datie.
674 1561 714 1609 ad
741 1575 803 1625 qnae
830 1568 915 1611 tamen
940 1563 1005 1625 quod
1027 1563 1150 1612 hacteuus
1168 1562 1346 1612 nihilomnino
1366 1575 1382 1610 a
1399 1576 1440 1611 me
1459 1562 1492 1609 sit

122 1648 285 1697 mensum,
312 1635 339 1682 in
358 1645 436 1683 eausa
452 1632 552 1680 merant
570 1633 704 1681 coudnuae
723 1645 754 1681 ac
771 1639 907 1696 perpetuae
931 1646 1002 1683 meae
1025 1635 1201 1696 occupationes
1225 1635 1252 1682 iu
1270 1634 1343 1682 rebus
1361 1632 1490 1681 chronolo-

121 1706 194 1772 gicis,
214 1719 262 1769 per
274 1719 353 1755 annot
369 1706 423 1766 lam
435 1702 528 1767 aliquot
540 1703 637 1768 elapsos
650 1704 803 1760 exantlatas,
823 1719 926 1768 quarum
944 1705 1069 1768 exemplar
1086 1705 1130 1753 tibi
1143 1705 1213 1754 mitte
1222 1701 1254 1765 ¹).
1275 1711 1391 1768 tuumque
1411 1704 1442 1753 de
1462 1716 1491 1751 eo

122 1777 300 1841 politissimum
316 1776 437 1839 judicium
455 1782 574 1838 expecto:
601 1775 681 1824 altera
703 1790 761 1824 vero
784 1789 862 1826 causa
885 1777 936 1825 mei
958 1776 1049 1825 silentii
1073 1782 1099 1825 et
1115 1776 1180 1839 quod
1198 1774 1258 1825 nihil
1277 1776 1399 1824 hactenus
1418 1788 1434 1824 a
1451 1788 1491 1822 me

121 1862 271 1911 mpcnsnm
290 1848 338 1908 sit,
358 1846 455 1903 extitit,
474 1847 540 1909 qnod
556 1846 683 1910 hueusque
701 1860 732 1895 ea
750 1847 781 1895 de
799 1860 840 1906 re,
861 1847 892 1896 de
910 1861 960 1910 qna
976 1863 1017 1897 me
1035 1848 1151 1896 monuisti
1170 1853 1196 1896 et
1214 1848 1245 1896 de
1264 1860 1313 1910 qua
1331 1861 1413 1895 meum
1431 1859 1490 1894 cou-

121 1919 206 1968 filium
226 1919 341 1982 explores
358 1930 447 1980 meque
465 1917 605 1966 consultum
625 1931 679 1967 esse
703 1919 786 1980 cupis,
813 1918 897 1967 debita
919 1919 1043 1968 decisione
1065 1919 1174 1967 noudum
1192 1919 1263 1967 iacta
1281 1917 1362 1966 adhuc
1382 1917 1489 1981 ambigo.

121 1989 238 2053 Reliquit
255 1991 355 2053 quidem
372 1988 520 2046 mihimeue
546 1989 571 2037 iu
596 1989 669 2038 rebus
692 1990 864 2038 astronomicis
889 1997 1034 2053 praeceptor
1055 1989 1141 2038 Justue
1160 1989 1249 2053 Byrgi,
1273 1990 1309 2036 uir
1334 1988 1409 2051 plane
1436 2001 1492 2036 cum

122 2061 278 2111 Euclidaeus
297 2067 350 2110 tum
368 2059 576 2117 Archimsdnens,
602 2067 660 2109 aute
680 2061 739 2109 anni
760 2060 900 2116 dimidium,
919 2062 961 2110 ubi
978 2061 1018 2111 hie
1037 2060 1135 2125 Pragae
1154 2060 1220 2123 apud
1240 2059 1311 2109 Caes.
1332 2058 1394 2121 Mal.
1414 2064 1490 2113 esset,

123 2145 189 2183 casu
205 2133 290 2196 potins
308 2145 383 2196 quam
401 2129 524 2180 industria
542 2132 636 2180 iactam
654 2130 853 2196 delineatemque
866 2132 992 2197 quandam
1006 2132 1263 2196 consignatiuuculam
1282 2128 1323 2192 (ut
1340 2132 1378 2178 ita
1396 2126 1490 2188 dicam)

124 2202 318 2266 cheruiuanae
334 2200 501 2264 hypotheseos
518 2206 629 2250 motuum
649 2194 806 2251 coelestium:
833 2216 937 2266 eamque
959 2209 1047 2266 postea
1064 2203 1198 2265 inspiciens
1217 2216 1273 2251 cum
1291 2202 1340 2250 tuis
1359 2201 1489 2266 cogitatio-

121 2275 199 2323 nibus
218 2274 251 2322 de
270 2273 523 2322 dumnisiuterse
542 2273 697 2322 abinvicem
717 2273 872 2336 planetarum
898 2274 995 2323 orbibus
1018 2273 1123 2330 contuli,
1150 2280 1176 2322 et
1199 2288 1248 2322 uon
1271 2272 1375 2321 multum
1399 2272 1490 2320 discre-

123 2346 233 2408 pantiae
253 2346 318 2394 inter
336 2344 413 2407 ipsius
432 2343 667 2394 delineatinuculam
686 2350 712 2393 et
730 2350 786 2394 tuae
805 2347 983 2394 usertatioues
1002 2359 1019 2394 a
1036 2360 1076 2394 me
1095 2359 1156 2394 saue
1175 2342 1252 2409 [quod
1270 2344 1429 2393 vehementer
1446 2343 1510 2410 adp

121 2417 231 2466 miram
252 2412 317 2477 sum)
338 2418 489 2478 compertum
509 2422 555 2464 est
593 2414 678 2474 Quare
697 2429 753 2465 cum
770 2416 816 2465 hae
835 2421 892 2465 tuas
910 2417 940 2465 de
959 2417 1046 2467 iisdem
1058 2417 1131 2466 rebus
1147 2416 1332 2466 ιὶιιοοηιιιίοιιοο
1352 2414 1392 2474 (ut
1409 2414 1492 2463 vocari

124 2483 176 2548 xis)
192 2490 248 2550 jam
265 2488 291 2535 iu
304 2487 386 2537 iucem
399 2486 479 2535 editas
492 2501 547 2536 esse
559 2486 738 2546 intellexeram,
758 2502 808 2535 uon
823 2489 891 2550 potui
910 2489 1080 2548 intermittere,
1101 2489 1159 2551 quin
1178 2502 1194 2538 a
1212 2494 1237 2537 te
1256 2486 1390 2536 earundem
1410 2499 1490 2534 exem·

125 2557 182 2622 plas
199 2560 300 2608 unicum
318 2564 418 2621 petam:
438 2556 507 2606 nulla
526 2558 590 2607 sulm
609 2557 642 2606 ad
660 2572 706 2606 uos
718 2557 826 2623 Pragam
846 2554 917 2619 (casn
936 2564 981 2607 aut
997 2559 1153 2624 negligentia
1169 2572 1219 2623 qua
1230 2557 1325 2611 uesciol
1344 2572 1388 2620 per
1405 2555 1490 2605 biblio·

126 2629 199 2692 polas
216 2635 313 2679 noeane
331 2628 409 2693 (quod
427 2625 506 2689 dolui)
526 2628 611 2678 delata
628 2633 693 2678 eunt.
731 2629 782 2677 Fac
800 2630 885 2693 itaque
903 2644 995 2693 quaeso
1021 2643 1053 2680 ea
1070 2631 1096 2678 in
1116 2630 1200 2679 recula
1217 2644 1256 2678 me
1276 2629 1325 2677 voti
1344 2631 1491 2691 compotem,

127 2706 159 2750 nt
174 2707 246 2750 tuem
264 2714 296 2750 ea
314 2701 345 2751 de
364 2714 390 2749 re
408 2703 559 2750 mutandam
577 2699 656 2749 latam
675 2698 799 2764 (quasque
815 2703 867 2762 jam
880 2701 971 2764 publici
987 2703 1048 2765 J'uris
1063 2702 1133 2751 iacta
1147 2698 1196 2762 eet)
1214 2701 1311 2764 plenius
1329 2706 1404 2762 atque
1422 2699 1491 2761 peni·

130 2772 194 2829 tius,
223 2777 250 2822 et
273 2785 307 2821 an
329 2771 411 2822 οᾱῑιιιο
433 2771 473 2821 vel
497 2771 599 2826 eedem,
625 2772 665 2821 vel
688 2771 869 2835 aliquantulum
892 2772 954 2822 iorte
977 2775 1109 2822 immutata
1132 2774 1246 2835 opinione
1270 2776 1380 2834 perstare
1406 2769 1492 2833 cupias

131 2856 279 2909 cognoscam
299 2848 372 2906 atque
390 2842 537 2908 intelligam.
574 2840 647 2891 Vale.
685 2841 783 2907 Pragae
802 2840 818 2890 4
839 2841 891 2892 Cal.
911 2844 970 2892 Juu.
994 2840 1069 2893 1597.

200 2912 270 2973 Ques
289 2912 346 2963 Ursi
363 2913 449 2963 literas
467 2916 488 2962 si
507 2913 686 2976 comparaveris
705 2928 761 2963 cum
779 2914 921 2977 praemissis
934 2913 1036 2977 Kepleri
1054 2914 1132 2963 literis
1156 2912 1255 2962 biennio
1274 2912 1324 2960 iere
1344 2916 1403 2960 aute
1416 2909 1490 2968 datis,

130 2983 198 3034 haud
217 2985 320 3034 obscure
343 2985 452 3048 patebit,
472 2983 562 3034 Ursum
584 2984 659 3047 piane
681 2984 820 3049 neglexisse
844 2999 891 3040 ea.
918 2999 983 3048 quae
1004 2987 1051 3048 ipsi
1069 2984 1192 3048 Keplerue
1211 2984 1351 3047 scripserat.
1371 2981 1441 3044 qnasi
1459 2980 1492 3029 nb

131 3055 228 3105 bomine
248 3056 333 3121 ignoto
352 3056 426 3112 dna,
445 3061 542 3106 ettam
560 3055 671 3113 demum,
690 3070 765 3118 quum
783 3056 992 3105 animadverteret
1017 3056 1056 3105 uel
1074 3057 1106 3105 ab
1124 3056 1178 3104 aliia
1198 3056 1369 3117 comperisset,
1387 3051 1491 3114 Kepleri

134 3127 275 3191 opusculum
294 3142 344 3177 non
362 3126 436 3190 plane
455 3140 510 3175 esse
529 3126 702 3187 reiiciendum,
722 3127 812 3186 virum,
839 3129 877 3175 cui
896 3128 1067 3190 responderet,
1088 3127 1189 3192 dignum
1206 3126 1330 3176 habuisse.
1370 3122 1442 3182 Quae
1460 3122 1491 3172 de

133 3200 317 3262 comparatione
335 3197 399 3247 illins
419 3196 699 3263 „consignatiunculae“
720 3211 776 3246 cum
794 3197 897 3261 Kepleri
917 3197 1141 3263 ,cogitationibue“
1159 3197 1298 3251 fabulatur.
1322 3208 1406 3245 merae
1425 3201 1492 3244 certe

133 3283 213 3334 nugae
232 3275 298 3318 suut.
327 3268 378 3319 Sed
395 3269 496 3318 ulterim
514 3282 656 3333 progressus
674 3267 746 3317 homo
764 3269 857 3333 gloriae
877 3269 978 3332 cupidus
996 3269 1110 3332 praefixit
1128 3268 1257 3331 epistolam
1274 3267 1384 3329 Kepleri,
1403 3266 1494 3314 nimias

134 3347 199 3390 certe
216 3341 244 3389 in
261 3342 342 3403 ipsum
359 3339 447 3389 laudes
466 3344 648 3404 congerentem,
667 3341 786 3389 tractatui
807 3340 854 3397 „de
874 3342 1043 3389 astronomicis
1062 3339 1254 3402 hypothesibusl
1275 3336 1386 3404 (Pragee
1406 3332 1495 3396 1597),

135 3426 179 3477 quo
203 3411 270 3461 lecto
289 3410 407 3474 Tycho‚
433 3411 474 3474 qui
494 3413 548 3473 jam
573 3410 664 3460 dudum
683 3411 774 3460 Ursum
797 3410 855 3459 furti
880 3411 1015 3476 arguebat.
1041 3411 1152 3460 iuieusue
1174 3411 1238 3460 haec
1257 3409 1365 3473 Keplero
1383 3408 1497 3470 scripsit:

201 3483 295 3532 Nescio
307 3497 355 3546 quo
369 3495 430 3531 cun
448 3482 579 3538 acciderit,
598 3487 628 3530 ut
640 3482 705 3531 idem
719 3481 876 3543 tabellarius,
895 3484 936 3547 qui
949 3483 1008 3531 mihi
1021 3488 1078 3531 tuas
1091 3481 1247 3531 Helmstadio
1261 3481 1359 3536 attulit,
1376 3480 1497 3528 iamosnm

134 3567 227 3620 qaoqm
247 3560 273 3603 st
288 3554 410 3603 netarium
421 3554 538 3616 scriptum
551 3553 679 3615 cujusdam
692 3553 736 3603 ieri
755 3553 805 3602 ursi
819 3555 908 3617 potius.
928 3567 1001 3617 quam
1016 3554 1066 3602 veri
1085 3553 1189 3602 hominis
1203 3552 1261 3601 inde
1280 3552 1337 3600 mihi
1358 3549 1430 3599 simui
1449 3551 1497 3597 tuis

135 3624 262 3691 alligatum
277 3624 423 3688 adportarit.
455 3622 536 3687 Hujus
555 3637 611 3672 cum
629 3624 783 3686 impudentes
803 3624 940 3673 calumnias
960 3631 985 3673 et
1002 3623 1107 3673 infanda
1124 3621 1258 3673 mendacia
1277 3628 1351 3684 atque
1375 3620 1495 3679 convicia,

133 3697 218 3760 quibua
237 3710 313 3760 supra
330 3693 430 3744 modum
448 3700 474 3744 et
492 3695 671 3746 duacensem
689 3695 863 3745 verecundiam
876 3700 966 3751 scatet,
985 3693 1064 3743 obiter
1075 3707 1251 3757 percurrerem,
1270 3692 1351 3755 reperi
1370 3691 1446 3739 etiam
1459 3685 1498 3737 ‘ibi

133 3771 202 3817 mum
219 3767 345 3832 quoddam
364 3765 517 3829 epistolium.
536 3780 584 3831 qno
602 3780 630 3816 ee
645 3780 736 3841 ornare
756 3772 782 3815 et
799 3780 846 3814 sua
864 3766 960 3829 flagitia
978 3772 1063 3830 tegere
1082 3766 1176 3815 nititur.
1214 3763 1285 3824 Quod
1305 3776 1361 3811 cum
1379 3759 1499 3824 perlegis.

134 3852 193 3898 um,
212 3840 318 3888 miratus
336 3852 391 3886 sum
408 3844 434 3887 te
454 3851 510 3886 eum
528 3838 593 3887 tanti
612 3838 703 3887 iacere.
734 3836 784 3886 Sed
798 3851 903 3885 errorem
917 3837 1039 3891 excusavi,
1059 3837 1122 3899 quod
1142 3836 1240 3885 nonnisi
1259 3834 1345 3885 auditu
1364 3838 1390 3882 et
1407 3833 1498 3894 scripto

134 3910 192 3966 isto,
218 3909 286 3974 quod
303 3908 502 3958 Fundamentum
520 3913 595 3958 vocat
613 3910 825 3967 Astronomicum,
849 3907 896 3957 hoc
914 3907 1024 3957 iaceres:
1050 3909 1076 3957 iu
1096 3907 1212 3971 quesere
1236 3906 1296 3958 nihil
1318 3905 1408 3961 habet,
1433 3902 1498 3968 qnod

135 3996 204 4031 sunm
220 3986 268 4030 est.
298 3978 389 4029 Omnia
403 3981 485 4043 potius
504 3980 558 4029 aliie
577 3986 727 4043 surreptaet
745 3985 883 4043 praerepta.
903 3980 1070 4042 proutiecere
1084 3979 1218 4028 consuerit.
1246 3979 1279 4028 Et
1296 3977 1414 4042 plagium,
1434 3973 1499 4039 quod

136 4067 180 4118 ego
198 4053 247 4116 ipsi
265 4052 360 4115 imputa
378 4051 404 4100 iu
422 4052 484 4100 meis
501 4049 686 4114 hypothesibus,
706 4066 755 4100 nou
774 4051 863 4100 saltem
882 4065 947 4100 error
966 4065 1077 4108 craesus,
1096 4065 1168 4114 quem
1187 4051 1212 4099 in
1231 4049 1397 4101 delineatione
1414 4045 1499 4095 Martii

136 4124 197 4174 orbis
217 4124 349 4179 commisit,
368 4123 413 4173 sed
430 4128 457 4172 et
473 4122 554 4172 multa
573 4121 630 4181 alia,
651 4136 715 4186 quae
734 4137 778 4172 suo
796 4128 907 4186 tempore
925 4123 1044 4186 pandam,
1064 4124 1220 4173 convincunt.
1251 4122 1343 4184 Estque
1362 4119 1499 4168 etiamnum

136 4196 202 4261 apud
220 4209 262 4245 me
280 4192 413 4244 fasciculus
431 4194 532 4259 quidam
551 4208 649 4250 eorum,
677 4209 742 4259 quae
760 4195 859 4258 quaudo
876 4195 952 4243 nobili
976 4196 1075 4245 cuidam
1094 4194 1167 4243 Dauo
1193 4193 1263 4244 affini
1280 4206 1335 4241 meo
1354 4189 1498 4245 inserviens,

136 4280 200 4317 auno
220 4263 256 4314 84
276 4279 333 4316 cum
352 4265 438 4315 eodem
450 4263 600 4331 Urauibnrgi
619 4265 738 4321 adesset,⁴
749 4265 813 4316 clam
833 4265 974 4328 descripsit:
994 4267 1019 4315 iu
1038 4266 1124 4329 quibus
1142 4279 1192 4313 uon
1211 4261 1416 4330 dissimiiigegit.
1445 4261 1498 4325 Ego

137 4351 196 4389 eane
214 4337 282 4387 hauc
300 4334 473 4399 hypothesium
491 4336 613 4386 rationem
629 4338 682 4399 jam
704 4336 778 4402 longe
803 4342 880 4386 antea
903 4338 1084 4401 excogitarem,
1110 4350 1157 4386 nec
1184 4350 1240 4385 eam
1262 4334 1323 4383 libro
1347 4332 1378 4381 de
1402 4336 1500 4380 cometa

137 4422 159 4458 a
179 4407 251 4458 1577
270 4408 437 4465 inseruissem,
456 4408 504 4457 nisi
523 4407 587 4457 tales
606 4407 749 4473 plagiarios,
769 4408 856 4472 quibus
873 4407 937 4457 haec
956 4409 1022 4470 apud
1034 4423 1073 4456 me
1092 4409 1261 4465 innotuerant,
1281 4406 1373 4453 veritus
1391 4403 1497 4452 ῐιιίοιοιιι.

137 4478 220 4540 Quare
240 4485 267 4529 et
283 4478 331 4529 boc
349 4480 438 4534 miror,
462 4479 528 4543 quod
550 4482 604 4541 ejus
628 4493 701 4528 voces
724 4478 885 4542 hypothesin,
912 4494 967 4528 cum
991 4486 1017 4528 et
1034 4481 1059 4527 in
1078 4479 1137 4527 libro
1156 4485 1199 4527 tuo
1218 4484 1244 4528 et
1261 4476 1338 4526 literis
1356 4474 1424 4522 hisce
1443 4486 1499 4521 eam

136 4552 194 4602 misi
213 4549 275 4615 (neo
292 4548 426 4612 immerito)
446 4552 576 4601 attribuas.
605 4550 709 4600 interim
722 4552 797 4600 etiam
811 4563 905 4616 magua
917 4552 970 4613 ejus
982 4550 1113 4614 praedicas
1126 4550 1215 4615 elogia,
1233 4551 1330 4599 utinam
1343 4560 1392 4593 uon
1410 4545 1498 4606 hyper-

136 4622 224 4676 bolica.
261 4621 292 4671 ln
312 4622 384 4671 titulo
403 4635 477 4672 vocas
496 4637 553 4672 eum
570 4621 777 4672 mathematicum
795 4621 987 4679 nobilissimum
1007 4621 1085 4686 qualis
1100 4622 1132 4670 sit
1144 4620 1343 4689 mathematicus.
1363 4632 1412 4665 nou
1432 4616 1498 4664 dixe-

136 4695 189 4751 rim,
206 4692 325 4744 nobilitas
339 4695 400 4755 sins,
420 4693 442 4743 si
461 4708 540 4759 genus
553 4697 660 4759 spectes,
680 4699 719 4743 est
731 4708 761 4743 ex
773 4693 870 4742 msticis
883 4692 1040 4751 Dithmarsis,
1060 4693 1101 4757 qui
1120 4707 1176 4741 eum
1195 4693 1271 4742 etiam
1290 4689 1426 4739 fastidiunt.
1456 4687 1499 4735 hie

137 4763 240 4820 deiude.
264 4764 454 4814 illustrissimam
476 4766 530 4827 elue
549 4765 654 4831 gloriam
671 4766 751 4828 ipsum
769 4766 814 4815 tibi
831 4768 918 4814 notum
941 4763 1042 4819 iecisse.
1069 4777 1120 4829 qna
1140 4763 1331 4814 mathematicos
1355 4759 1427 4822 huJus
1446 4756 1500 4806 aevi

136 4844 238 4888 natum
255 4834 393 4902 praecem
408 4850 481 4892 unas.
500 4843 620 4903 quantum
632 4836 772 4891 Phoebeius
789 4837 855 4886 orbis
872 4836 970 4887 minuta
988 4835 1076 4889 sidera
1106 4834 1182 4887 Plura
1199 4832 1346 4889 addidisem,
1364 4832 1386 4880 si
1403 4836 1514 4893 tempus.
