3278 5542
614 337 737 388 raam·
756 337 917 404 „aaronem
1139 415 1142 421 ⁵
1380 334 1444 403 307

118 496 179 558 uod
202 495 233 556 io
257 495 367 557 circulo
392 495 466 557 lacit
488 494 623 557 infinitas
646 495 831 571 inflexionis,
857 496 939 558 idio
965 497 1145 577 septangulo
1170 497 1245 559 lacit
1268 496 1447 578 impossibl-

118 595 163 648 :aa
188 585 314 646 duamm
337 584 476 646 continue
501 584 787 665 proportionalium,
820 605 860 647 ex
882 605 942 665 qua
965 587 1061 648 fluunt
1084 585 1184 650 omnia
1207 584 1291 648 talia.
1336 587 1446 667 ltaque

118 693 168 736 mc
193 673 290 735 solam
313 672 379 735 loco
403 673 534 736 omnium
558 673 869 737 indemonstrabilium
900 676 1134 737 consideremus.
1182 676 1265 737 Inter
1293 693 1445 755 quascun-

118 781 148 827 re
171 762 249 824 duas
273 762 370 824 lineas
393 772 496 824 rectas
520 770 593 824 sunt
615 761 650 838 2,
675 759 706 837 4,
733 759 763 838 6,
788 760 809 826 8
833 764 951 825 mediae
974 764 1234 844 proportionales,
1266 783 1320 825 nec
1344 772 1445 826 tamen

118 852 219 914 veniri
241 858 382 932 possunt,
419 851 475 912 nisi
499 870 553 932 por
576 852 782 914 mechanicum
806 852 946 915 Platonis
970 853 1215 927 (Eratosthenis)
1240 853 1445 915 mesolabium.

118 944 209 1005 loon
232 947 282 1002 est
304 939 334 1002 iu
358 948 464 1002 nostra
487 941 710 1020 imbecillitate,
735 942 791 1003 sed
815 942 844 1002 in
869 950 979 1004 natura
1002 943 1221 1022 quantitatum3
1260 941 1445 1022 impossibile

118 1030 172 1093 tim
196 1038 246 1091 est
269 1028 395 1103 homini,
428 1029 566 1092 omnibus
594 1029 657 1092 suis
681 1031 876 1109 conceptibus
900 1040 1154 1111 conceptuumque
1178 1030 1346 1092 nominibus
1371 1032 1444 1102 (uu-

119 1118 167 1183 eri
191 1127 294 1180 autem
319 1125 388 1180 sunt
411 1119 505 1180 verba
525 1122 759 1199 geometrarum)
790 1120 948 1181 enunciare
972 1121 1196 1200 proportionem
1220 1120 1324 1182 harum
1346 1120 1445 1183 linea-

118 1201 302 1288 m1,'eaque
326 1207 554 1286 impossibilitas
578 1228 615 1269 ex
637 1207 706 1289 ipsa
729 1216 850 1283 natura,
885 1228 952 1270 cum
975 1217 1097 1271 nostrae
1124 1208 1234 1270 mentis
1266 1216 1330 1270 tum
1349 1228 1445 1290 quan-

118 1304 216 1380 lttuqu
246 1295 353 1371 oritur,
392 1294 437 1358 ita
464 1305 498 1359 ut
526 1296 703 1378 simpliciter
731 1298 772 1359 sit
800 1298 994 1377 impossibile.
1041 1297 1124 1360 Nihil
1153 1297 1224 1360 novi
1248 1296 1329 1370 dico;
1367 1297 1448 1359 idem

118 1384 165 1451 cit
187 1384 331 1447 Euclides
354 1384 431 1447 libro
446 1386 501 1458 lX,
527 1387 645 1467 quando
671 1386 707 1447 de
732 1387 862 1448 numeris
887 1387 1044 1466 quadratis
1068 1395 1100 1449 et
1124 1406 1181 1448 non
1197 1386 1353 1466 quadratis
1369 1386 1442 1467 agit,

137 1475 209 1557 ejus
232 1473 440 1535 conclusiones
464 1483 621 1553 aptentur,
647 1483 679 1536 et
702 1496 761 1537 una
785 1475 823 1536 ab
848 1477 909 1537 alia
933 1477 1108 1538 deducatur.
1155 1475 1235 1537 Nam
1259 1475 1308 1537 ubi
1333 1471 1449 1540 dsunt

118 1563 233 1627 rntinue
259 1562 515 1643 proportionales,
545 1564 659 1643 primus
687 1573 734 1626 est
760 1566 798 1626 ad
821 1565 957 1627 ultimum
988 1575 1022 1627 ut
1045 1565 1138 1627 cubus
1164 1564 1203 1626 ad
1227 1564 1349 1639 cubum;
1389 1566 1448 1626 duo

118 1653 233 1716 tutinus
257 1651 498 1732 proportionales
521 1671 579 1714 non
603 1653 753 1715 intersunt
777 1655 902 1716 numeri.
948 1653 1018 1717 Etsi
1043 1653 1291 1734 igiturcossista
1311 1654 1373 1715 suis
1396 1673 1447 1716 re-

118 1742 172 1805 ulio
198 1741 313 1803 invenit
336 1742 555 1821 aequationem,
581 1760 609 1803 v.
626 1761 656 1822 g.
681 1744 853 1823 septangnli
877 1751 908 1805 et
931 1742 1084 1816 diametri,
1110 1743 1244 1824 adeoque
1269 1743 1395 1804 aliarum
1420 1742 1450 1804 in

118 1831 204 1894 'uculo
227 1841 396 1905 rectamm,
422 1839 523 1892 tamen
547 1850 601 1892 nec
626 1833 769 1900 nominat,
794 1851 849 1894 nec
873 1831 1044 1894 describere
1069 1833 1174 1906 docet,
1201 1832 1253 1893 sed
1279 1831 1367 1911 quasi
1390 1832 1450 1892 ali-

118 1919 283 2003 adauctos
307 1920 400 1981 cubos
423 1919 623 2001 cuborumque
646 1921 739 1982 cubos
763 1923 816 1983 dic.
840 1920 1071 2001 praesupponit,
1097 1940 1164 1982 cum
1186 1928 1286 1981 tamen
1311 1921 1448 2000 nuspiam

118 2009 291 2083 momerium
319 2008 408 2088 jubet
430 2008 523 2088 igitur
547 2009 576 2070 id
599 2027 759 2089 quaerere,
794 2011 873 2090 qnod
897 2009 1073 2089 simpliciter
1096 2009 1223 2071 inveniri
1248 2027 1305 2070 non
1330 2016 1442 2088 potest,

118 2096 166 2162 uti
186 2117 229 2161 sc.
256 2098 355 2172 latus,
380 2098 431 2178 qui
455 2097 631 2178 exprimitur
653 2118 775 2161 numero
800 2119 858 2161 nou
883 2098 1003 2172 cubico,
1028 2098 1196 2178 cujusmodi
1219 2098 1305 2160 radix
1330 2098 1450 2179 quidem

118 2186 217 2269 propius
248 2187 440 2257 accedendo,
478 2186 532 2247 sed
561 2206 711 2269 nunquam
742 2189 831 2268 plane
863 2188 1064 2268 cognoscitur.
1113 2188 1146 2249 ln
1181 2206 1315 2262 summa,
1350 2187 1451 2248 omnia

118 2270 275 2356 itiusmodi,
299 2295 375 2356 quae
400 2294 467 2338 cnm
489 2276 551 2338 sint
574 2276 603 2337 in
627 2296 681 2339 suo
705 2277 919 2340 mathematico
945 2276 1097 2338 essentiae
1112 2295 1232 2355 genere,
1257 2275 1321 2337 fleri
1348 2285 1449 2337 tamen

118 2378 160 2427 m
179 2373 318 2447 possunt,
344 2363 398 2426 illa
419 2364 559 2427 videntur
582 2375 667 2440 ante,
682 2378 789 2452 extra,
814 2375 948 2446 praeter,
974 2374 1080 2427 contra
1104 2374 1240 2427 nostram
1264 2364 1449 2428 intellectio·
1542 2400 1545 2407 .

119 2470 265 2517 messe.
312 2452 374 2516 Sed
399 2453 497 2529 dicas,
532 2473 589 2516 uon
615 2456 716 2535 sequi,
750 2462 783 2516 ut
811 2464 941 2536 nequeat
963 2455 1047 2529 sciri,
1086 2454 1165 2536 quod
1189 2454 1279 2516 fuerit
1302 2453 1449 2517 hactenus

119 2544 261 2621 omitum,-
294 2552 381 2622 petes
406 2562 512 2623 nempe
537 2543 843 2619 demonstrationem,
879 2563 954 2626 quae
989 2544 1166 2613 convincat,
1200 2543 1274 2604 haec
1298 2542 1369 2604 sciri
1394 2563 1450 2606 sua

120 2638 207 2695 ltlrrs
228 2633 361 2714 nequire.
398 2631 474 2693 Esto
500 2645 580 2711 ergo,
605 2642 638 2694 ut
657 2633 757 2714 possit
776 2634 856 2696 sciri.
903 2632 1009 2695 Scire
1033 2633 1061 2694 in
1086 2631 1279 2712 geometricis
1303 2640 1361 2709 est,
1386 2651 1449 2694 rem

118 2734 158 2797 ptr
176 2740 296 2784 causam
319 2721 484 2783 formalem
499 2740 691 2801 cognoscere.
736 2724 783 2784 At
805 2723 940 2784 formalis
964 2742 1058 2784 causa
1087 2722 1192 2783 horum
1215 2721 1291 2782 haec
1315 2730 1381 2796 est,
1417 2729 1450 2784 ut

119 2810 249 2874 “miliari
271 2829 330 2872 non
353 2809 481 2890 possint.
528 2809 597 2872 Nisi
620 2811 699 2872 enim
732 2818 803 2873 sunt
835 2813 892 2874 duo
924 2818 1060 2873 extrema
1090 2810 1180 2884 cubi,
1221 2810 1278 2871 duo
1310 2810 1450 2872 continue

119 2897 196 2962 neda
215 2899 456 2981 proportionalia
479 2917 537 2960 non
562 2910 632 2961 sunt
656 2900 779 2975 numeri,
804 2902 882 2980 quod
906 2900 1015 2980 probat
1038 2899 1181 2961 Euclides
1206 2899 1256 2960 lib.
1275 2898 1330 2961 IX.
1370 2897 1450 2961 Sciri

120 2998 173 3067 ttae
192 2988 307 3070 poterit
328 2987 376 3062 id,
411 2988 488 3070 quod
513 2988 664 3050 enunciari
688 3008 745 3050 non
769 2998 892 3068 potest;
930 2989 986 3050 hoc
1010 3008 1081 3050 vero
1106 2988 1284 3062 absurdum,
1318 2987 1389 3049 sciri
1408 2987 1449 3064 id,

120 3076 177 3153 tund
197 3098 256 3141 non
279 3085 338 3140 est.
384 3075 534 3158 Objicias,
568 3079 689 3160 nequire
714 3078 845 3140 construi
871 3080 1090 3158 rectangulum,
1126 3077 1198 3139 sciri
1223 3084 1323 3139 tamen
1346 3094 1447 3156 posse.

120 3158 184 3249 iltgo
205 3167 286 3231 sciri.
334 3166 477 3228 Neseitur
501 3166 593 3241 basiS,
619 3167 689 3229 dnm
713 3168 892 3249 quadratum
916 3169 1026 3229 baseos
1051 3168 1153 3229 scitur.

182 3257 294 3330 Dicas,
324 3255 379 3317 hoc
403 3255 496 3318 etiam
518 3255 606 3317 modo
639 3256 708 3318 sciri
740 3256 851 3336 aliquid
876 3258 913 3318 de
936 3255 957 3320 2
982 3257 1088 3317 mediis
1112 3254 1251 3318 continue
1275 3255 1449 3336 proportio-

118 3340 221 3418 ottus
245 3345 313 3420 etsi¹
327 3345 415 3426 ipsae
439 3345 621 3408 nesciantur.
669 3342 789 3416 Quaero
814 3365 900 3426 ergo,
930 3347 1072 3427 quidnam
1094 3346 1167 3407 illud
1190 3345 1240 3419 sit,
1266 3344 1344 3424 quod
1367 3345 1450 3406 scia-

118 3428 152 3495 ht
175 3435 211 3498 de
243 3433 351 3497 hisce?
397 3432 474 3498 Oum
497 3435 574 3496 enim
603 3431 622 3497 3
647 3442 766 3497 tantum
794 3437 911 3514 species
943 3444 1014 3498 sunt
1045 3434 1226 3515 quantitatis
1258 3426 1449 3495 rectilineae}

118 3512 184 3596 Em,
207 3522 396 3606 superficies,
422 3542 543 3603 corpus,
568 3523 663 3585 scitur
686 3533 738 3586 aut
760 3523 829 3603 ipsa
851 3533 977 3604 utraque
1001 3523 1114 3599 madia,
1147 3522 1225 3603 quod
1250 3521 1359 3583 falsum
1382 3542 1450 3585 esse

118 3605 288 3682 inconfesse
312 3621 375 3688 est,
409 3621 462 3674 aut
485 3627 611 3692 corpus,
637 3613 715 3693 quod
740 3613 893 3693 quaeritur
917 3613 1025 3684 (cubus
1049 3612 1088 3674 ab
1111 3613 1178 3691 ipsa
1200 3610 1300 3672 media
1325 3613 1448 3685 lactus),

118 3707 155 3763 ut
172 3702 355 3784 superficies,
378 3719 467 3782 quam
490 3700 642 3783 quaelibet
665 3702 744 3763 linea
768 3702 852 3775 facit,
877 3703 955 3781 quod
978 3720 1047 3763 mox
1071 3699 1337 3762 considerabimus.
1379 3698 1449 3760 lam

118 3792 308 3855 ltmrrendum
341 3799 391 3853 est
420 3791 488 3854 huic
521 3790 699 3871 objectioni:
734 3790 828 3852 scitur
857 3792 997 3871 planum,
1031 3790 1109 3871 quod
1129 3787 1388 3868 comprehenditur
1412 3790 1449 3850 ab

118 3882 230 3964 titoque,
255 3899 326 3943 nam
348 3881 379 3943 id
403 3881 529 3960 aequale
553 3888 602 3942 est
624 3880 799 3959 rectangulo
823 3880 878 3941 sub
903 3879 1058 3942 extremis.
1104 3877 1305 3957 Respondeo:
1337 3875 1367 3939 id
1392 3897 1450 3939 non

118 3972 154 4030 st
169 3970 352 4050 distinguere
375 3968 527 4050 singulas;
552 3968 597 4032 ita
621 3971 745 4031 contusa
768 3977 816 4030 est
840 3968 914 4030 haec
939 3968 1057 4042 notitia,
1083 3985 1149 4030 cum
1174 3985 1229 4028 nos
1254 3967 1291 4027 de
1307 3965 1451 4029 distincta

118 4070 286 4134 tuleramus.
333 4059 383 4121 Ita
405 4058 531 4133 scimus,
555 4059 636 4140 quod
660 4060 774 4120 sactum
803 4057 858 4118 sub
882 4057 979 4138 prima
1008 4068 1041 4119 et
1063 4057 1156 4118 tertia
1179 4054 1318 4136 quaesita
1341 4057 1452 4120 debeat

118 4149 220 4230 upari
244 4146 392 4230 quadrato
416 4146 577 4225 secundae,
602 4147 682 4229 quod
705 4146 847 4221 nescitur,
872 4154 907 4208 ut
930 4155 962 4209 et
984 4147 1093 4209 tertiae
1118 4145 1307 4226 quadratum,
1331 4146 1368 4207 de
1393 4165 1450 4227 quo

118 4244 222 4314 Μεες
264 4237 406 4302 similiter
442 4237 522 4318 quod
560 4238 673 4299 iactum
710 4234 766 4298 sub
799 4237 931 4298 secunda
963 4236 1102 4319 quaesita
1135 4245 1167 4295 et
1199 4243 1307 4314 quarta
1340 4235 1451 4297 debeat

119 4328 218 4407 equari
233 4326 382 4410 quadrato
405 4326 524 4401 tertiae,
550 4327 629 4407 quod
653 4325 795 4388 nescitur.
835 4326 901 4386 Hae
917 4334 979 4387 tres
999 4325 1124 4386 notitiae
1140 4323 1227 4385 nobis
1243 4322 1451 4386 discriminant

118 4405 176 4479 ibn
196 4415 366 4500 quaesitas,
399 4434 455 4478 nec
479 4414 591 4478 sistunt
614 4415 684 4478 illas
719 4415 747 4475 in
773 4413 959 4476 intellectum
983 4421 1133 4487 nostrum,
1167 4420 1291 4493 propter
1314 4412 1449 4474 infinita·
1519 4450 1521 4457 ›

118 4500 164 4567 itm
183 4505 470 4586 subingredientem,
494 4513 651 4568 ettamen
675 4503 884 4566 discriminant
906 4503 976 4566 illas
1001 4511 1089 4564 entra
1111 4502 1297 4564 intellectum
1315 4509 1451 4564 nostrum

119 4581 204 4659 ilino
226 4612 338 4678 genere
362 4594 532 4672 essentiae,
556 4595 740 4674 faciuntque,
765 4600 800 4655 ut
822 4592 879 4653 hae
902 4611 961 4654 non
985 4593 1062 4655 aliae
1087 4609 1153 4653 esse
1176 4590 1305 4673 possint.
1352 4589 1451 4653 Simili

119 4670 223 4749 baton
255 4704 320 4750 rem
351 4682 522 4748 illustrabo.
574 4683 645 4747 Scio
679 4684 789 4746 baseos
822 4680 850 4742 in
883 4681 1035 4763 triangulo
1068 4681 1243 4760 rectangulo
1272 4679 1451 4761 quadratum

118 4780 170 4835 hrt
188 4772 496 4858 aequalequadrntis
519 4771 732 4855 adjacentium,
756 4769 858 4833 nescio
879 4770 1095 4851 longitudinem
1117 4770 1237 4846 baseos,
1261 4769 1291 4831 h.
1306 4787 1334 4831 e.
1354 4789 1449 4831 enun-

118 4854 179 4928 litre
199 4884 260 4929 nou
281 4880 416 4948 possum.
463 4860 595 4927 Tantum
616 4862 674 4925 hoc
697 4860 771 4936 scio,
795 4859 821 4922 si
845 4860 907 4922 tale
932 4858 1111 4942 quadratum
1134 4858 1254 4934 faciam,
1280 4858 1389 4922 iecisse
1403 4877 1450 4921 me

1177 4962 1238 5017 ²⁰*
