3278 5542
149 324 212 395 140
658 323 772 390 ulyssem
791 323 991 392 (tormograplrlof

145 489 225 552 inter
249 508 282 550 se
307 496 425 551 etcum
449 487 568 565 integra
591 493 766 548 consonent.
782 482 811 560 h)
856 485 950 546 Porro
976 488 1118 563 quotnam
1144 480 1309 544 illiusmodi
1338 498 1431 543 voees
1452 498 1497 542 oe-

146 585 276 653 currant,
302 596 390 639 aures
413 576 558 637 indicant.
605 573 672 654 Ego
696 575 851 637 schemate
876 582 907 635 et
930 573 1059 635 numeris
1083 571 1189 634 dicam.

282 680 1433 774 reso-Lo*

154 856 366 949 -a—-a
654 758 1499 948 -ἒὲἒὲΞὲ

236 975 317 1037 Vide
341 994 418 1037 nunc
444 985 476 1036 et
499 976 581 1054 ipsas
605 974 787 1047 harmonias,
811 985 842 1035 et
865 973 965 1035 fidium
988 971 1196 1054 proportiones
1219 970 1249 1033 in
1274 970 1426 1033 numeris:
1454 968 1496 1032 ubi

144 1071 219 1126 nota
240 1064 303 1126 ima
327 1064 479 1143 significat
506 1083 611 1126 vocem
638 1062 774 1142 integrae
803 1061 887 1137 fidis,
922 1081 1061 1141 suprema
1090 1079 1195 1122 vocem
1221 1058 1317 1140 partis
1349 1057 1494 1133 brevioris,

142 1154 242 1215 media
264 1171 369 1213 vocem
397 1153 494 1232 partis
523 1151 684 1231 longioris3
718 1170 857 1213 numerus
891 1151 969 1213 imus
997 1149 1113 1212 indicat
1140 1150 1169 1211 iu
1198 1156 1272 1229 quot
1298 1154 1406 1230 partes
1431 1146 1494 1209 ddes

142 1241 305 1302 dividenda
328 1241 388 1315 sit;
413 1240 533 1321 reliqui,
559 1240 760 1318 longitudines
784 1239 925 1321 partium.

135 1993 199 2074 jam
213 1994 331 2073 positas
347 1995 483 2076 exprimi.
497 1990 541 2069 ιο)
579 1996 658 2057 Nam
673 2013 777 2057 vocem
793 1998 819 2057 F
837 1997 868 2056 fa
887 2004 929 2069 ut,
955 1995 1047 2057 aliam
1070 1993 1147 2060 exc
1172 1996 1217 2057 sol
1242 1996 1275 2057 fa
1297 2002 1342 2069 ut,
1367 1994 1487 2074 desuper,

140 2082 231 2145 aliam
254 2102 292 2144 ex
314 2082 340 2144 B
365 2084 404 2145 mi
428 2084 510 2146 molli
534 2084 658 2146 inferius
683 2084 799 2159 elicies,
813 2083 843 2157 k)
878 2092 1026 2165 utcunque
1055 2085 1112 2146 hae
1141 2085 1218 2147 duae
1237 2084 1395 2164 perfectae
1415 2080 1488 2162 qnin-

139 2180 190 2234 tae
214 2190 282 2234 esse
306 2167 529 2247 videantur.‘¹)
567 2171 629 2234 Sed
654 2173 787 2236 adrem.
835 2172 938 2235 Prima
961 2180 992 2234 et
1016 2173 1149 2234 secunda
1172 2172 1336 2235 concordia
1359 2171 1488 2253 quodan-

137 2261 226 2322 modo
250 2259 350 2323 sociae
375 2269 462 2335 sunt;
487 2262 530 2324 sic
555 2262 650 2323 etiam
673 2261 778 2343 quinta
793 2270 936 2324 etsexta.
976 2259 1053 2323 (lum
1076 2262 1155 2323 enirn
1179 2261 1378 2342 imperfectae
1402 2276 1488 2322 omno

139 2348 201 2411 sint
215 2347 256 2422 ¹):
282 2349 369 2410 binae
394 2368 527 2429 semper,
554 2371 613 2412 una
636 2351 725 2424 dura,
750 2351 847 2413 altera
871 2351 986 2424 mollis,
1010 2350 1199 2431 conspirant.
1223 2358 1258 2413 nt
1281 2348 1411 2431 singulis
1432 2366 1488 2430 per·

140 2436 229 2499 fectis
244 2438 462 2517 quodammodo
478 2439 719 2520 aequiparentur.
755 2440 821 2502 Nec
846 2441 1005 2501 admodum
1030 2440 1167 2501 diversas
1191 2437 1358 2501 divisiones
1381 2437 1487 2500 babent

138 2527 218 2588 Nam
249 2519 280 2605 Ἰ,
310 2534 341 2588 et
372 2521 402 2608 Ἰ,
431 2547 498 2589 sese
523 2529 637 2590 habent
661 2528 698 2590 ad
723 2528 868 2603 invicem,
899 2536 932 2590 ut
960 2523 1011 2612 Ἃ,
1040 2538 1072 2590 et
1100 2522 1171 2608 ⁸l„‚
1203 2546 1282 2610 qnae
1302 2534 1421 2590 tantum
1444 2543 1489 2587 nor

140 2614 296 2694 trigesima
321 2615 471 2679 differunt.
519 2615 571 2678 Sic
602 2612 634 2698 Ἰ,
663 2626 694 2679 et
724 2611 756 2698 Ἰ,
786 2637 818 2678 se
842 2617 955 2679 habent
978 2619 1016 2678 ad
1039 2617 1179 2693 invicem,
1205 2625 1238 2678 ut
1268 2610 1336 2696 ¹⁸1„
1365 2623 1397 2678 et
1421 2607 1487 2698 “leo

139 2703 280 2765 differunt
318 2703 410 2784 igitur
442 2712 560 2768 tantum
593 2726 653 2767 una
686 2707 917 2786 quadragesima
953 2706 1112 2787 particula.
1169 2708 1272 2787 Atque
1305 2706 1351 2767 ita
1383 2701 1487 2785 proprie

140 2793 296 2872 loquendo,
322 2799 439 2855 tautum
466 2794 594 2876 quinque
614 2796 643 2856 in
659 2796 774 2857 musica
795 2796 939 2857 habemus
964 2796 1149 2870 concordias,
1175 2795 1212 2856 ad
1237 2813 1393 2857 nnmerum
1415 2792 1487 2874 quio·

138 2900 195 2962 qne
219 2899 387 2961 corporum.
436 2881 524 2954 Quod
548 2884 574 2947 si
599 2892 715 2963 septem
741 2885 920 2946 divisionum
943 2884 972 2945 in
997 2879 1032 2958 6,
1058 2882 1088 2957 5,
1113 2880 1148 2958 4,
1174 2881 1208 2959 3,
1233 2880 1269 2957 8,
1294 2881 1331 2958 5,
1356 2880 1395 2960 2,
1418 2900 1488 2943 cou-

136 2989 253 3032 munem
278 2971 430 3033 minimum
455 2972 607 3034 dividuum
631 2992 770 3052 quaeras,
796 2992 911 3035 rursum
934 2973 1069 3035 invenies
1098 2970 1168 3048 120,
1192 2978 1352 3052 utsupra,
1376 2990 1443 3035 cum
1462 2969 1490 3030 de

137 3059 283 3120 divisione
307 3060 422 3121 zodiaci
447 3066 658 3141 ageremus,¹¹)
682 3063 883 3142 perfectarum
907 3081 978 3123 vero
1003 3062 1228 3124 concordiamm
1244 3061 1401 3125 minimum
1423 3057 1489 3121 diri·

136 3147 227 3208 duum
251 3166 367 3209 rursum
395 3146 450 3211 12:
476 3152 565 3230 plane
590 3151 675 3231 quasi
700 3151 853 3230 perfectae
878 3151 1058 3214 concordiae
1082 3172 1101 3212 a
1124 3151 1272 3232 quadrato
1297 3157 1331 3211 et
1354 3147 1491 3230 triangulo

136 3234 213 3309 cubi,
239 3236 386 3298 tetrabdri
410 3245 442 3299 et
465 3239 610 3311 octaedri,
635 3240 829 3321 imperfectae
854 3258 925 3302 vero
951 3261 969 3301 a
992 3240 1159 3320 decaugnlo
1185 3238 1367 3319 reliquorum
1381 3240 1492 3302 duorum

138 3338 295 3405 corporum
318 3326 519 3404 provenirent.
535 3331 564 3402 ¹¹)
611 3328 712 3408 Atque
737 3330 811 3392 haec
841 3330 975 3390 secunda
1004 3337 1053 3391 est
1081 3347 1236 3407 corporum
1265 3328 1412 3408 cognatio
1438 3342 1493 3388 con

138 3413 305 3474 concordiis
329 3415 460 3477 musicis.
508 3416 570 3479 Sed
595 3417 665 3499 quia
688 3439 798 3480 causas
825 3417 914 3496 hujus
943 3418 1134 3497 cognationis
1161 3418 1354 3495 ignoramus,
1383 3416 1493 3479 difficile

137 3509 185 3564 est
209 3505 435 3566 accommodare
459 3505 595 3586 singulas
618 3507 790 3568 harmonias
815 3507 940 3585 singulis
965 3507 1150 3586 corporibus.
1166 3508 1193 3579 ⁰)
1277 3499 1282 3512 ’

227 3591 375 3655 Videmus
400 3592 518 3674 quidem
543 3596 617 3656 duos
648 3596 870 3658 harmoniarum
902 3596 1040 3671 ordines,
1076 3603 1139 3657 tres
1168 3594 1323 3674 simplices
1352 3595 1495 3675 perfectas

135 3689 168 3743 et
190 3680 265 3742 duas
290 3681 424 3762 duplices
448 3683 665 3764 imperfectas:
695 3686 773 3747 sicut
796 3685 856 3747 tria
878 3685 1023 3764 primaria
1047 3702 1190 3765 corpora,
1221 3684 1279 3744 duo
1303 3683 1494 3746 secundaria:

136 3790 237 3832 verum
262 3773 468 3855 cum-reliqua
492 3793 548 3835 non
581 3775 774 3843 conveniant,
807 3773 975 3835 deserenda
1004 3782 1051 3835 est
1079 3774 1155 3835 haec
1187 3771 1362 3834 conciliatio
1387 3781 1420 3835 et
1443 3772 1497 3834 alia

135 3861 291 3921 tentanda.
307 3864 335 3934 ¹²)
382 3862 499 3943 Nempe
524 3863 603 3925 sicut
627 3863 836 3926 dodecabdron
865 3870 897 3924 et
925 3863 1103 3925 icosaedron
1133 3880 1187 3923 suo
1217 3861 1389 3941 decaogulo
1413 3878 1497 3942 supra

136 3956 284 4009 auxerunt
308 3948 521 4014 dnodenarium
544 3972 637 4033 usque
662 3953 701 4013 ad
729 3950 805 4026 120,
839 3951 883 4012 ita
910 3951 958 4013 hic
987 3951 1183 4031 imperfectae
1216 3950 1395 4011 harmoniae
1425 3949 1498 4012 idem

138 4035 262 4099 faciunt.

224 4124 322 4186 Erunt
351 4125 443 4204 igitur
470 4128 508 4188 ad
537 4127 663 4202 cubum,
697 4129 854 4209 pyramida
883 4137 916 4189 et
944 4130 1107 4191 octabdron
1133 4126 1410 4189 accommodandae
1432 4144 1500 4206 per·

137 4213 235 4275 fectae
259 4214 448 4290 harmoniae,
478 4216 517 4277 ad
546 4215 756 4278 dodeca'c'dron
780 4225 812 4278 et
836 4218 1014 4279 icosabdron
1038 4218 1243 4296 imperfectae.
1291 4214 1361 4286 Quo
1386 4214 1503 4278 accedit

136 4311 167 4362 et
191 4301 262 4365 illud
286 4312 376 4382 atque
401 4304 500 4366 hercle
525 4304 653 4366 indicem
678 4305 804 4384 digitum
829 4307 865 4366 ad
886 4325 1011 4367 causam
1031 4306 1138 4369 harum
1153 4324 1251 4366 rerum
1267 4304 1503 4367 occultissimam

135 4390 278 4466 intendit,
295 4396 323 4464 ιι)
355 4393 433 4472 quod
462 4393 597 4473 proximo
628 4394 727 4473 capite
756 4393 948 4455 habebimus:
983 4394 1057 4456 duos
1087 4413 1192 4473 nempe
1224 4414 1292 4456 esse
1316 4394 1504 4471 geometriae

135 4480 304 4554 thesauros,
327 4500 435 4542 unum:
460 4482 621 4543 subtensae
637 4484 666 4544 in
682 4484 858 4562 rectangnlo
875 4484 1021 4545 rationem
1037 4485 1074 4544 ad
1091 4484 1196 4556 latera,
1222 4484 1369 4544 alterum:
1395 4482 1506 4545 lineam

136 4577 272 4630 extrema
296 4576 327 4630 et
342 4569 440 4631 media
460 4571 576 4632 ratione
592 4580 716 4646 sectam,
733 4574 758 4644 ¹)
783 4590 904 4651 quorum
929 4592 966 4632 er
990 4572 1042 4633 illo
1066 4573 1143 4640 cubi,
1167 4570 1334 4653 pyramidis
1359 4580 1394 4633 et
1417 4580 1505 4634 ncta·

137 4657 201 4719 edri
235 4659 418 4720 constructio
451 4660 535 4734 fluit,
575 4679 613 4720 ex
646 4662 701 4722 hoc
734 4679 806 4721 vero
844 4660 1027 4722 constructio
1062 4661 1243 4723 dodecabdri
1277 4667 1310 4721 et
1344 4658 1507 4725 icosaedri.

137 4747 224 4810 Unde
249 4754 312 4808 tam
337 4746 436 4809 facilis
461 4757 493 4811 et
515 4749 662 4827 regularis
688 4756 736 4809 est
758 4748 915 4827 inscriptio
940 4750 1102 4830 pyramidis
1122 4750 1152 4811 in
1169 4747 1286 4823 cubum,
1312 4750 1456 4814 octaedri
1479 4749 1509 4812 in

138 4836 316 4916 utromque,
349 4835 429 4900 sicut
456 4836 637 4899 dodecatdri
666 4837 695 4900 iu
724 4836 911 4900 icosaedron.
959 4838 1003 4902 Ut
1030 4846 1132 4900 autem
1160 4837 1298 4920 singulae
1329 4837 1510 4903 humanius
