3262 5550
138 285 202 350 t70
652 286 983 355 sanamque

135 453 365 525 dapaepacsoc,
400 454 540 507 correcta
572 445 660 506 modo
694 445 855 518 distantia,
888 446 1062 509 existiment
1093 447 1259 511 astronomi
1291 446 1352 510 sibi
1383 446 1500 510 munde

138 536 340 599 satisfactum.

226 626 260 685 ln
275 624 352 684 Jove
376 621 448 683 nihil
469 621 537 699 jure
562 621 727 683 desiderari
750 631 863 701 potest.
910 623 990 686 Nam
1014 623 1154 703 exiguam
1169 623 1264 687 habet
1285 625 1496 698 differentiam,

138 722 230 794 atque
253 713 396 774 minorem
420 719 561 771 sextante
585 712 707 788 gradus.

224 799 312 872 Quod
344 806 443 861 autem
478 799 569 859 etiam
597 799 627 859 in
652 799 752 861 Marte
786 799 920 860 semissis
948 800 1060 879 gradus
1092 800 1243 874 abundat,
1275 800 1351 863 nihil
1384 801 1495 877 mirum,

134 910 188 953 nec
212 910 259 952 me
283 896 404 951 movet:
430 896 532 948 movet
556 888 584 948 id
609 887 719 965 potins,
745 888 888 968 majorem
912 907 969 950 non
994 908 1062 950 esse
1084 889 1304 952 diversitatem.
1353 890 1495 954 Testatur

136 980 211 1040 enim
236 979 264 1040 in
289 978 477 1058 praefatione
501 975 709 1055 Ephemeridis
733 977 772 1037 ad
796 995 905 1038 annum
931 975 1014 1040 1577
1039 978 1237 1040 Maestlinus:
1274 978 1388 1040 sideris
1411 979 1494 1060 hujus

133 1088 252 1130 errores
275 1089 294 1128 a
317 1066 432 1127 calculo
456 1065 536 1126 intra
560 1066 683 1127 duorum
708 1066 853 1144 graduum
877 1067 1035 1145 angustias
1060 1065 1125 1146 cogi
1151 1086 1208 1128 non
1231 1085 1337 1147 posse.

220 1156 291 1216 Jam
319 1156 357 1216 ad
387 1153 542 1215 inferiores
568 1154 592 1215 Q
622 1158 697 1231 etp
731 1155 809 1233 quod
840 1155 966 1227 attinet,
1001 1154 1057 1216 etsi
1090 1173 1162 1234 prae
1187 1154 1395 1235 superioribus
1419 1175 1490 1218 uon·

133 1246 207 1307 nihil
230 1242 454 1306 commoditatis
478 1241 589 1303 habere
613 1244 768 1317 videntur,
798 1253 960 1321 propterea
983 1244 1062 1324 qnod
1085 1263 1123 1305 ex
1146 1244 1341 1324 elongatione
1365 1245 1492 1307 maxima

135 1334 253 1396 facilius
279 1330 342 1406 est,
372 1351 460 1411 quam
485 1351 522 1391 ex
545 1330 702 1412 ἀκροτνχιᾳ
726 1331 951 1406 observatione,
981 1332 1111 1412 ipsorum
1135 1334 1223 1395 orbes
1248 1332 1400 1409 dimetiri,
1433 1334 1492 1412 ipsa

135 1431 236 1484 tamen
261 1420 441 1484 observandi
465 1420 515 1480 via
543 1420 614 1481 mihi
646 1430 790 1498 suspecta
813 1428 870 1481 est.
918 1419 1064 1490 Quamvis
1093 1421 1204 1483 rectius
1232 1423 1421 1484 astronomis
1443 1423 1490 1484 hoc

134 1511 354 1573 aestimandum
379 1508 527 1586 relinquo:
559 1528 664 1588 nempe
689 1518 787 1569 utrum
811 1528 867 1570 non
892 1508 922 1571 in
946 1511 993 1571 his
1015 1510 1149 1590 planetis
1172 1528 1319 1589 vaporum
1343 1511 1488 1572 densitate

134 1610 166 1662 et
189 1600 314 1682 physica
337 1597 498 1681 patellarii,
524 1617 611 1676 quam
636 1616 689 1657 nec
714 1597 766 1658 Sol
791 1617 845 1658 nec
870 1599 957 1659 Luna
981 1599 1100 1673 effugit,
1126 1598 1274 1661 interdurn
1300 1598 1487 1672 lallantur⁸).

135 1687 227 1750 Certe
260 1686 441 1750 Maestliuus
468 1685 497 1745 in
529 1685 741 1764 Disputatione
775 1686 811 1746 dc
844 1682 1092 1765 Eclipsibus,⁸²)
1116 1685 1195 1748 thesi
1223 1685 1277 1750 58.
1311 1688 1349 1748 de
1376 1688 1488 1750 Venere

134 1778 277 1850 affirmat,
304 1776 382 1856 quod
405 1793 461 1836 non
486 1793 554 1834 rare
579 1775 646 1835 visa
670 1775 761 1835 fuerit
783 1775 848 1854 ejus
872 1796 891 1835 a
914 1775 985 1837 Sole
1017 1794 1109 1855 prope
1133 1775 1323 1837 horizontem
1346 1776 1488 1838 distantia

133 1865 308 1927 notabiliter
332 1863 428 1925 minor
450 1883 533 1925 vera.
581 1862 704 1934 Quanto
719 1864 816 1941 magis
841 1864 869 1924 id
894 1864 931 1924 de
951 1864 1100 1926 Mercurio
1125 1864 1182 1926 dici
1206 1864 1331 1944 poterit,
1357 1866 1409 1946 qui
1434 1866 1486 1926 fers

133 1974 253 2035 semper
276 1953 331 2015 sub
347 1952 428 2015 Solis
452 1952 545 2014 radiis
570 1962 632 2025 est,
658 1963 689 2013 et
713 1952 848 2032 quamvis
873 1953 1020 2015 interdum
1043 1960 1188 2033 emergat,
1214 1972 1369 2033 nunquam
1397 1962 1486 2015 tamen

132 2044 188 2106 nisi
213 2063 306 2124 prope
330 2043 515 2104 horizontem
543 2062 597 2122 per
623 2041 810 2120 interjectam
835 2042 1059 2103 exhalationem
1083 2043 1201 2121 copiam
1230 2052 1336 2105 crostro
1361 2062 1397 2104 se
1420 2044 1486 2105 visui

130 2140 316 2213 praesentat
362 2131 404 2193 Et
427 2131 564 2211 quamvis
590 2129 705 2190 Veneri
729 2129 912 2208 opitulentur
936 2131 1012 2191 fixae
1041 2129 1127 2192 simul
1157 2139 1189 2193 et
1219 2149 1314 2210 prope
1339 2150 1483 2210 apparen-

131 2230 200 2296 tes,
223 2221 391 2283 Mercurius
420 2228 522 2280 tannen
551 2217 736 2298 frequentius
767 2219 796 2279 in
821 2218 910 2297 culpa
933 2229 1047 2292 manet,
1084 2219 1133 2300 qui
1160 2220 1224 2299 ipse
1258 2239 1329 2281 raro
1353 2221 1484 2294 cernitur,

133 2320 165 2370 et
194 2310 291 2370 rarius
321 2309 399 2369 fixae
427 2326 520 2386 prope
549 2307 656 2386 ipsum.
704 2304 837 2385 Cumque
871 2308 946 2368 baec
970 2307 1059 2368 hodie
1083 2309 1242 2383 accidant,
1276 2309 1426 2371 credibile.
1448 2315 1485 2369 est

134 2406 167 2459 et
188 2398 342 2459 veteribus
367 2397 601 2478 quantiscunque
631 2395 794 2456 artificibus
820 2396 957 2457 accidere
990 2397 1134 2475 potuisse.
1182 2398 1261 2458 Nam
1284 2398 1366 2477 quod
1400 2397 1482 2460 lecto-

134 2505 198 2548 rem
223 2486 260 2546 de
284 2503 319 2547 ee
343 2504 400 2546 non
425 2494 555 2559 monent,
580 2485 609 2545 id
634 2485 728 2562 ipsum
753 2484 952 2563 suspicionem
977 2486 1014 2546 de
1038 2486 1141 2547 horum
1159 2487 1353 2565 planetarum
1377 2487 1482 2548 dimen-

134 2574 267 2636 sionibus
290 2573 409 2634 vitiosis
434 2581 533 2652 auget.
579 2574 645 2634 Hoc
670 2572 747 2633 onim
772 2571 879 2634 indicio
904 2582 966 2648 est,
997 2592 1051 2634 nec
1076 2575 1318 2637 animadversum
1342 2574 1420 2655 ipsis
1443 2594 1483 2635 nec

84 2675 89 2683 '
135 2671 301 2725 correctum
332 2682 414 2736 esse,
449 2663 474 2722 si
505 2662 574 2741 quid
607 2682 644 2723 ex
669 2681 703 2721 eo
728 2661 791 2722 citii
825 2662 953 2723 exstitit.
1006 2661 1108 2732 Quare
1142 2666 1170 2725 in
1199 2663 1331 2725 lectione
1360 2672 1481 2725 veterum

135 2751 280 2831 imprimis
304 2751 500 2831 spectandum
525 2771 592 2814 esse
617 2760 699 2830 puto,
724 2757 821 2812 utrum
846 2750 1030 2830 singularum
1045 2752 1298 2826 observationum,
1326 2772 1404 2832 quae
1419 2753 1481 2814 alle-

132 2851 252 2921 gantur,
276 2839 476 2901 instrumenta
500 2849 532 2901 et
556 2840 636 2900 modi
660 2839 726 2900 hnic
751 2840 845 2900 errori
869 2840 989 2901 obnoxii
1013 2861 1081 2902 esse
1105 2841 1283 2921 potuerints

221 2929 336 2990 Deinde
360 2948 419 2990 non
444 2928 552 3007 injuria
575 2939 691 3000 metuo,
725 2938 757 2988 ut
780 2929 875 2989 multa
899 2929 995 2990 adhuc
1020 2929 1048 2990 in
1073 2929 1188 2992 ratione
1213 2929 1426 3011 hypothesium
1446 2928 1481 2990 bis

132 3017 248 3079 duobus
281 3018 412 3097 planetis
445 3017 552 3079 relicta
584 3017 701 3077 incerta
730 3017 801 3077 sint..
850 3016 1036 3096 Copernicus
1068 3020 1117 3092 (ut
1149 3018 1304 3096 colligitur
1336 3037 1376 3079 ex
1406 3018 1480 3080 modo

132 3106 236 3187 posita
258 3105 390 3177 Rhetici,
413 3115 444 3166 et
467 3106 545 3167 infra
569 3125 605 3164 ex
624 3105 778 3165 Maestlini
803 3105 948 3183 epistola)
971 3107 1039 3184 plus
1062 3107 1230 3168 Ptolemaei
1254 3107 1382 3187 placita,
1408 3124 1481 3186 quau

134 3195 375 3255 observationum
405 3195 617 3255 necessitatem
647 3202 767 3254 aceritus
797 3204 845 3255 est
876 3196 904 3254 in
930 3197 1123 3256 emendandis
1154 3196 1328 3257 inferiorum
1359 3195 1480 3256 theoriis.

135 3282 203 3352 Qua
226 3282 255 3342 in
280 3303 311 3343 re
336 3302 393 3363 quo
418 3282 513 3343 miuus
536 3282 714 3360 reprehendi
737 3292 851 3361 posset,
877 3283 1023 3344 Rheticns
1048 3285 1076 3344 in
1102 3304 1157 3344 sua
1181 3284 1354 3345 narratione
1380 3284 1480 3344 ederit:

133 3372 183 3433 ubi
217 3379 331 3444 monet,
367 3372 593 3450 religiosissime
626 3380 758 3431 veterum
792 3372 931 3450 vestigiis
965 3372 1178 3434 inhaerendum
1211 3392 1265 3434 nec
1300 3373 1391 3433 t'acile
1425 3370 1481 3450 quid

133 3460 320 3533 mutandum,
356 3461 449 3521 donec
480 3460 722 3520 observationum
756 3468 891 3520 extrema
920 3461 1087 3521 [recessitas
1116 3472 1233 3540 urgeat.
1281 3459 1375 3530 Quod
1403 3462 1483 3540 igitur

133 3550 209 3610 adeo
234 3549 400 3630 exquisitae
426 3549 652 3609 observationes
676 3548 779 3610 haberi
805 3568 860 3609 non
884 3559 1024 3628 possent,
1056 3570 1093 3612 ea
1116 3552 1247 3610 fortasse
1280 3548 1359 3610 satis
1384 3567 1483 3627 magna

133 3658 226 3700 causa
255 3638 310 3699 suit
334 3637 440 3699 artifici
463 3637 712 3715 prudentissimo,
745 3646 866 3715 praeter
895 3639 1203 3699 accommodationem
1232 3640 1270 3698 ad
1296 3659 1351 3698 sua
1382 3639 1485 3719 placita

133 3727 205 3789 nihil
230 3727 353 3788 ulterius
377 3728 408 3787 in
431 3727 571 3806 planetas
596 3726 685 3785 hosce
710 3726 856 3787 tentandi.
1056 3730 1062 3743 ‘

221 3815 309 3886 Quod
339 3817 429 3896 igitur
460 3815 489 3876 in
520 3815 638 3876 Venere
672 3833 810 3893 magnam
834 3815 919 3875 vides
944 3834 1066 3875 arcuum
1094 3815 1314 3893 diversitatem,
1350 3815 1419 3895 ejus
1450 3813 1486 3875 rei

133 3903 251 3982 culpam
278 3905 357 3965 inter
385 3914 501 3977 cetera,
535 3922 610 3983 quae
634 3902 662 3962 in
687 3922 796 3981 genere
820 3903 980 3981 praemisi,
1011 3906 1102 3982 (qnae
1135 3913 1166 3966 te
1194 3904 1288 3984 probe
1323 3905 1488 3966 meminisse

133 3992 255 4066 velim),
286 3993 377 4053 etiam
401 3993 429 4053 in
457 3993 532 4052 haee
560 3993 647 4052 modo
677 3993 811 4071 allegata
839 3992 1018 4053 offendicula
1046 3994 1163 4068 confer3
1198 4002 1229 4055 et
1257 3993 1489 4073 magnitudinem

134 4079 302 4142 discordiae
327 4080 561 4160 aequianmitate
585 4090 654 4153 tua,
686 4081 810 4141 sibene
836 4080 955 4160 singula
978 4082 1179 4160 perpendisti,
1210 4075 1489 4161 facile'superabis.

134 4165 203 4238 Qua
226 4168 255 4229 in
280 4189 311 4230 re
335 4188 443 4248 magno
467 4168 523 4230 tibi
548 4168 656 4230 solatio
683 4169 752 4243 erit,
789 4170 867 4248 quod
892 4189 1030 4232 numerus
1058 4169 1283 4250 Cepernicanus
1308 4171 1427 4234 medius
1450 4179 1492 4233 est

133 4256 212 4318 inter
235 4277 323 4319 arcus
348 4277 385 4318 ex
408 4256 588 4336 interposita
617 4266 647 4319 et
676 4277 712 4319 ex
737 4259 848 4320 omissa
872 4258 959 4321 Luna
987 4260 1181 4338 prodeuntes.
1227 4260 1309 4323 Nam
1339 4260 1367 4322 si
1397 4262 1493 4322 orbem

133 4364 274 4425 magnum
298 4353 462 4427 systemate
487 4347 590 4408 Lunae
616 4346 745 4408 sarcias:
772 4346 949 4408 icosabdron
967 4348 1118 4411 Venerem
1141 4349 1260 4428 longius
1283 4371 1303 4410 a
1326 4350 1426 4412 Terra
1449 4349 1494 4412 di·

132 4444 346 4514 maceratque
371 4432 554 4512 Cepernicus
579 4436 727 4514 prodidit:
754 4435 799 4497 sin
825 4445 947 4497 exemta
962 4437 1048 4498 Luna
1072 4438 1237 4499 tenuiorem
1258 4438 1377 4499 efficias
1398 4438 1495 4500 orbem

133 4542 289 4601 magnum,
314 4524 409 4602 figura
432 4523 583 4584 Venerem
607 4525 726 4585 nimium
750 4544 842 4603 prope
867 4525 1014 4599 admittit,
1039 4527 1251 4606 majoremque,
1281 4546 1372 4606 quam
1399 4536 1448 4591 est
1469 4526 1496 4588 in

134 4608 310 4689 Cepernico‚
336 4630 403 4671 esse
426 4612 549 4691 patitur.
598 4612 699 4683 Quare
729 4613 841 4693 aliquid
865 4613 962 4675 minos
986 4616 1074 4675 Luna
1098 4633 1158 4677 rem
1180 4616 1288 4694 juvare
1310 4617 1443 4694 peterit,
1474 4616 1496 4677 si

134 4700 280 4760 tenendus
305 4697 490 4776 Copcrnicus
514 4711 571 4763 est.

220 4788 267 4848 De
290 4787 438 4851 Mercurio
462 4808 532 4850 vero
557 4798 673 4851 tantum
694 4789 759 4868 jam
784 4789 982 4862 dictumest,
1015 4790 1132 4872 dicique
1157 4791 1286 4872 amplius
1311 4800 1434 4872 potest.
1468 4802 1500 4858 ut
