3278 5542
135 324 201 389 222
735 323 899 374 Prooemium.

137 503 215 545 anno
243 479 286 545 94
319 481 487 558 dimiserat,
523 502 673 563 nunqnam
703 488 767 542 tam
798 482 978 559 exquisitam
1006 480 1078 543 mibi
1106 481 1401 545 commendationem
1429 482 1497 563 (qua

138 583 246 645 tamen,
272 570 341 631 dum
364 573 476 646 vixero,
502 572 625 632 inferior
648 574 714 643 ero)
739 570 967 649 impertivisset.
1005 570 1112 650 Itaque
1135 571 1194 633 bac
1217 589 1276 651 ego
1299 570 1404 652 specie
1427 572 1495 633 doc·

137 660 234 721 trinae
262 660 291 720 in
319 662 507 738 praeclaram
538 659 704 740 opinionem
730 660 766 720 de
794 659 872 720 Urso
897 667 1016 720 erectus
1040 659 1132 721 incidi
1154 669 1267 738 postea
1298 659 1331 722 in
1357 660 1495 740 quosdam

138 768 176 809 ex
199 747 356 809 nobilitate
375 749 531 830 Styriaca,
561 749 775 809 mathematum
800 755 955 821 amantes,
985 747 1092 826 quibus
1115 749 1194 827 qnod
1217 756 1304 810 esset
1327 748 1496 811 necessaria

137 837 262 898 subinde
292 833 384 899 mora'
405 839 434 899 in
459 839 529 900 aula
553 836 712 908 Caesaris,
746 836 817 898 Ursi
841 836 951 896 riotitia
974 844 1050 897 erat.
1097 836 1145 897 llli
1169 837 1300 898 bominis
1324 836 1494 916 praedicere

136 926 296 1004 ingenium,
321 926 455 1000 iuventa,
480 926 595 987 hortari
620 944 675 999 me,
702 933 735 985 ut
758 925 911 985 anniterer
933 923 962 984 in
987 924 1053 1003 ejus
1070 924 1311 987 familiaritatem
1333 925 1493 1005 pervenire,

136 1013 271 1095 polliceri
295 1033 381 1076 suam
405 1034 537 1094 operam.
585 1012 647 1075 Sed
671 1013 839 1088 Diogenem
863 1013 1032 1092 quempiam
1061 1013 1133 1075 mibi
1157 1013 1377 1076 describebant
1399 1014 1494 1095 aliqui,

136 1101 183 1163 cui
207 1102 265 1163 uisi
289 1111 343 1164 arrt
372 1104 475 1165 lubeat
498 1111 551 1164 aut
574 1122 641 1164 cum
665 1102 857 1179 improbitate
881 1101 984 1180 aliqua
1008 1102 1179 1181 extorqueri
1202 1102 1276 1164 nihil
1299 1101 1412 1181 possit
1444 1102 1495 1163 llis

137 1210 194 1270 ego
226 1191 262 1251 de
291 1193 392 1253 causis
424 1193 547 1252 inventa
574 1192 663 1270 paulo
691 1198 762 1268 post
791 1189 996 1268 speculatione
1026 1208 1107 1266 mea,
1136 1209 1202 1251 cum
1232 1209 1292 1252 non
1318 1198 1405 1253 esset
1430 1190 1495 1252 mhi

139 1279 266 1340 vicinior
289 1281 529 1354 mathematicus,
555 1281 592 1340 ad
612 1298 698 1359 quem
722 1278 904 1339 commodius
928 1278 1100 1353 scriberem,
1125 1280 1163 1340 ad
1184 1279 1378 1341 scribendum
1391 1278 1494 1361 impul-

139 1388 204 1441 sus,
241 1368 364 1429 formam
389 1370 485 1450 ipsam
509 1368 618 1449 partim
643 1368 681 1428 ad
705 1366 834 1428 hominis
858 1375 997 1428 naturam
1030 1386 1106 1447 qnae
1126 1368 1293 1442 ferebatur,
1324 1368 1438 1446 partim
1459 1366 1495 1429 ed

138 1476 206 1524 eas,
240 1475 315 1535 quas
345 1467 409 1518 tum
439 1459 516 1519 forte
542 1456 664 1518 fortuito
698 1457 853 1534 legebam,
890 1456 1118 1516 efficacissimae
1147 1456 1309 1518 brevitatis
1344 1457 1496 1537 epistolas,

139 1545 285 1606 dissoluto
310 1546 338 1606 in
363 1566 504 1627 pompam
528 1546 628 1606 animo
659 1564 696 1605 ex
720 1546 834 1605 recenti
859 1541 1039 1604 inventionis
1063 1563 1148 1605 meae
1172 1563 1292 1617 amore,
1328 1563 1495 1607 accommo-

139 1634 218 1707 dari,
243 1643 364 1695 securus
389 1636 424 1696 de
449 1636 505 1696 hoo
529 1644 650 1695 eventu.
698 1631 766 1702 Quo
790 1633 877 1694 niodo
901 1633 927 1694 si
951 1632 1021 1711 quid
1045 1633 1117 1694 mihi
1140 1633 1253 1695 excidit
1274 1634 1369 1713 panlo
1392 1635 1500 1713 majus,

139 1742 228 1803 quam
252 1722 288 1782 de
312 1723 377 1803 ipso
402 1742 565 1797 senseram,
591 1724 620 1784 iu
645 1723 773 1800 gratiam
799 1721 988 1782 laudatorum
1011 1721 1106 1801 ipsius
1130 1730 1162 1783 et
1184 1722 1243 1783 mei
1267 1722 1365 1802 ipsius
1388 1740 1501 1796 aurore,

140 1820 237 1872 totum
262 1811 291 1871 id
311 1811 455 1891 juvenilis
479 1810 660 1874 temeritatis
679 1817 737 1884 est,
762 1830 816 1871 nec
840 1810 928 1871 aliter
951 1828 1071 1884 excuso,
1097 1810 1256 1872 dummodo
1280 1811 1409 1873 sceleris
1432 1830 1508 1872 sus-

137 1900 285 1980 picionem
317 1901 465 1962 aboleam.
512 1901 560 1960 Ex
584 1900 637 1974 iis,
663 1918 739 1977 qnae
765 1899 842 1971 diui,
869 1899 953 1959 vides
976 1898 1114 1977 primum,
1141 1917 1187 1959 me
1212 1900 1292 1960 bona
1315 1900 1518 1962 couscientia

143 1989 312 2068 „gloriam“
337 1989 395 2069 ipsi
414 1989 566 2063 tribuisse,
592 2008 651 2068 qua
665 1988 822 2049 videbatur
835 2007 962 2066 regnare
978 1989 1006 2050 iu
1031 1988 1100 2049 aula
1116 1986 1258 2049 Caesaris
1279 1996 1316 2049 et
1338 1988 1421 2068 apud
1436 2008 1533 2050 ma-

138 2079 336 2150 thematicos,
361 2097 435 2157 quos
459 2078 489 2138 in
515 2077 617 2139 libello
633 2095 686 2138 sno
703 2076 920 2156 alloquebatur.
971 2074 1249 2151 ,Illustrissimam“
1266 2085 1369 2138 antem
1385 2097 1440 2140 cur
1454 2078 1534 2138 di·-

138 2167 247 2238 xerim‚
278 2186 401 2226 causam
431 2186 489 2226 nou
513 2166 651 2245 reperio,
686 2165 743 2225 nisi
772 2166 848 2244 quod
879 2165 1012 2226 illustres
1042 2165 1136 2226 nostri
1165 2184 1231 2226 enm
1259 2166 1443 2244 praedicant
1472 2172 1534 2225 11

141 2255 369 2316 lllustrissimus
393 2254 569 2334 praedicare
593 2254 728 2325 videtur,
753 2254 822 2314 dum
846 2253 963 2314 eumin
988 2253 1058 2314 aula
1076 2253 1180 2326 habet,
1212 2261 1244 2315 et
1267 2255 1348 2333 quod
1370 2273 1534 2334 pompo—

140 2362 205 2403 sum
225 2342 376 2421 ingenium
400 2343 490 2404 facile
514 2361 647 2402 muscam
671 2343 869 2420 conspicatur,
896 2361 1006 2421 exque
1031 2341 1125 2402 f'aciat
1138 2342 1343 2420 elephantum.
1387 2343 1534 2404 Eodem

139 2431 237 2490 refero
261 2439 293 2492 et
317 2431 356 2505 id,
382 2431 460 2510 quod
484 2450 548 2491 cum
573 2437 729 2491 constaret
752 2431 789 2490 de
813 2429 972 2509 aliquibus,
997 2429 1058 2491 dixi
1084 2430 1124 2504 (sl
1142 2431 1230 2491 modo
1246 2430 1325 2504 dini)
1349 2431 1390 2493 ab
1406 2432 1483 2493 omui
1505 2466 1534 2479 -

138 2519 194 2579 bus
230 2519 327 2579 doctis
359 2519 456 2598 ipsum
489 2519 669 2598 magnifieri;
704 2526 786 2581 certe
820 2520 897 2580 enim
930 2517 1125 2580 hlaestlinum
1159 2527 1190 2579 et
1217 2519 1393 2600 Tycboucm
1427 2521 1534 2581 intem

139 2606 245 2667 doctos
278 2607 436 2681 habebam,
472 2626 546 2687 quos
579 2607 711 2667 sciebam
741 2627 798 2668 uon
833 2607 992 2668 admodum
1025 2609 1179 2685 praeclare
1208 2608 1245 2668 de
1278 2606 1346 2687 ipso
1375 2608 1534 2670 sentire

140 2692 228 2764 Quod
252 2705 353 2757 autem
378 2696 468 2756 etiam
492 2697 579 2776 plura
609 2697 637 2755 in
663 2695 739 2756 hunc
763 2697 882 2756 modum
908 2697 1131 2757 declamaturus
1156 2695 1293 2769 fuissem,
1330 2696 1357 2758 si
1381 2706 1528 2776 tempu

139 2783 269 2858 tulisset,
295 2785 324 2844 id
349 2803 406 2845 non
431 2784 550 2844 memini
571 2804 617 2844 rue
641 2784 785 2864 polliceri.
834 2786 897 2846 Imo
922 2786 976 2845 illa
1000 2785 1036 2844 de
1061 2784 1240 2864 garrulitate
1264 2783 1367 2846 aliena
1391 2808 1413 2847 a
1434 2806 1534 2847 mn*

139 2873 311 2933 thematicis
336 2874 517 2953 protestatio
546 2892 603 2932 non
636 2874 719 2933 facta
742 2882 790 2933 est
813 2873 851 2932 nd
876 2873 1050 2934 excusanda
1073 2873 1165 2934 etiam
1192 2873 1280 2951 plura
1307 2873 1506 2953 hujusmodi

139 2961 193 3022 sed
216 2961 316 3041 potius
340 2963 378 3022 ad
403 2961 579 3040 corrigenda
603 2961 711 3039 priora.
759 2959 847 3031 Quod
871 2962 895 3022 si
921 2980 991 3021 vero
1024 2980 1090 3022 nrea
1113 2970 1184 3021 sunt
1201 2961 1302 3022 omnia
1325 2970 1359 3023 et
1381 2962 1534 3043 singula

138 3050 201 3110 ista
224 3051 327 3123 verba,
356 3051 455 3129 „qnod
477 3050 709 3110 mathematicos
733 3049 820 3128 hujus
844 3049 909 3109 aevi
934 3058 1050 3110 tautum
1065 3049 1229 3128 praecedat
1241 3069 1332 3124 uuus,
1357 3059 1534 3130 quantun

139 3137 308 3198 Phoebeius
325 3137 406 3199 orbis
421 3138 536 3199 minuta
551 3138 691 3198 sidera“:
718 3157 766 3198 me
791 3136 930 3199 Christe!
955 3157 1093 3217 magnam
1117 3138 1255 3216 injuriam
1279 3139 1387 3219 multis
1409 3158 1524 3219 prae·

139 3225 316 3287 clarissimis
339 3226 412 3286 viris
441 3235 530 3305 atque
555 3227 631 3287 adeo
658 3227 716 3287 mei
745 3226 840 3305 ipsius
864 3226 1066 3287 conscientiae
1098 3228 1270 3305 imprudens
1304 3228 1374 3289 feci.
1423 3226 1518 3289 Illud

138 3315 295 3376 verissime
320 3315 418 3376 dicere
442 3333 577 3393 possum,
604 3334 752 3394 nunquam
776 3334 823 3375 me
847 3316 906 3375 ullo
931 3315 1019 3376 modo
1043 3315 1132 3389 serio,
1160 3334 1215 3394 per
1238 3315 1345 3392 lusum,
1370 3317 1504 3396 publice,

138 3403 297 3484 privatim,
330 3403 358 3463 in
392 3422 426 3464 os
455 3422 492 3464 111
523 3422 560 3463 ex
588 3403 703 3476 animo,
739 3404 889 3465 volentem
914 3412 944 3465 et
971 3405 1146 3482 prudentem
1177 3404 1234 3464 hoc
1253 3403 1385 3481 dixisse,
1422 3400 1500 3486 qnod

138 3492 396 3571 Regiomontano,
421 3489 601 3570 Copernico,
627 3492 766 3566 Rheticn,
792 3492 975 3565 Reinholdo,
1001 3492 1151 3574 Tychoni,
1175 3492 1363 3567 Maestlino,
1388 3491 1493 3555 cemrie

138 3602 213 3644 unus
237 3581 334 3645 Ursus
366 3581 580 3661 praeferendus
604 3580 655 3642 sit.
701 3582 861 3660 Nunquam
894 3581 992 3655 sensi,
1026 3600 1175 3661 nunquam
1206 3584 1363 3662 praesenti
1398 3583 1487 3644 auimo

113 3671 254 3752 scripsi,
279 3690 427 3751 nunquam
452 3677 514 3730 11111
539 3670 721 3749 flagitiosam
745 3670 946 3731 adulationem
969 3671 1104 3748 probavi.
1152 3669 1240 3740 Quod
1265 3670 1291 3731 si
1311 3672 1411 3735 verba
1431 3686 1486 3733 mse

138 3760 266 3840 genuina
289 3762 351 3822 tale
371 3760 441 3839 quid
464 3767 583 3833 sonant,
609 3760 686 3839 quod
711 3758 821 3827 nescio,
846 3777 934 3819 casus
957 3759 1096 3837 inculpa
1119 3768 1167 3821 est
1189 3777 1315 3838 meaque
1332 3758 1483 3830 festinatio,

139 3857 170 3909 et
193 3849 271 3927 quod
301 3849 371 3929 quid
395 3847 567 3927 scripserim
599 3867 657 3908 non
682 3847 785 3926 relegi.
833 3847 1003 3921 Ponticum,
1029 3856 1064 3908 nt
1085 3847 1187 3923 rides,
1221 3855 1320 3910 totum
1343 3850 1376 3911 id
1399 3852 1486 3910 esta

140 3956 177 3996 ex
200 3943 293 4014 poeta
316 3937 492 4010 desumimus,
519 3944 551 3997 et
573 3937 693 4016 politico
718 3936 826 4015 spiritu
850 3936 976 3997 dictum:
1003 3937 1080 4015 quod
1106 3956 1161 3997 non
1187 3945 1306 3998 tantum
1327 3938 1397 4018 jam
1419 3937 1483 4006 nolo.

139 4025 194 4085 sed
217 4032 249 4085 et
271 4033 343 4098 tum,
368 4043 435 4085 cum
459 4025 580 4103 scripsi,
605 4026 741 4086 uolebam
767 4025 908 4086 aliorsum
927 4025 1006 4103 rapi,
1037 4025 1177 4086 nolebam
1203 4025 1294 4086 aliam
1319 4042 1486 4107 repraesen-

139 4112 198 4174 tari
219 4113 416 4187 seutentiam,
441 4131 530 4192 quam
555 4114 632 4191 quod
657 4113 822 4175 antecellat
845 4114 964 4192 vulgus,
989 4113 1114 4193 vulgus,
1139 4114 1277 4193 iuquam,
1301 4112 1486 4177 mathemati·

139 4220 253 4276 cornia,
279 4202 357 4281 quod
381 4209 412 4261 et
444 4201 602 4261 credebam
636 4210 668 4263 et
690 4202 766 4263 citra
797 4202 990 4280 praecipuam
1019 4202 1146 4281 gloriam
1174 4202 1237 4265 lieri
1269 4212 1387 4281 potest.
1432 4204 1486 4266 ltu

138 4297 325 4369 protestarer
348 4297 436 4350 tanta
460 4281 685 4352 asseveratione
710 4298 815 4352 eontra
838 4290 1001 4351 manifesta
1020 4292 1120 4352 verba·
1137 4291 1178 4365 (si
1199 4291 1286 4353 modo
1311 4294 1391 4355 talia
1405 4291 1486 4364 sueth

139 4378 197 4440 uisi
227 4379 256 4439 in
281 4380 348 4457 ipsa
379 4378 432 4439 illa
455 4378 586 4457 epistola
608 4380 816 4441 documentum
845 4379 1006 4441 maximum
1031 4387 1151 4441 extaret
1179 4399 1265 4441 meae
1297 4380 1486 4450 innocentia,

140 4468 176 4528 de
201 4487 259 4548 quo
282 4486 383 4546 supra.
430 4467 510 4529 Nam
533 4467 608 4539 etsi,
641 4469 747 4548 quibus
770 4468 871 4529 verbis
896 4469 1045 4549 Tychonis
1069 4469 1251 4530 mentionem
1279 4469 1420 4547 fecerim,
1445 4486 1487 4532 ue·

139 4557 212 4630 scio,
239 4557 348 4618 fecisse
371 4564 472 4617 tamen
497 4557 575 4617 scio:
600 4565 632 4616 et
654 4558 800 4634 ejusmodi
825 4557 1008 4618 mentionem
1032 4559 1151 4638 quidem
1176 4565 1267 4637 atque
1291 4577 1331 4621 ex
1355 4552 1487 4640 sJusuod

140 4644 279 4722 opinione
302 4644 484 4724 profectam,
510 4663 586 4726 quae
609 4646 716 4707 merito
739 4647 849 4708 Ursum
874 4655 1007 4726 pungat,
1041 4647 1067 4706 si
1091 4665 1155 4707 eum
1179 4653 1242 4707 tam
1267 4646 1401 4711 feliciter
1420 4644 1486 4711 titil-

140 4734 205 4794 lant
229 4733 302 4796 haec
327 4735 372 4795 sui
396 4733 489 4813 ipsius
514 4734 623 4812 elogia.
671 4733 732 4795 Sed
757 4743 854 4806 caute,
887 4741 921 4795 ut
944 4735 1044 4809 vides,
1062 4736 1191 4814 posthac
1215 4735 1411 4799 scribendum
1432 4734 1487 4799 erit

139 4823 226 4885 Adeo
249 4842 399 4905 nunquam
430 4841 487 4885 non
511 4822 646 4885 salutare
670 4823 823 4904 quippiam
854 4823 916 4887 ursi
943 4822 973 4887 in
1004 4843 1106 4887 eurem
1134 4824 1352 4888 insusurrando
1379 4823 1488 4908 praeei-
