3278 5542
739 299 823 365 Caput
839 300 894 352 ΧΠ.
1438 304 1520 370 141,

136 456 267 536 siugulis
290 457 464 538 corporibus
487 460 762 533 accommodentur,
784 478 852 521 non
881 460 926 522 ita
952 459 982 522 in
1011 467 1131 539 promtu
1154 469 1213 523 est.
1229 464 1254 536 ⁸)
1301 463 1378 525 Illud
1404 464 1500 527 solum

135 552 232 625 patet
259 547 408 628 pyramidi
432 547 535 609 deberi
557 547 752 623 harmoniam,
778 568 867 630 quam
882 550 1017 628 quintam
1031 549 1144 624 dicunt,
1168 558 1308 629 quartam
1330 551 1360 614 in
1385 552 1496 629 ordine,

136 635 208 715 quia
230 634 261 696 in
286 654 325 696 ea
351 636 447 698 minor
478 635 577 715 portio
610 644 658 698 est
689 629 718 719 Ἰ,
748 656 819 716 pars
847 636 1000 718 integrae,
1034 637 1114 699 sicut
1140 637 1221 699 latus
1251 639 1392 720 trianguli
1426 643 1498 722 (quo

135 723 270 802 pyramis
293 724 401 798 utitur)
425 724 580 787 subtendit
611 719 641 809 Ἰ,
672 725 784 790 circuli.
800 727 823 799 ¹)
870 727 934 787 lloc
961 726 1050 805 plura
1077 726 1157 788 inira
1184 727 1417 804 confirmabunt,
1449 730 1498 792 ubi

135 813 171 873 de
195 813 374 892 aspectibus
399 831 532 893 agemus,
558 832 634 894 quae
654 822 688 876 ut
706 815 753 877 hic
768 815 859 877 etiam
874 814 1089 894 intelligamus,
1113 814 1232 876 omnino
1252 816 1295 878 ita
1318 819 1496 897 cogitemus,

134 901 222 981 quasi
246 901 323 963 lides
346 903 469 965 sitnon
493 909 578 965 recta
601 903 690 976 linea,
714 903 768 965 sed
792 904 930 967 circulus.
968 903 1063 966 Dabit
1087 903 1178 983 igitur
1197 904 1303 967 divisio
1322 906 1496 969 harmoniae

132 988 234 1051 dictae
260 990 442 1072 triangulum
464 991 494 1053 in
520 1010 577 1072 quo
601 992 727 1071 angulus
758 993 847 1055 lateri
878 993 1056 1073 opponitur,
1090 992 1180 1072 plane
1212 1002 1246 1054 ut
1279 994 1307 1056 in
1340 997 1496 1076 pyramide

132 1079 264 1158 ungulus
287 1080 389 1158 plano.
431 1079 604 1144 Remanent
626 1079 718 1161 igitur
740 1082 817 1160 cubo
841 1088 874 1142 et
896 1081 1040 1143 octa'edro
1064 1091 1176 1143 octava
1199 1092 1231 1143 et
1254 1092 1363 1162 quarta
1385 1085 1494 1162 dictae,

132 1166 226 1228 tertia
250 1174 284 1228 et
307 1169 437 1249 septima
458 1170 488 1231 in
512 1170 626 1234 ordine.
672 1168 735 1231 Sed
764 1179 863 1232 utrum
890 1189 992 1233 eorum
1020 1179 1118 1233 utram
1146 1171 1332 1234 harmoniam
1356 1174 1496 1236 tenebit?

130 1264 230 1317 utrum
256 1256 390 1320 dicemus
414 1259 593 1320 secundaria
616 1259 748 1338 recipere
772 1278 839 1333 eas,
871 1278 947 1339 quae
977 1260 1072 1321 lineas
1100 1260 1252 1336 scribant,
1283 1269 1315 1323 et
1341 1262 1493 1341 primaria,

129 1363 206 1424 quae
231 1345 367 1424 figuras?
381 1348 410 1419 ¹¹)
436 1355 499 1409 tum
522 1348 598 1410 cubo
623 1347 780 1409 debebitur
799 1357 907 1426 quarta
926 1348 1017 1410 dicta.
1055 1348 1134 1410 Nam
1160 1348 1186 1409 si
1210 1369 1249 1410 ex
1271 1350 1328 1411 fide
1352 1350 1494 1413 circulum

128 1433 226 1494 facias
252 1444 346 1497 etex
369 1456 428 1498 una
450 1445 559 1515 quarta
581 1444 696 1499 rectam
719 1455 814 1515 usque
834 1435 924 1497 aliam
940 1436 1033 1497 ducas
1047 1437 1172 1509 tamdiu,
1196 1438 1290 1500 donec
1315 1439 1344 1500 in
1367 1441 1495 1519 primum

125 1530 275 1601 punctum
308 1525 434 1599 redeas,
466 1524 520 1586 liet
551 1524 807 1605 quadrangulum,
843 1526 929 1605 quale
962 1526 1083 1604 planum
1116 1525 1208 1588 etiam
1241 1528 1333 1588 cubus
1365 1528 1502 1591 obtinet·

124 1608 249 1673 Contra
272 1615 415 1676 octa'edro
440 1613 600 1676 debebitur
622 1622 742 1690 octava,
768 1632 844 1695 quae
869 1622 918 1676 est
940 1614 1080 1675 dimidiae
1105 1615 1182 1678 fidis.
1224 1615 1304 1677 Nam
1328 1616 1357 1678 in
1383 1617 1493 1681 circulo

120 1699 238 1775 ductus
270 1702 311 1764 ad
342 1702 496 1764 dimidiam
523 1703 617 1764 etad
641 1702 719 1763 idem
742 1710 885 1783 punctum
910 1702 984 1765 iacit
1008 1703 1048 1764 nil
1073 1703 1130 1765 nisi
1155 1704 1274 1766 lineam.
1322 1703 1373 1768 Sic
1397 1707 1493 1768 dode·

118 1789 239 1851 caedra
265 1790 423 1854 debebitur
445 1792 526 1870 prior
549 1792 726 1872 imperfecta
749 1791 869 1870 duplex.
916 1792 996 1854 Nam
1025 1791 1132 1853 ductus
1160 1811 1214 1872 per
1238 1792 1359 1873 quintas
1383 1803 1416 1856 et
1438 1814 1492 1875 per

117 1886 233 1940 sextas
259 1880 362 1942 circuli
386 1879 501 1943 iaciunt
523 1881 777 1961 quinquangulum
801 1887 833 1941 et
855 1881 1062 1960 sexangulum.
1107 1879 1251 1942 Restabit
1272 1881 1365 1961 igitur
1388 1884 1490 1946 icosa-

118 1967 198 2029 edro
222 1969 374 2048 posterior
396 1970 575 2049 imperfecta
599 1970 719 2048 duplex,
744 1968 815 2049 quia
838 1969 945 2032 ductus
969 1989 1023 2050 per
1047 1970 1121 2030 duas
1146 1969 1265 2049 quintas
1289 1972 1413 2050 repetiti
1436 1993 1489 2035 us·
1528 1985 1529 1989 ’

118 2075 178 2136 qne
205 2056 237 2119 in
270 2058 349 2120 idem
379 2067 521 2139 punctum
555 2058 670 2120 iaciunt
702 2066 820 2120 tentum
854 2059 1003 2132 lineas')
1049 2057 1101 2119 Sic
1135 2067 1167 2119 et
1199 2058 1306 2120 ductus
1339 2078 1392 2140 per
1427 2071 1490 2123 tres

118 2153 264 2208 octavas.
312 2148 362 2208 An
386 2148 535 2209 malumus
559 2147 702 2208 octaedro
727 2156 865 2227 quartam
895 2147 981 2220 dare,
1014 2147 1084 2228 quia
1111 2147 1138 2209 is
1166 2146 1326 2209 duodecies
1351 2159 1489 2230 quartam

118 2235 229 2298 circuli
253 2235 417 2310 subtendit,
443 2237 473 2297 id
497 2237 575 2316 qnod
600 2235 712 2297 nullum
736 2237 817 2297 latus
841 2236 910 2298 cubi
934 2235 1033 2298 facit?
1048 2238 1083 2309 ')
1131 2234 1182 2298 Sic
1206 2236 1389 2316 relinquetur
1412 2240 1488 2300 cubo

118 2332 244 2398 octava,
271 2325 428 2387 harmonia
442 2324 687 2405 perfectissima,
713 2334 746 2385 ut
768 2325 834 2403 ipse
858 2324 1110 2404 perfectissimum
1134 2343 1242 2405 corpus
1266 2333 1324 2387 est.
1371 2328 1487 2388 Forsan

118 2420 150 2474 et
175 2412 254 2474 illud
277 2413 503 2476 convenientius
527 2422 590 2482 est,
615 2414 782 2493 relinquere
806 2414 964 2476 icosaedro
989 2414 1117 2495 priorem
1136 2414 1343 2495 imperfectam
1364 2424 1488 2496 propter

118 2503 331 2582 sexangulum,
356 2504 435 2584 quod
459 2503 524 2565 basi
549 2502 717 2581 triangulae
742 2510 904 2582 cognatum
921 2505 1018 2583 magis
1033 2513 1091 2578 est,
1117 2523 1203 2583 quam
1228 2503 1485 2584 quinquangulus:

118 2590 312 2653 dodecaedro
342 2611 413 2654 vero
445 2593 517 2654 dare
546 2591 723 2653 divisionem
751 2592 935 2653 octonariam
964 2600 1087 2672 propter
1114 2611 1267 2653 nnmerum
1295 2593 1429 2656 cubicum
1454 2592 1484 2670 8,

118 2679 192 2760 quia
217 2681 311 2742 cubus
334 2682 522 2743 dodecaedro
546 2680 733 2761 inscriptilis.
748 2684 777 2754 ¹)
823 2680 908 2742 Haec
932 2701 1005 2742 sane
1029 2682 1058 2743 in
1083 2682 1180 2742 medio
1205 2681 1267 2742 sita
1289 2682 1365 2758 sint,
1391 2683 1485 2744 donec

118 2788 234 2831 causas
258 2769 323 2849 quis
347 2771 503 2850 repererit.
1339 2795 1344 2804 “

207 2857 377 2921 Veniamus
401 2858 489 2921 modo
514 2858 553 2920 ad
577 2865 731 2938 aspectus.
747 2861 775 2931 5)
821 2857 864 2918 Et
892 2859 1130 2938 quandoquidem
1158 2858 1246 2920 modo
1275 2877 1312 2919 ex
1339 2857 1397 2918 fide
1422 2857 1482 2920 cir·

118 2946 218 3010 tulum
244 2947 378 3024 lecimus,
405 2948 492 3011 facile
508 2948 683 3022 estvidere,
708 2947 855 3027 quomodo
880 2959 943 3008 tres
966 2949 1120 3028 perlectae
1143 2947 1316 3010 harmoniae
1339 2947 1482 3025 pulcher-

118 3034 191 3099 rime
215 3055 284 3100 cum
307 3038 404 3101 tribus
426 3036 571 3119 perlectis
596 3035 770 3116 aspectibus
794 3037 960 3116 comparari
984 3037 1104 3117 possint
1123 3055 1165 3099 sc.
1186 3055 1253 3097 cum
1273 3039 1311 3109 00,
1330 3040 1375 3110 Δ,
1395 3037 1441 3110 [].
1454 3040 1481 3111 Ι)
1521 3048 1525 3052 ·

118 3124 302 3208 Inperfecta
323 3147 396 3190 vero
418 3127 549 3209 priorB
578 3126 677 3187 mollis
707 3125 746 3187 ad
774 3143 901 3205 unguem
930 3126 1037 3189 similis
1066 3134 1115 3189 est
1144 3124 1262 3202 sextili,
1295 3126 1378 3207 eujus
1406 3126 1481 3187 haec

118 3224 203 3290 uota,
231 3222 275 3290 ele,
302 3235 446 3297 quemque
470 3214 689 3278 debilissimum
712 3234 780 3276 esse
805 3218 967 3290 l'erunt.⁸·)

203 3304 360 3367 Habemus
384 3324 505 3367 causam
535 3306 670 3384 (qualem
693 3304 812 3384 quidem
835 3304 1029 3366 Ptolemaeus
1058 3321 1118 3364 non
1142 3302 1241 3377 dedit)
1258 3298 1302 3377 bb)
1331 3322 1383 3364 cur
1410 3300 1479 3383 pla-

118 3400 204 3456 netae
230 3393 381 3457 distantes
403 3414 462 3457 uno
486 3393 688 3474 autquinque
713 3392 807 3470 signis
832 3412 889 3455 non
914 3400 1094 3456 censeantur
1116 3392 1146 3453 in
1168 3399 1303 3471 aspectu.
1341 3390 1421 3454 Nam
1444 3400 1480 3455 ut

118 3481 255 3556 uidimus,
279 3485 391 3546 nullam
414 3484 507 3547 talem
531 3483 560 3544 in
583 3481 707 3545 vocibus
732 3483 870 3561 agnoscit
886 3491 996 3545 natura
1010 3481 1210 3545 concordiam.
1228 3483 1265 3554 ⁰⁰)
1301 3477 1376 3543 Cum
1401 3482 1480 3543 enim

118 3570 145 3635 iu
167 3573 283 3635 ceteris
307 3574 414 3636 eadem
437 3573 479 3635 sit
501 3572 578 3641 ratio
602 3571 777 3635 influentiae
802 3580 834 3632 et
863 3572 1101 3642 harmoniarum,
1133 3569 1275 3631 credibile
1305 3576 1353 3631 est
1377 3577 1408 3631 et
1431 3570 1479 3632 hic

118 3680 191 3725 ease.
242 3660 345 3725 Causa
368 3663 506 3743 utrinque
530 3663 632 3742 procul
657 3660 747 3723 dubio
772 3660 877 3721 eadem
907 3669 969 3734 est,
1003 3679 1097 3740 eaque
1127 3679 1165 3720 ex
1189 3658 1318 3738 quinque
1341 3660 1477 3736 corpori·

118 3751 186 3813 bus:
203 3749 246 3826 d⁴¹)
276 3771 366 3833 quam
393 3752 463 3815 aliis
492 3751 690 3832 quaerendam
715 3750 861 3830 relinquo.
910 3748 985 3812 Cum
1009 3749 1101 3827 igitur
1124 3765 1227 3808 omnes
1252 3753 1380 3826 quatuor
1404 3747 1476 3808 bar-

118 3840 231 3902 moniae
255 3850 421 3903 consonent
452 3840 514 3902 suis
542 3839 734 3921 aspectibus,
767 3846 800 3898 et
833 3857 901 3900 vero
935 3839 1031 3900 adhuc
1065 3844 1128 3898 tres
1156 3844 1274 3898 restent
1303 3836 1333 3896 in
1362 3837 1477 3898 musica
1539 3865 1543 3871 ·

118 3929 299 4003 barmoniae,
323 3930 495 4011 suspicatus
512 3929 673 4009 aliquando
688 3947 763 4004 snm,
789 3945 847 3988 nou
867 3927 1076 4007 negligendum
1101 3945 1169 3987 esse
1193 3926 1222 3986 in
1242 3924 1368 4004 judiciis
1391 3925 1476 3988 nati-

118 4019 254 4093 ritatum,
279 4019 305 4079 si
328 4021 471 4099 planetae
495 4015 536 4080 72
561 4026 614 4080 aut
643 4013 701 4079 tot
725 4025 779 4078 ant
806 4013 866 4079 135
890 4017 1034 4096 gradibus
1058 4015 1183 4088 distent,
1206 4015 1385 4094 praesertim
1408 4034 1475 4078 cum

118 4107 245 4180 rideam,
278 4127 367 4170 unam
396 4128 436 4170 ex
463 4107 647 4188 imperfectis
670 4107 782 4169 habere
806 4126 890 4167 suum
915 4106 1134 4186 aspectum.⁰‘)
1181 4102 1329 4175 Quamvis
1353 4103 1477 4166 cuilibet

118 4196 232 4260 oculato
255 4205 456 4260 meteororum
481 4195 663 4276 speculatori
695 4196 782 4259 facile
814 4195 949 4275 patebit,
985 4203 1083 4257 utrum
1112 4193 1215 4274 aliqua
1241 4192 1271 4254 in
1302 4192 1350 4253 bis
1374 4193 1475 4255 tribus

118 4285 203 4348 adiis
227 4287 275 4348 ris
299 4287 385 4362 insit,
415 4305 482 4349 cum
505 4294 623 4349 ceteros
648 4296 789 4364 aspectus
814 4285 893 4346 atris
918 4283 1100 4347 mutationes
1124 4281 1373 4344 constantissima
1396 4281 1475 4343 rati·

118 4377 200 4439 iceut
223 4375 423 4455 experientia.
471 4372 590 4438 Causae
615 4374 747 4455 quidem,
773 4393 847 4455 quas
870 4373 1068 4453 probabiliter
1091 4371 1158 4451 quis
1183 4371 1300 4447 reddat,
1327 4371 1405 4451 qnod
1427 4365 1473 4450 l„

118 4458 163 4549 ¹1„
192 4458 226 4546 Ἰ,
253 4464 366 4526 infide
391 4473 508 4540 sonent,
533 4464 562 4525 in
588 4463 711 4525 zodiaco
735 4482 794 4524 non
818 4470 988 4543 operentur,
1012 4461 1070 4522 hae
1095 4479 1163 4522 esse
1186 4457 1370 4540 possintfi)

201 4555 235 4628 l)
261 4551 428 4635 Oppositus
443 4554 539 4628 solus,
565 4552 622 4614 duo
642 4552 805 4633 quadrata,
830 4551 926 4613 trinus
950 4570 1016 4613 cum
1040 4548 1152 4625 sextili,
1177 4548 1340 4610 absolvunt
1363 4547 1473 4627 singuli

118 4642 345 4706 amicirculuru:
379 4650 413 4705 at
440 4651 503 4706 tres
526 4641 557 4704 hi
580 4641 656 4705 radii
680 4642 793 4704 nullum
816 4641 930 4703 habent
955 4641 1067 4703 socium
1091 4639 1131 4701 ad
1153 4639 1211 4700 boc
1233 4656 1355 4713 munus,
1386 4655 1472 4718 quem

118 4733 225 4795 nasica
248 4751 307 4795 non
330 4733 451 4812 penitus
474 4732 621 4812 repudiet.
668 4725 706 4812 2)
730 4730 851 4811 Reliqui
881 4729 957 4792 radii
981 4728 1130 4793 rationem
1153 4727 1267 4789 habent
1293 4726 1411 4789 facilem
1434 4743 1473 4787 ex
1505 4778 1507 4782 Α

118 4822 274 4900 bmetro,
304 4821 386 4885 latus
414 4821 645 4903 quinquanguli,
675 4828 707 4883 et
730 4819 914 4883 subtendens
938 4820 996 4883 duo
1021 4819 1120 4909 latera
1148 4814 1381 4900 quinquanguli,
1412 4813 1472 4877 tris
1532 4854 1539 4860 -
