3278 5542
665 356 828 409 hasnum.
1375 353 1412 422 lt

59 530 135 595 ergo
159 515 200 577 ad
223 517 424 596 quantitatum
446 536 625 580 mensuram.
670 516 716 581 At
737 516 766 581 in
789 517 871 581 linea
892 517 991 580 nullus
1013 538 1151 583 numerus
1173 536 1228 580 uec
1251 517 1282 580 in
1304 536 1413 598 supcr-

60 603 138 677 ficie,
162 604 219 667 sad
241 604 383 669 infinitas.
430 607 463 669 ln
488 606 659 686 corporibus
682 606 781 686 igitur.
827 607 1024 671 Removenda
1050 627 1121 672 vero
1144 605 1322 687 irregularia
1344 625 1414 669 cor-

60 711 145 773 pora,
172 712 280 779 nempe
303 694 333 757 in
356 695 477 760 conditu
501 695 744 759 ordinatissimae
767 704 932 760 creaturae.
978 697 1149 761 Remanent
1165 695 1257 777 igitur
1276 714 1330 757 sex
1344 714 1413 758 cor-

60 800 152 863 pora:
178 783 296 863 globus,
323 783 387 846 sive
409 783 508 865 potins
523 783 711 866 sphaericum
725 803 887 848 concavum
903 794 934 847 et
948 787 1074 867 quinque
1088 785 1255 849 rectilinea.
1293 781 1414 864 Sphae-

62 872 154 935 ricum
185 871 291 935 ultimo
318 872 404 936 coelo
432 874 566 937 debetur.
612 874 691 937 Nam
719 874 830 956 duplex
857 875 1002 951 mundus,
1036 874 1153 937 mobilis
1185 881 1217 937 st
1248 873 1413 954 quiescens.

64 960 118 1023 llic
139 967 195 1023 est
217 961 256 1024 ad
279 962 441 1043 imaginem
464 962 615 1026 essentiae
638 959 766 1026 Divinae
789 961 819 1024 in
843 983 876 1026 se
899 964 1125 1037 consideratae,
1157 963 1208 1026 ille
1228 962 1278 1049 ad
1303 961 1414 1043 imagi·

66 1068 127 1112 nem
140 1049 215 1125 Dei,
240 1058 388 1131 quatenns
411 1060 518 1114 creat:
539 1060 572 1114 ct
593 1058 754 1133 propterca
775 1059 863 1115 tanto
886 1052 982 1115 minor
1004 1053 1049 1127 (in
1074 1053 1223 1135 margine:
1247 1070 1316 1114 nam
1331 1051 1414 1113 Deus

62 1158 117 1201 nou
144 1147 265 1202 temere
295 1140 408 1202 sumsit
429 1140 506 1203 hunc
528 1159 701 1216 nnmerum;
738 1141 812 1204 nihil
843 1141 922 1204 enim
949 1142 1014 1204 sine
1042 1141 1159 1205 ratione
1189 1140 1303 1222 optima
1330 1138 1413 1201 facit.

62 1226 182 1300 Quodsi
206 1228 307 1305 dicas,
332 1227 467 1310 potuisse
490 1249 642 1293 numerum
665 1230 793 1310 aliquem
816 1229 894 1294 sumi
917 1251 954 1293 ex
976 1229 1126 1311 spirituali
1148 1231 1276 1293 mundo:
1313 1236 1414 1292 tamen

60 1316 98 1379 ad
119 1315 223 1380 Deum
248 1325 381 1381 resumet
403 1317 433 1380 in
454 1317 534 1381 illius
558 1318 651 1401 ipsius
674 1320 836 1382 creatione.
882 1319 925 1382 Et
948 1319 1108 1383 absurdum
1130 1318 1202 1395 erit,
1234 1338 1296 1381 rem
1323 1335 1414 1397 prae·

61 1406 299 1482 stantissimam,
328 1425 370 1469 sc.
397 1407 537 1470 mnndum
560 1418 693 1471 creatum
717 1427 785 1470 esse
809 1410 847 1471 ad
871 1408 1056 1490 angelornm,
1082 1428 1140 1471 nou
1164 1410 1201 1470 ad
1225 1407 1282 1470 Dei
1306 1405 1414 1486 imagi-

60 1513 134 1557 nant
184 1494 254 1575 Ego
278 1496 402 1576 angelos
426 1496 509 1577 ipsos
533 1515 679 1560 accenseo
698 1498 766 1560 huic
788 1498 899 1560 visibili
923 1499 1040 1573 mundo,
1065 1498 1188 1578 perinde
1212 1504 1246 1559 nt
1271 1495 1414 1558 homines.

62 1586 91 1647 ln
113 1583 283 1665 principio,
310 1592 381 1646 ante
405 1585 539 1666 angelos,
564 1593 698 1649 creatum
721 1595 769 1648 est
792 1584 917 1650 Caelum
942 1596 974 1650 et
995 1588 1113 1661 Terra).
1161 1583 1291 1649 Gurvum
1315 1592 1416 1646 autem

61 1672 230 1736 rectissime
253 1673 338 1748 Deo,
363 1682 477 1737 rectum
500 1683 656 1738 creaturae
680 1683 877 1755 comparatur.
927 1677 960 1739 ln
983 1677 1073 1758 globo
1096 1675 1188 1757 igitur
1211 1682 1259 1737 est
1281 1673 1410 1747 trinitas,

61 1761 262 1844 sphaericum,
286 1769 430 1838 centrum,
455 1764 620 1844 capacitas.
666 1763 719 1827 Sic
736 1765 766 1826 in
790 1766 897 1827 mundo
913 1765 1023 1846 quieto,
1046 1763 1150 1841 Fixae,
1175 1761 1238 1840 Sol,
1263 1783 1337 1826 aura
1351 1762 1415 1823 sive

62 1851 167 1914 aethra
193 1851 392 1914 intermedia:
416 1859 449 1914 et
471 1854 500 1915 in
524 1852 672 1916 Trinitate
686 1853 790 1925 Filius,
812 1855 914 1931 Pater,
940 1853 1080 1935 Spiritus.
1126 1852 1196 1916 Jam
1210 1853 1334 1916 mundus
1349 1868 1415 1914 mo·
1454 1898 1457 1908 .

62 1940 124 2002 bilis
153 1956 197 2001 ex
225 1940 389 2003 rectilineis
417 1943 594 2004 censendus.
642 1942 764 2005 Illorum
792 1948 891 2007 autem
921 1944 1058 2025 quinque.
1106 1940 1208 2014 Quare
1237 1942 1263 2003 si
1287 1941 1340 2004 illa
1360 1957 1416 2022 pro

64 2029 199 2092 minis
229 2028 294 2091 sive
325 2047 379 2110 pro
411 2030 598 2093 materiebus
625 2030 763 2093 habenda
795 2040 865 2094 sunt
897 2033 996 2112 (cujus
1024 2032 1115 2094 etiam
1138 2031 1283 2094 rationem
1306 2030 1416 2093 bonam

70 2119 165 2192 duo)
194 2135 255 2179 non
278 2126 420 2198 poterunt
441 2121 542 2202 plures
566 2138 615 2182 res
639 2119 839 2200 distinguere,
873 2141 963 2203 qnam
985 2141 1048 2183 sex.
1095 2120 1158 2183 Sex
1182 2120 1272 2201 igitur
1294 2115 1416 2181 mobilia

68 2206 158 2269 Solem
195 2207 491 2271 circumambeuntia.
547 2209 683 2272 Habetor
715 2226 809 2270 cansa
841 2210 955 2272 numeri
987 2211 1186 2290 planetarum.
1242 2207 1293 2270 Sic
1326 2205 1416 2284 igitur

65 2293 111 2358 Sol
131 2295 168 2358 in
182 2296 298 2358 ‘medio
326 2297 477 2360 mobilium
505 2298 623 2379 quietus
647 2297 712 2379 ipse
739 2305 894 2361 ettamen
918 2300 985 2361 ions
1007 2308 1121 2370 motus,
1153 2298 1232 2377 gerit
1254 2294 1415 2377 imaginem

63 2384 113 2447 Dei
130 2384 237 2466 patris
251 2385 406 2448 creatoris.
451 2385 530 2450 Nam
547 2387 625 2467 qnod
648 2392 697 2449 est
718 2387 784 2449 Deo
808 2388 931 2463 creatio,
956 2388 1012 2450 hoc
1036 2395 1085 2450 est
1107 2387 1172 2450 Soli
1196 2395 1305 2448 motus.
1343 2384 1414 2447 Mo·

64 2484 110 2536 vet
132 2481 240 2536 autem
262 2473 292 2536 in
317 2474 398 2552 lixis,
422 2482 457 2538 nt
478 2482 566 2556 pater
589 2477 618 2537 in
641 2476 702 2538 filio
725 2484 817 2539 creat.
864 2476 958 2540 Fixae
981 2478 1060 2539 enim
1083 2477 1142 2539 nisi
1166 2477 1263 2538 locum
1285 2473 1414 2556 praebe·

65 2571 125 2625 rent
158 2583 218 2625 sua
246 2563 365 2643 quiete,
396 2564 470 2626 nihil
498 2565 610 2628 moveri
640 2573 754 2645 posset.
802 2564 889 2637 Quod
913 2566 1032 2627 axioma
1056 2565 1238 2628 etiamdum
1262 2562 1415 2642 Tubingae

67 2652 155 2714 naui.
205 2650 392 2732 Dispertitur
415 2662 514 2716 autem
529 2653 583 2716 Sol
606 2654 746 2716 virtutem
769 2663 868 2717 motus
891 2672 945 2735 per
967 2654 1104 2731 medium,
1124 2654 1154 2715 in
1177 2672 1234 2735 qno
1258 2660 1328 2715 sunt
1349 2670 1416 2713 mo-

68 2740 151 2803 ulia:
178 2739 260 2802 sicut
282 2749 371 2823 pater
392 2760 446 2822 per
469 2743 607 2823 spiritum
630 2743 679 2805 vel
701 2743 812 2805 virtute
836 2744 959 2824 spiritus
983 2744 1029 2805 sni
1043 2751 1138 2806 creat.
1185 2744 1287 2824 Atque
1297 2741 1362 2821 jam
1378 2759 1415 2802 ex

69 2829 248 2892 necessitate
274 2832 570 2912 praesuppositorum
594 2831 745 2912 sequitur,
770 2840 882 2895 motum
906 2852 972 2895 cnm
995 2832 1148 2894 distantiis
1171 2831 1200 2894 in
1223 2828 1415 2911 proportione

69 2937 136 2981 esse.
187 2915 242 2981 Sic
262 2918 356 3000 igitur
369 2919 512 2996 conclusi,
537 2929 579 2994 ut,
603 2938 679 3002 quae
702 2922 854 2983 sententia
876 2922 1012 2983 eundem·
1025 2921 1157 2983 ordinem
1180 2921 1209 2981 in
1224 2926 1306 2981 motu
1321 2925 1353 2979 et
1367 2917 1415 2980 di-

70 3008 183 3070 stantiis
198 3017 346 3083 servaret,
369 3028 442 3071 vera
456 3017 554 3085 esset;
578 3028 655 3092 quae
674 3028 743 3085 non,
768 3010 855 3072 falsa.
902 3010 1020 3073 Exinde
1043 3009 1178 3090 probavi,
1202 3027 1328 3088 corpora
1341 3007 1415 3068 haec

72 3095 186 3159 duorum
209 3116 279 3158 esse
303 3097 446 3173 ordinum,
470 3097 532 3160 tria
552 3097 584 3160 in
607 3117 675 3172 uno,
700 3099 810 3160 dunin
834 3099 947 3181 reliquo
971 3100 1084 3162 ordine.
1133 3096 1249 3161 Cubum
1268 3115 1336 3159 esse
1349 3095 1414 3177 pri-

72 3203 135 3248 mun
161 3185 296 3248 omnium
319 3193 351 3248 et
369 3187 415 3248 sui
439 3187 551 3249 ordinis
574 3186 674 3262 etiam,
698 3195 769 3268 post
791 3188 967 3270 pyramida3
992 3189 1128 3251 ultimum
1145 3188 1306 3268 primorum
1319 3185 1415 3247 dode·

73 3274 212 3338 enidrum.
257 3273 508 3338 Secundariorum
529 3276 655 3356 primum
680 3296 747 3338 esse
763 3278 936 3354 octaedron,
961 3278 1097 3339 ultimum
1116 3277 1312 3339 icosaiidron:
1336 3273 1414 3336 Hinc

73 3364 200 3427 constitit
223 3362 312 3439 ratio,
338 3382 429 3443 quare
452 3383 501 3427 res
524 3366 618 3427 totius
641 3366 741 3427 mundi
764 3366 935 3446 praecipua,
960 3368 1054 3429 Terra
1076 3385 1182 3447 nempe
1205 3384 1270 3427 oum
1284 3362 1414 3443 imagine

73 3449 113 3514 Dei
135 3454 168 3516 in
194 3452 316 3515 homins
340 3452 538 3534 distingueret
559 3455 638 3517 inter
660 3455 791 3517 ordines.
836 3456 967 3518 Probavi
982 3456 1082 3536 igitur,
1106 3456 1184 3536 quod
1198 3453 1340 3535 primaria
1358 3452 1413 3514 de-

74 3539 148 3604 bant
173 3549 266 3604 extra
293 3542 405 3604 terreni
433 3540 514 3604 orbis
541 3544 727 3624 complexum
757 3563 844 3620 esse,
879 3545 1058 3607 secundaria
1084 3545 1184 3606 intra:
1223 3543 1301 3624 quod
1324 3549 1415 3621 caput

79 3631 219 3693 nonoris
235 3630 350 3693 ordinis
368 3631 478 3693 debeat
497 3632 534 3692 ad
557 3633 634 3694 fixas
657 3651 791 3713 vergere,
812 3641 903 3714 caput
925 3634 1075 3696 interioris
1099 3634 1138 3695 ad
1161 3632 1273 3695 Solem.
1311 3631 1413 3711 Atque

79 3714 114 3779 hic
132 3719 332 3803 explicandae
357 3719 476 3782 luerunt
498 3739 600 3781 omnes
624 3722 824 3801 proprietates
848 3730 880 3784 et
902 3722 1096 3802 cognationes
1120 3723 1224 3783 horum
1247 3737 1412 3799 corporum.

74 3804 120 3867 His
139 3808 183 3871 ita
205 3808 403 3882 constitutis,
434 3809 573 3871 accensui
596 3808 768 3889 corporibus
791 3810 947 3890 planetas,
980 3810 1131 3872 contentis
1155 3831 1174 3870 a
1197 3811 1306 3871 Terrae
1331 3806 1412 3879 orbe,

69 3904 222 3960 mutemus
236 3915 255 3958 a
269 3915 322 3971 se;
345 3897 474 3959 exclusis
499 3898 646 3961 exclusos.
690 3896 741 3960 Sic
764 3895 784 3974 li
808 3899 914 3961 cubum
938 3899 1063 3960 sortitus
1082 3907 1140 3973 est,
1163 3898 1193 3974 ll
1216 3897 1411 3970 tetraidrum,

68 3985 342 4061 ddodecaddrum,
372 3985 621 4061 Qicosatdrum,
655 3988 882 4064 §octaddmm
929 3988 1090 4069 Digressus
1114 3987 1204 4069 igitur
1226 3987 1255 4048 in
1279 3986 1412 4049 astrolo-

65 4072 145 4153 giam,
173 4073 380 4137 demonstravi
403 4076 598 4156 cognationes
622 4084 655 4138 et
676 4077 878 4156 proprietates
901 4078 1089 4159 planetarum
1112 4078 1271 4158 plerasque
1295 4096 1332 4139 ex
1354 4074 1411 4136 ho-

64 4180 120 4224 rum
143 4161 166 4227 5
191 4182 347 4244 corporum
372 4164 578 4227 affectionibus
601 4162 853 4228 mathematicis.⁴
880 4167 1021 4228 Proxima
1039 4186 1110 4228 cura
1129 4166 1196 4243 luit,
1220 4173 1254 4227 nt
1268 4163 1412 4228 ostende-

27 4296 31 4309 .
64 4268 128 4328 renr,
154 4252 303 4335 quomodo
327 4271 428 4315 omnes
451 4261 555 4333 partes
579 4254 768 4335 sexagenarii
791 4255 973 4336 multiplices
997 4256 1058 4317 sint
1080 4255 1109 4317 in
1131 4254 1178 4317 his
1193 4251 1212 4318 5
1228 4252 1410 4335 corporibus,

63 4341 195 4422 exceptis
222 4338 263 4404 10
287 4349 318 4403 et
343 4337 398 4417 15,
423 4349 454 4403 et
476 4341 609 4405 vicissim
633 4342 775 4424 quidquid
797 4344 826 4405 in
851 4345 897 4406 his
921 4352 1106 4418 numeretur,
1129 4362 1184 4424 per
1205 4352 1308 4423 partes
1333 4337 1413 4405 6οτἰί

62 4438 238 4504 numeretur,
262 4429 396 4511 exceptis
416 4430 551 4493 octaedri
575 4438 607 4493 et
629 4432 695 4495 cubi
719 4432 818 4512 planis
842 4434 969 4513 angulis,
995 4433 1046 4513 qui
1069 4433 1191 4494 suntin
1218 4441 1340 4511 utroque
1362 4431 1411 4492 vi-

64 4519 124 4580 ceni
148 4519 296 4601 quaterni.
342 4520 477 4582 Tandem
504 4520 618 4583 duobus
648 4521 728 4582 foliis
757 4523 873 4584 modum
898 4522 1005 4602 scripsi
1030 4522 1203 4583 dimetiendi
1226 4528 1258 4582 et
1280 4519 1408 4582 investi-

65 4607 151 4685 gandi
175 4607 290 4670 orbium
312 4608 520 4689 inscriptorum
548 4616 580 4671 et
609 4610 898 4690 circumscriptorum
930 4612 1032 4673 radios
1065 4610 1128 4672 sive
1161 4608 1408 4672 semidiametros.

65 4697 163 4776 Atque
186 4697 262 4759 haec
285 4697 430 4760 hactenus
454 4699 518 4760 sine
542 4698 640 4762 dubio.
687 4697 749 4762 Sed
773 4699 842 4780 quia
864 4700 893 4762 in
918 4699 1111 4781 sequentibus
1122 4698 1217 4782 dubia
1231 4698 1326 4761 multa
1340 4696 1411 4758 mihi

65 4794 232 4861 occurrunt,
255 4785 336 4848 volui
357 4785 477 4867 integra
499 4787 677 4862 describere,
701 4796 734 4850 et
756 4795 787 4849 te
810 4790 975 4852 consulere.
1026 4788 1126 4850 Multa
1147 4787 1280 4869 reperies
1302 4783 1411 4867 partim

66 4892 100 4938 ex
122 4874 201 4937 lalso
223 4874 360 4963 profecta
380 4875 534 4962 principio,
557 4876 667 4965 partim
682 4895 720 4947 ea
734 4877 829 4957 nullo;
853 4877 962 4950 allcnbi
977 4877 1152 4948 haerentem
1166 4875 1292 4954 videbis,
1316 4891 1408 4959 prop-
