3278 5542
732 226 922 359 ewen-⁵
1459 286 1491 377 ‚a

148 446 249 509 mundo
273 448 465 528 partibusque
488 446 668 509 coelestibus
691 446 725 508 fit
752 446 886 524 initium,
916 448 971 510 sed
999 448 1139 511 brevibus
1167 449 1222 511 ille
1244 450 1363 531 paginis
1386 450 1491 514 absol-

145 564 265 630 mutum
295 554 457 635 praecipua
484 572 554 615 vero
582 553 650 623 libri
677 554 773 617 moles
802 554 1009 636 complectitur
1037 554 1256 634 descriptiones
1282 557 1438 638 regionum
1460 565 1492 620 et

141 659 266 723 urbium.
312 661 419 742 ltaque
441 660 549 740 vulgus
572 647 819 741 cosmographiae
841 676 895 741 pro
918 660 1121 741 geographiae
1145 660 1275 723 dictione
1297 664 1408 726 utiturt
1431 662 1490 727 irn-

138 768 299 849 posuitque
317 785 376 829 vox
398 765 469 841 ista,
492 786 512 827 a
528 766 636 829 mundo
656 766 728 831 licet
745 765 885 842 deducta,
908 765 1036 829 officinis
1060 767 1200 844 librariis,
1224 767 1319 850 iisque
1333 769 1388 851 qui
1402 777 1489 833 cata-

139 873 222 953 logos
250 872 392 935 libromm
423 873 630 948 conscribunt,
660 879 695 936 ut
721 872 854 941 libellum
881 892 978 936 meum
1006 872 1083 936 inter
1110 874 1313 956 geographica
1334 877 1490 939 referrent

141 979 319 1061 llysteriurn
342 986 443 1042 eutem
464 998 518 1060 pro
541 998 651 1042 arcano
676 980 833 1061 usurpavi,
856 992 889 1042 et
909 998 964 1061 pro
987 980 1041 1042 tali
1065 979 1219 1043 venditari
1242 981 1395 1047 inventum
1416 982 1489 1045 boc:

140 1086 249 1167 quippe
273 1085 305 1148 iu
327 1086 437 1149 nulline
458 1085 629 1167 philosophi
651 1084 730 1149 libro'
749 1085 825 1147 talia
846 1103 975 1165 unquam
998 1084 1162 1165 legeram.“

226 1194 264 1255 Iu
297 1192 460 1255 Prodromo
499 1192 564 1274 ipso
598 1191 661 1256 lalli
694 1191 841 1268 diximus,
878 1191 928 1272 qui
959 1192 1043 1272 leges
1075 1191 1152 1253 istas
1186 1199 1354 1275 quaerautr
1392 1192 1491 1274 magis

135 1307 240 1361 autem
265 1298 420 1368 falluntur,
445 1299 471 1362 si
496 1299 545 1381 qui
567 1276 683 1363 certum
704 1299 761 1362 viri
784 1297 822 1360 de
845 1299 1010 1379 astrologia
1033 1298 1175 1380 judicium
1198 1317 1231 1360 se
1255 1298 1491 1381 deprehensurus

116 1414 262 1485 putant,
290 1403 329 1466 ab
353 1423 463 1485 eoque,
493 1405 543 1486 qui
566 1405 641 1468 artis
664 1425 721 1469 sue
743 1406 830 1469 initia
850 1413 960 1488 ponat,
989 1412 1086 1467 totam
1110 1403 1294 1487 astrologiae
1316 1421 1500 1487 compagem·

137 1512 195 1594 peti
220 1520 316 1592 atque
339 1511 505 1591 impugnari
528 1512 697 1592 opinantur.
743 1511 864 1575 Etenim
891 1513 942 1574 vix
969 1511 1122 1599 digressus
1146 1532 1165 1574 a
1191 1519 1405 1595 praeceptore,
1433 1511 1491 1588 cui,

138 1618 273 1700 quamvis
296 1617 391 1680 invito
407 1612 445 1691 ¹),
470 1617 654 1699 astrologiae
678 1626 759 1683 certe
781 1634 928 1681 summam
951 1618 1090 1681 tradendi
1112 1637 1218 1681 munus
1242 1624 1325 1682 emet
1346 1618 1490 1692 delatum,

138 1744 199 1788 cum
222 1724 346 1806 etipse
369 1723 496 1786 eandem
518 1732 615 1786 artem
636 1722 770 1804 profiteri
791 1722 909 1805 publice
932 1741 1025 1804 nuper
1043 1723 1147 1804 iussus
1166 1730 1258 1796 meet,
1281 1720 1308 1786 si
1329 1724 1489 1787 destruen-

140 1832 293 1912 sicquae
316 1831 461 1893 hactenus
485 1829 672 1906 obtinebant,
696 1830 857 1893 sententiis
882 1831 991 1893 lamam
1016 1839 1181 1910 quaereret,
1207 1829 1306 1893 nimiis
1325 1830 1490 1895 difficulta-

142 1938 212 2001 tibus
237 1937 460 2021 implicabatur.
498 1937 639 2017 Idemque
659 1937 698 1999 ad
721 1935 868 2019 imagines
893 1936 1036 1999 viridiore
1059 1937 1158 1999 animo
1182 1936 1393 2017 concipiendas
1416 1955 1489 2017 pro-

143 2045 247 2120 clivior,
275 2063 333 2106 uon
355 2032 478 2124 poterat
501 2062 559 2105 nou
580 2042 707 2125 probare
726 2040 924 2123 disciplinam,
949 2062 1025 2124 quae
1049 2043 1151 2106 sidera
1174 2043 1203 2103 vi
1227 2043 1355 2124 quadam
1378 2061 1492 2105 arcena

150 2152 244 2214 adres
267 2151 416 2213 humanas
439 2150 618 2232 omninoque
643 2159 803 2212 terrestres
830 2150 931 2213 valere
959 2157 1126 2226 statueret,
1157 2149 1251 2211 etad
1274 2148 1491 2212 astronomiam

147 2258 238 2321 nebus
259 2256 417 2319 colendam
436 2264 468 2318 et
486 2258 653 2337 augendam
673 2264 738 2318 toto
755 2264 878 2337 pectore
897 2256 1046 2332 incensus,
1070 2256 1124 2318 illa
1141 2255 1218 2336 ipsa,
1243 2274 1332 2337 quam
1351 2255 1490 2332 diximus,
1516 2313 1519 2322 .

146 2375 261 2428 naturae
284 2363 385 2425 indole
409 2362 601 2426 deserebatur
622 2364 662 2427 ad
685 2364 747 2426 ista
769 2383 888 2427 arcana
925 2364 972 2426 De
995 2362 1043 2425 his
1066 2371 1167 2425 autem
1189 2363 1219 2425 iu
1238 2362 1401 2425 Prodromo
1424 2362 1491 2442 ipso

147 2469 255 2532 aornim
277 2488 377 2550 pauca
399 2468 641 2549 deprehenderis.
688 2469 804 2531 Verum
827 2469 911 2532 libris
933 2469 1061 2550 posthac
1091 2468 1285 2550 conscriptis,
1316 2488 1383 2532 cum
1411 2469 1490 2545 aliis,

147 2575 387 2650 tamHarmooia,
412 2575 492 2638 haud
510 2577 604 2639 semel
625 2576 743 2638 illarum
766 2595 863 2645 rerum
887 2576 999 2638 mentio
1023 2574 1160 2656 injicitur,
1186 2595 1272 2657 quae,
1297 2575 1491 2657 quotiescun-

149 2700 192 2761 que
213 2688 388 2757 occurmut,
411 2701 503 2764 prope
528 2682 684 2762 attingunt
706 2683 751 2757 id,
775 2683 854 2764 quod
875 2682 923 2745 bic
947 2683 1066 2745 libellus
1090 2682 1183 2745 habet
1204 2683 1400 2766 propositum.

223 2787 324 2859 Quam
346 2789 375 2851 in
401 2788 626 2870 quaestionibus
649 2788 844 2851 instituendis
865 2784 986 2850 secutus
1005 2788 1048 2850 sit
1065 2788 1153 2863 viam,
1178 2807 1244 2850 cum
1258 2788 1408 2869 Keplerus
1427 2787 1491 2868 ipse

152 2896 214 2958 etiu
233 2896 424 2976 praefatione
439 2905 471 2959 et
489 2896 589 2959 libello
608 2896 685 2976 ipso,
710 2898 789 2977 quod
812 2896 889 2958 idem
909 2895 940 2957 in
959 2895 1042 2958 libris
1061 2895 1189 2975 posthac
1212 2894 1390 2976 conscriptis
1409 2894 1492 2966 fecit,

153 3002 212 3064 satis
234 3021 291 3064 nos
320 3002 461 3078 edoceat,
496 3003 570 3065 haec
597 3011 716 3065 tantum
744 3003 968 3085 praemittenda
997 3014 1077 3065 sunt.
1123 3004 1167 3067 Ut
1189 3011 1303 3065 certam
1331 3003 1491 3087 quandam,

154 3126 212 3188 quae
234 3110 439 3175 intercederet
461 3111 540 3174 inter
562 3110 765 3175 revolutiones
789 3119 821 3173 et
842 3111 1005 3174 distantias
1032 3110 1237 3192 planetarum,
1269 3109 1416 3173 rationem
1443 3109 1491 3172 in·

155 3217 261 3292 ruiret,
285 3217 424 3298 primum,
450 3217 529 3293 „via
553 3217 657 3281 mirum
680 3238 769 3300 quam
791 3218 929 3292 audaci,“
954 3216 1085 3299 planetis
1098 3216 1169 3279 Jovi
1188 3216 1335 3291 etMarti,
1359 3216 1491 3297 pariter-

153 3337 191 3400 que
211 3323 329 3386 Veneri
357 3331 388 3385 et
414 3324 564 3387 Mercurio
593 3310 804 3405 interpositum
832 3324 891 3388 sibi
918 3323 1051 3405 lingebat
1077 3341 1186 3387 novum
1213 3323 1366 3402 planetam
1398 3341 1492 3404 „quos

154 3425 206 3492 loos
234 3431 318 3493 sorte
345 3414 387 3492 ⁴ob
416 3429 583 3494 exilitatem
610 3450 667 3493 uon
697 3430 885 3494 videamus“.
938 3428 1007 3502 Qua
1034 3428 1085 3491 rie
1112 3448 1200 3511 quum
1228 3428 1325 3491 miuus
1353 3428 1383 3490 id
1413 3428 1492 3509 qnod

153 3534 224 3598 alet
247 3543 474 3616 assequeretur,
498 3554 545 3610 ea,
570 3553 657 3617 quam
681 3536 776 3615 ligura
798 3535 896 3616 prima
918 3535 947 3598 in
967 3535 1153 3616 praefatione
1171 3533 1295 3615 Kepleri
1316 3536 1419 3607 refert.
1442 3534 1493 3596 via

127 3698 128 3701 ,
157 3642 277 3705 monem
293 3641 380 3704 illam
394 3641 617 3721 deprehendere
632 3641 785 3714 studebat,
804 3642 1003 3717 intervallum,
1024 3661 1081 3723 quo
1096 3642 1220 3722 planeta
1233 3661 1253 3702 e
1267 3638 1338 3704 Sole
1353 3640 1491 3713 distaret,

158 3746 285 3810 atomum
310 3765 431 3811 versum
454 3766 587 3829 ponens,
618 3749 701 3828 cujus
730 3756 843 3810 motum
872 3757 1014 3829 tanquam
1042 3747 1175 3810 cosiuum
1202 3766 1322 3809 versum
1345 3747 1384 3807 ad
1407 3745 1490 3808 illum

149 3863 236 3928 possa
255 3854 383 3919 referre.
430 3852 518 3926 Quod
546 3873 613 3917 cum
640 3854 824 3936 improspere
854 3853 1068 3929 successisset,
1100 3854 1129 3915 in
1158 3853 1344 3933 explicandis
1372 3851 1489 3933 magnis

147 3960 392 4041 conjunctionibus
414 3962 606 4042 planetarum
626 3960 712 4022 Jovis
736 3968 768 4023 et
791 3959 915 4022 Saturni
939 3960 1116 4041 colligebat,
1142 3960 1253 4033 lineas,
1285 3959 1390 4040 quibus
1413 3977 1488 4021 con-

141 4063 301 4143 junctiones
323 4067 403 4130 istae
426 4067 668 4149 depingerentur,
694 4068 739 4129 ita
761 4087 795 4129 se
819 4085 938 4143 secare,
963 4077 996 4129 ut
1017 4066 1150 4148 punctis,
1176 4065 1281 4148 quibus
1305 4072 1487 4140 secarentur,

144 4191 225 4237 corus
248 4175 379 4238 circulus
402 4175 578 4250 efficeretur,
603 4176 688 4255 cqjus
712 4175 814 4237 radius
836 4173 926 4256 paulo
945 4174 1040 4254 major
1059 4183 1152 4243 esset,
1177 4192 1265 4255 quam
1283 4171 1408 4252 majoris
1427 4171 1487 4233 cir·

142 4281 190 4342 culi
207 4281 314 4345 radius
333 4280 484 4359 dimidius.
521 4277 679 4356 (0‚5225:
699 4281 726 4345 l.
760 4280 909 4361 Compara
927 4282 1052 4361 figuram
1070 4280 1234 4343 secundam
1251 4279 1282 4341 iu
1299 4277 1488 4359 praelatione

141 4386 284 4468 Kepleri.)
321 4386 437 4460 Quodsi
456 4388 554 4451 lineae
573 4389 691 4470 trigona
711 4389 897 4469 aequilatera
915 4388 1077 4456 efficerent,
1102 4405 1133 4446 rc
1153 4405 1225 4449 vera
1241 4386 1391 4448 radiorum
1410 4383 1487 4445 ratio

142 4503 218 4557 esset
239 4493 295 4566 0.5
312 4516 320 4559 ε
339 4494 367 4559 1.
403 4495 474 4557 Jam
498 4513 568 4556 vero
591 4514 658 4557 curn
681 4495 760 4569 iuter
782 4494 956 4567 distantiam
978 4492 1065 4555 Jovis
1088 4502 1120 4554 et
1143 4491 1266 4555 Saturni
1289 4489 1366 4551 ratio
1390 4490 1485 4551 inter-

144 4600 225 4664 tetlat
246 4603 309 4665 lere
336 4599 428 4676 122,
461 4597 530 4674 (52
546 4621 554 4662 :
570 4596 653 4675 9,5)·
667 4602 847 4682 trigonum
871 4608 944 4681 apta
966 4599 1013 4662 his
1035 4599 1166 4680 planetis
1190 4600 1285 4680 figura
1307 4614 1375 4658 esse
1398 4595 1485 4658 vide-

144 4704 233 4773 batur.
277 4707 369 4773 Haud
392 4705 482 4771 aliter
504 4707 543 4771 ad
567 4715 684 4770 ceteros
706 4709 845 4790 planetas
869 4706 1000 4788 reliquas
1022 4707 1132 4787 figuras
1153 4707 1319 4785 regulares,
1344 4723 1370 4767 e.
1396 4723 1422 4767 c.
1447 4702 1484 4764 ad

1230 4809 1242 4862 1
1255 4811 1271 4842 a
