3278 5542
136 321 202 391 378
557 326 658 376 mrem
675 324 778 390 Kopion
796 325 949 389 altorumque
965 328 1069 375 manu

137 485 180 547 sic
205 492 322 566 potest,
356 492 390 546 ut
413 484 442 546 in
468 484 616 545 inlinitum
651 484 803 564 progressi
834 502 955 564 semper
976 482 1099 563 propius
1123 481 1320 553 accedamus,
1354 493 1410 537 nec
1430 473 1496 554 plus

137 594 197 635 una
226 575 342 635 unitate
372 572 545 635 deficiamus
579 573 608 633 in
642 573 711 652 ipsa
733 573 875 651 quadrati
907 570 1119 633 delineatione.
1165 569 1353 649 Incipiamus
1379 563 1495 626 enims

137 663 284 724 minimis:
309 661 352 723 sit
374 681 513 723 uumerus
537 661 697 723 divisibilis
720 661 859 723 minimus
882 660 918 736 2,
943 668 1047 741 partes
1070 659 1185 720 habens
1214 657 1227 720 1
1253 662 1288 719 et
1314 654 1347 724 1,
1377 668 1494 751 qustum

138 771 198 812 una
218 752 283 830 jam
307 751 456 813 habeatur
477 768 532 832 pro
554 749 679 821 minori,
708 750 806 812 altera
828 769 882 831 pro
905 748 1020 829 majori.
1067 746 1119 809 Sic
1151 747 1245 826 igitur
1266 751 1358 807 eruut
1380 740 1495 803 termini

140 839 173 913 1,
199 838 231 914 i,
259 837 290 900 2.
336 839 373 901 si
396 840 533 919 perfecte
557 849 641 901 esset
664 856 809 917 expressa
831 838 986 918 proportio
1011 835 1126 908 divina,
1155 841 1313 916 oporteret
1333 837 1494 906 maungu-

138 929 198 988 lum
231 936 435 989 extremorum
468 927 589 1008 aequari
623 927 772 1007 quadrato
796 928 900 1002 medii,
934 934 968 987 at
995 924 1115 987 excedit
1136 925 1270 995 unitate,
1303 928 1340 984 ut
1361 918 1432 992 [D
1450 917 1494 991 [];

137 1034 230 1096 pergo
255 1017 362 1094 igitur,
387 1035 570 1097 componens
594 1025 712 1094 partem
732 1016 878 1096 majorem
909 1014 922 1077 1
949 1032 1015 1076 cum
1044 1021 1108 1074 toto
1132 1009 1167 1087 2,
1198 1021 1233 1074 ut
1254 1010 1321 1072 siut
1343 1004 1382 1082 3,
1415 1012 1494 1105 eruut

137 1104 258 1166 termini
282 1107 329 1167 sic
356 1105 387 1177 1,
413 1104 447 1180 2,
473 1103 510 1179 3;
543 1104 592 1165 bic
615 1104 821 1182 rectaugulum
846 1113 1048 1167 extremorum
1065 1110 1115 1163 est
1138 1098 1173 1175 3,
1203 1101 1390 1180 quadratum
1412 1093 1492 1156 neu

137 1190 229 1255 esti
267 1195 348 1265 (53,
374 1192 437 1268 ΗΞ).
484 1194 581 1272 Pergo
614 1211 749 1260 rursum,
782 1196 925 1273 majorem
957 1188 978 1253 2
1011 1190 1125 1252 addens
1158 1189 1217 1251 toti
1247 1184 1289 1261 3,
1323 1194 1361 1249 ut
1392 1200 1491 1247 norm

137 1291 233 1342 totum
257 1281 298 1341 sit
321 1280 358 1355 5;
384 1281 502 1345 termini
526 1280 556 1353 2,
582 1279 611 1352 3,
637 1279 668 1344 5.
714 1280 936 1363 Rectangulum
955 1286 1154 1341 extremomm
1177 1275 1208 1350 2,
1233 1275 1253 1341 5
1278 1271 1489 1352 est10,qm·

138 1414 257 1476 oratum
281 1414 370 1475 moun
395 1411 485 1479 ene
514 1377 618 1531 (Qu
656 1374 758 1531 ᾗ).
819 1411 965 1478 Similiter
997 1415 1075 1476 aare
1108 1409 1128 1476 3
1161 1418 1193 1473 ec
1226 1409 1267 1482 5,
1304 1416 1341 1471 uc
1374 1404 1436 1466 stur
1462 1399 1487 1465 s.

139 1588 242 1651 5><5
270 1614 307 1643 =
334 1588 395 1661 25,
420 1587 501 1653 aa
528 1616 564 1645 =
591 1590 648 1668 tr,
672 1593 762 1674 pugo
785 1593 877 1673 igitur
901 1593 944 1654 sn
991 1557 1101 1701 (ᾖ
1138 1552 1280 1698 ᾗ)
1314 1584 1384 1657 na,
1422 1578 1486 1661 qno

138 1722 188 1783 uni
212 1723 308 1791 deest,
333 1723 422 1784 alteri
446 1723 583 1786 abundat
605 1737 762 1804 perpetuo.
808 1725 877 1788 Non
901 1733 983 1804 puto,
1008 1743 1056 1786 me
1078 1741 1169 1802 posse
1191 1719 1307 1784 clarius
1331 1712 1486 1794 et.palps·

120 1811 227 1873 'bilius
251 1830 312 1872 rem
336 1812 496 1890 explicare,
523 1831 611 1893 quam
635 1813 661 1874 si
685 1815 792 1888 dicam,
817 1821 849 1874 te
872 1813 974 1875 videre
998 1813 1146 1892 imagines
1169 1809 1232 1872 illic
1255 1804 1426 1876 mentulas,
1446 1799 1487 1862 Β

138 1900 256 1961 vulvae.
302 1900 406 1960 Ellicit
429 1901 521 1978 igitur
544 1902 592 1964 hic
617 1922 759 1964 excessus
783 1903 968 1982 alternisque
992 1902 1128 1963 defectus
1152 1894 1338 1976 rectangnli‚
1364 1900 1486 1955 11111111·

138 2008 225 2067 quam
250 1989 382 2065 perfecte
407 1989 608 2068 exprimamus
632 1991 762 2053 numeris
785 1992 1006 2071 proportionem
1031 1989 1175 2052 divinam.
1221 1986 1265 2048 Et
1287 1992 1394 2046 tamen
1414 1996 1486 2040 scm·

137 2095 192 2157 per
214 2076 337 2155 propius
361 2077 399 2137 ad
424 2078 521 2158 ipsam
546 2080 736 2154 accedimus,
772 2100 828 2159 quo
862 2080 983 2159 saepius
1011 2079 1230 2158 componimus:
1263 2081 1300 2135 ut
1326 2071 1356 2133 si
1380 2067 1400 2133 5
1423 2063 1487 2130 etd

138 2183 309 2242 componas,
334 2173 422 2226 erunt
448 2164 506 2240 13;
527 2169 593 2246 jam
619 2164 658 2230 13
683 2170 711 2230 in
736 2168 755 2232 5
780 2168 981 2247 multiplicata
1004 2168 1079 2229 dant
1101 2161 1153 2240 65,
1177 2160 1286 2227 Brero
1310 2160 1409 2223 octies
1426 2162 1486 2219 suut

140 2249 183 2316 64
217 2256 287 2327 (en,
313 2255 505 2334 supradixi,
536 2253 662 2318 bannis
689 2255 728 2320 13
753 2257 926 2336 contingere
949 2256 1161 2318 conversiones
1185 2252 1345 2322 Veneris).
1392 2248 1485 2343 Itaque

139 2343 275 2403 delectus
306 2344 391 2404 unius
424 2345 592 2424 rectanguli
624 2346 760 2425 proxime
784 2352 960 2424 compensat
984 2362 1141 2406 excessum
1172 2340 1308 2423 proxime
1333 2342 1486 2418 sequenda

140 2439 172 2492 ut
196 2432 239 2492 ita
262 2430 292 2490 in
317 2432 432 2492 duabus
449 2432 563 2495 vicibus
586 2434 723 2513 proxime
748 2434 794 2495 bis
820 2441 937 2495 utamur
959 2433 1152 2513 proportione
1176 2430 1288 2493 divina
1336 2428 1390 2490 Ad
1411 2421 1486 2500 cujn

138 2519 181 2580 rei
206 2518 446 2595 similitudinem,
467 2522 493 2583 si
516 2540 554 2582 ex
578 2523 678 2603 aliquo
701 2521 813 2605 Satyro
837 2523 989 2584 rusticano
1014 2540 1157 2601 quaeras,
1185 2517 1299 2600 quain
1323 2536 1358 2579 re
1381 2512 1487 2577 diruo

139 2607 295 2687 generatio
319 2610 442 2687 plantae
466 2631 485 2670 a
508 2613 702 2689 generatione
725 2611 863 2687 hominis,
887 2611 1099 2690 respondebit,
1127 2609 1157 2671 in
1180 2609 1256 2682 boc,
1290 2606 1372 2686 quod
1394 2603 1487 2698 pluri*

140 2697 253 2758 habeat
285 2717 387 2758 semen
411 2698 440 2758 in
464 2718 512 2774 se,
547 2700 649 2779 itaque
672 2720 761 2761 unam
785 2701 921 2762 sulficere
945 2700 984 2760 ad
1008 2698 1114 2760 similis
1138 2695 1381 2777 generationem,
1411 2696 1443 2753 at
1461 2704 1486 2746 m

138 2785 256 2846 homine
280 2788 444 2848 mentulam
468 2796 500 2848 et
523 2790 643 2849 vulvam
667 2789 825 2850 convenire
849 2807 972 2850 necesse
996 2807 1079 2861 esse,
1113 2794 1161 2861 ut,
1186 2785 1266 2864 quod
1290 2783 1342 2846 uni
1365 2778 1442 2843 dasii
1460 2778 1486 2835 ti

139 2874 218 2947 hiet,
254 2874 343 2935 alteri
366 2877 498 2937 abundet
521 2885 554 2938 et
577 2879 782 2956 propendeat,
817 2877 991 2957 duobusque
1015 2874 1184 2951 hominibuq
1202 2873 1321 2953 junctis
1354 2878 1388 2932 et
1408 2866 1484 2944 bqiut

139 2981 264 3023 excessu
289 2964 319 3023 in
343 2963 423 3025 illius
448 2965 598 3027 defectum
623 2967 747 3038 inserto,
772 2965 880 3026 tertius
905 2964 1011 3026 similis
1035 2970 1188 3026 nascatur.

226 3054 329 3131 Atque
354 3052 401 3112 lric
424 3071 567 3114 excursus
591 3065 666 3128 esto,
693 3073 780 3135 quern
803 3053 875 3115 mihi
898 3053 1028 3115 extorsit
1048 3052 1179 3132 prurigo,
1204 3046 1407 3111 aReinbardi
1424 3061 1484 3123 spu·

139 3139 339 3201 solutionibus
364 3141 528 3204 concitata.
575 3144 661 3203 Ludo
686 3144 793 3223 quippe
818 3151 850 3204 et
873 3161 929 3222 ego
949 3140 1094 3224 symbolis
1117 3137 1341 3218 etopuaculum
1359 3130 1483 3197 institui:

139 3229 320 3301 „cabbalam
334 3229 581 3307 geometricam“‚
617 3251 693 3309 quae
719 3239 767 3292 est
782 3233 818 3291 de
833 3230 909 3292 ideis
932 3249 1030 3292 rerum
1052 3228 1235 3291 naturalium
1258 3226 1289 3287 in
1314 3221 1485 3305 geometrist

140 3317 195 3377 sed
218 3317 263 3378 ita
286 3316 372 3388 ludo,
406 3327 439 3379 ut
463 3337 510 3378 rue
533 3319 635 3380 ludere
661 3338 718 3381 non
743 3319 916 3381 obliviscar.
963 3318 1047 3380 Nihil
1071 3317 1149 3378 enim
1172 3315 1322 3396 probatur
1345 3308 1484 3394 symbolis,

139 3405 213 3467 nihil
236 3405 368 3467 abstrusi
392 3406 506 3467 eruitur
528 3408 559 3468 in
583 3408 714 3469 naturali
737 3408 930 3488 philosophia
952 3424 1006 3487 per
1020 3406 1174 3488 symbolas
1189 3403 1402 3483 geometricas,
1424 3409 1484 3461 tau·

139 3501 201 3556 tum
225 3501 296 3556 ante
320 3503 393 3556 nota
417 3497 691 3570 accommodantur,
708 3498 774 3558 ›nisi
798 3498 891 3557 certis
915 3495 1082 3557 rationibus
1107 3494 1273 3567 evincatur,
1298 3511 1360 3554 nou
1381 3496 1485 3552 tantum

138 3601 207 3645 esse
232 3582 406 3664 symbolica,
431 3585 485 3645 sed
509 3604 577 3646 esse
602 3586 773 3664 descriptos
797 3584 990 3647 connexionis
1015 3582 1059 3645 rei
1082 3582 1239 3661 utriusque
1253 3580 1363 3643 modos
1377 3587 1485 3642 etcau·

138 3692 205 3746 sas;
229 3672 314 3733 utin
339 3674 480 3736 meteoris
505 3683 554 3735 est
577 3675 680 3752 aliqua
710 3692 803 3734 causa
831 3692 941 3753 agens,
972 3672 1099 3733 rationis
1124 3679 1155 3732 et
1177 3669 1367 3749 geometriae
1389 3682 1485 3749 capu.

139 3780 215 3840 quae
241 3761 279 3820 ad
304 3770 465 3823 nascentes
489 3763 519 3823 in
543 3763 627 3824 coelo
655 3771 797 3841 aspectus
821 3765 900 3834 (rem
914 3760 1143 3840 geometricam)
1169 3755 1485 3820 accommodatmodut

138 3860 170 3909 et
192 3867 390 3930 paroxysmos
414 3850 461 3911 sui
484 3851 594 3930 operis,
620 3852 699 3931 quod
723 3858 773 3911 est
795 3851 947 3912 concitare
962 3849 1101 3911 humores
1117 3847 1345 3921 subterraneus,
1368 3856 1403 3909 ut
1423 3863 1486 3907 ars·

138 3948 256 4015 porent.
305 3937 359 3999 llic
396 3940 509 4000 frustra
542 3939 620 4001 alius
657 3938 955 4020 symbolisationibus
988 3938 1107 3999 innixus
1141 3955 1180 3997 ex
1207 3932 1228 4012 fi
1262 3936 1382 4011 nivem,
1414 3937 1487 4001 exd

140 4027 251 4088 tonitru
276 4027 459 4103 expectabit,
486 4047 523 4089 ex
546 4028 576 4101 ll
599 4028 741 4107 pluviam,
767 4046 782 4087 e
809 4028 834 4100 Ω
858 4046 965 4100 rorem,
990 4045 1029 4088 ex
1052 4030 1074 4103 ζξ
1097 4032 1220 4087 ventum
1235 4025 1289 4087 &a
1339 4022 1403 4087 Sed
1423 4039 1487 4102 geu·

140 4115 250 4177 metria
281 4123 457 4193 aspectuum
490 4117 524 4176 fit
552 4135 646 4177 causa
676 4116 847 4194 objectiva,
882 4133 1005 4177 movens
1029 4115 1181 4177 Arobsum
1206 4114 1436 4177 subterraneum
1455 4107 1486 4171 ud

140 4201 282 4280 impetum
306 4201 453 4280 aliquem,
489 4223 526 4264 ex
559 4223 616 4283 quo
649 4205 751 4266 omnia
781 4205 862 4266 dicta
889 4203 1057 4283 promiscue
1089 4221 1144 4282 pro
1168 4221 1201 4264 re
1224 4209 1321 4280 nats,
1349 4203 1414 4282 jam
1441 4198 1487 4261 bct

134 4288 199 4369 jam
223 4291 298 4353 illud
316 4291 454 4353 resultat.

227 4380 296 4441 Non
322 4378 435 4455 dubito,
459 4381 680 4464 Pythagoricos
704 4381 767 4442 tale
790 4379 861 4460 quid
885 4378 1071 4457 respexisse,
1094 4378 1182 4456 quale
1206 4396 1264 4458 ago
1287 4378 1340 4441 bic
1362 4373 1488 4459 proposui

139 4471 175 4530 de
200 4487 327 4530 excessu
352 4475 383 4527 et
406 4469 525 4533 defectu
559 4470 788 4547 quadratorum,
817 4469 887 4531 dum
911 4467 1041 4550 impares
1064 4484 1204 4529 numeros
1226 4486 1331 4530 mares
1350 4466 1486 4535 ,duent

139 4577 229 4637 pares
255 4575 325 4618 vero
352 4556 489 4621 feminas.
536 4556 578 4617 Et
600 4558 705 4630 Plato,
730 4566 762 4617 ut
785 4576 877 4634 supra
900 4555 1032 4630 dictum,
1056 4553 1183 4632 primum
1207 4554 1378 4635 imparem,
1393 4554 1429 4619 id
1447 4560 1497 4627 ast,

139 4646 297 4719 unitatem,
323 4646 541 4727 interpretatus
565 4656 613 4707 est
636 4645 757 4719 „ideam
772 4665 824 4707 seu
838 4647 977 4718 t'ormam,
1002 4661 1079 4723 quse
1098 4661 1164 4705 mss
1178 4643 1352 4718 hebetur“;
1375 4642 1491 4724 mimum

140 4752 357 4812 temperem,
390 4735 419 4795 id
444 4745 493 4797 est
517 4735 673 4808 binarium,
700 4733 857 4796 materiam
882 4732 972 4803 fecit,
1007 4750 1083 4810 quae
1116 4730 1246 4792 feminae
1277 4730 1380 4797 iustsr
1400 4730 1490 4795 habet
