3278 5542
138 318 202 386 226
431 252 434 258 Ι
737 319 898 370 amentem

83 492 87 498 '
136 483 228 548 gentis,
247 481 288 545 qui
306 479 366 529 mihi
385 484 439 528 erat
461 478 618 535 domesticus,
638 493 694 528 cnm
714 479 775 529 liber
793 486 877 528 noster
895 479 926 527 de
946 476 1051 527 Cometa
1069 478 1127 527 anui
1146 474 1190 526 77.
1205 474 1361 541 Urenibm'gi
1377 474 1496 538 imprime

136 562 220 610 retur,
249 559 275 602 et
292 551 366 615 paulo
384 557 441 614 post
458 565 533 614 quam
551 548 650 599 Ursus
668 552 715 600 iste
735 551 801 613 apud
818 565 859 599 me
877 549 960 598 tuerat
978 551 1097 606 accessit,
1115 549 1219 613 ideoque
1237 562 1314 612 mam
1332 545 1501 596 emtum

137 631 239 690 egerm,
266 638 297 672 ex
322 623 410 673 octana
428 624 489 671 meio
516 621 631 671 studiosis
651 624 776 686 cognitum
795 622 890 670 habuit.
928 621 1019 669 Addidi
1040 622 1115 670 etiam
1133 621 1304 669 testimonium
1322 618 1422 667 scribae
1439 616 1499 667 nos

137 695 191 746 Viri
209 696 275 745 Erici
293 694 425 760 Langii,
446 695 485 742 cui
504 692 580 742 Ursus
599 701 659 742 tuuc
677 694 801 749 inserviit,
820 694 861 756 qni
882 693 957 741 etiarn
976 697 1074 754 praesto
1093 699 1162 748 erat.
1184 706 1241 741 cum
1258 692 1308 740 iste
1326 703 1401 738 sunm
1418 688 1500 738 ιω

137 770 269 818 comitatus
287 780 385 815 mecum
404 764 459 814 init.
488 763 570 823 Quam
589 765 790 814 testificationem
809 766 914 828 ipsemet
927 764 1012 817 Ericus
1031 762 1297 828 posteaMagdeburgi
1314 763 1342 810 iu
1361 762 1500 825 pneseatis

136 840 227 903 publici
245 839 334 887 nemrii
354 835 515 891 confirmarit,
536 842 562 885 et
580 849 742 898 quaecuuque
762 837 824 885 alite
843 835 919 884 Ursus
938 837 963 883 in
982 835 1075 884 lamoso
1094 837 1141 883 isto
1159 835 1250 898 scripto
1269 832 1363 887 habet,
1383 837 1500 897 quatenm

137 912 182 961 sibi
202 925 233 960 ea
252 909 283 959 de
300 923 328 958 re
346 909 471 972 quippiam
491 908 630 965 constabat,
650 907 784 956 falsissima
803 922 857 956 esse
876 914 983 955 testatus
1002 913 1048 963 est,
1068 912 1151 956 erecto
1170 907 1201 956 de
1223 902 1254 952 12
1268 904 1424 967 ejusmodi
1440 918 1498 968 puu-

137 984 192 1037 ctis.
211 995 275 1045 quae
294 981 328 1029 illi
346 979 555 1043 proponebantur,
575 993 588 1027 e
607 979 668 1027 libro
686 980 727 1027 illo
746 980 842 1028 famoso
862 979 998 1041 excerptis,
1018 978 1131 1041 publico,
1150 979 1185 1027 uti
1205 984 1310 1033 vocant,
1331 978 1499 1031 insumentes,

136 1054 201 1119 qnod
220 1053 282 1104 alite
299 1051 408 1107 ridebis;
427 1049 485 1099 hinc
504 1057 589 1100 cetera
607 1051 758 1100 aestimabis.
1247 1048 1278 1097 T.
1297 1047 1415 1098 Brehe.

208 1213 263 1269 His,
283 1224 346 1275 quae
365 1211 440 1259 refert
459 1207 543 1270 Tycho
562 1209 593 1258 de
613 1209 675 1258 Urso
695 1210 807 1274 diisque,
827 1212 868 1274 qui
886 1211 961 1273 ipsius
980 1209 1129 1273 hypotheses
1147 1210 1193 1259 sibi
1212 1210 1369 1274 arrogarint,
1388 1221 1437 1258 nec
1453 1221 1498 1256 nou

138 1287 170 1335 de
189 1284 252 1341 iliis,
272 1284 313 1348 qui
331 1284 410 1345 ipsum
429 1288 516 1330 contra
534 1281 728 1330 calumniatores
749 1282 917 1338 defenderint,
936 1281 999 1331 haec
1019 1281 1134 1331 addenda
1152 1286 1217 1330 sunt.

210 1427 225 1476 J
232 1426 349 1476 tcobna
369 1424 497 1473 Curtius
516 1421 717 1479 aSeud‘tenaun,
737 1425 832 1487 imperii
844 1424 1052 1488 procancellarins
1071 1419 1203 1484 (ι1591),
1222 1423 1392 1472 mmonomiae
1405 1424 1499 1486 ejusque

139 1499 297 1562 antesignani
310 1495 433 1559 'lychonis
452 1495 530 1544 cultor
540 1509 570 1544 ac
581 1494 712 1551 studiosus,
736 1497 872 1545 transmisit
885 1496 994 1558 Tychoni
1008 1495 1123 1544 Caesaris
1136 1493 1260 1558 Rudolphi
1272 1493 1298 1543 11
1318 1491 1497 1560 ,privilegium'

141 1570 375 1635 quodpraemissum
395 1576 433 1616 est
446 1567 511 1629 operi
522 1567 651 1629 inscripto:
675 1569 846 1616 Astronomiae
861 1570 1016 1616 instauratae
1030 1567 1267 1631 progymnasmata,
1287 1565 1375 1615 datum
1396 1564 1438 1613 1³.
1447 1563 1499 1615 Just

142 1639 224 1694 tcto.
251 1640 337 1690 addita
355 1639 413 1695 illa,
437 1652 511 1701 qnam
536 1637 596 1686 dicit
619 1652 693 1700 supra
712 1638 809 1700 Tycho,
835 1639 939 1701 epistola
967 1637 1002 1698 (d.
1032 1636 1075 1685 28.
1093 1637 1151 1687 lun.
1172 1634 1269 1699 1590),
1295 1638 1323 1686 in
1347 1651 1398 1701 qua
1423 1637 1500 1689 retest

140 1721 251 1764 sutorem
280 1726 306 1760 se
324 1712 399 1760 luisse
419 1708 520 1758 Caesen
541 1708 616 1766 ,illud
634 1710 671 1757 ita
689 1710 810 1758 scribendi
841 1719 866 1758 et
884 1724 1033 1773 sponsorem,
1062 1724 1121 1758 vera
1145 1711 1171 1758 iu
1190 1725 1219 1759 eo
1238 1707 1375 1758 Gaesuem
1393 1706 1499 1758 usuri-¹

139 1783 212 1846 Quae
231 1785 262 1832 de
279 1781 342 1832 Urso
360 1782 410 1830 illic
430 1781 502 1836 din't,
530 1779 593 1828 haec
622 1786 720 1829 tautum
737 1788 808 1829 suut:
844 1781 881 1830 Ex
898 1780 930 1829 N.
950 1780 981 1829 N.
1002 1781 1117 1845 plagiarii
1135 1782 1172 1829 tui
1194 1780 1292 1836 libello,
1319 1793 1396 1844 quem
1417 1778 1499 1829 lunda

139 1861 249 1906 mentum
269 1854 459 1903 astronomicum
477 1852 616 1914 inscripsit,
635 1853 756 1916 unicoque
774 1856 828 1916 ejus
847 1854 1036 1917 diagrammate,
1056 1852 1120 1916 quod
1142 1852 1221 1901 Paulo
1234 1850 1354 1900 Witichio
1373 1850 1498 1905 sedarit

139 1928 325 1978 construxi...
344 1939 433 1974 novam
453 1923 635 1986 sphaericorum
651 1924 828 1988 triangulorum
847 1926 1006 1988 geometriam
1026 1922 1070 1972 doc.

210 1996 402 2047 Rothmauni
420 1996 524 2051 literae,
550 1995 575 2043 in
599 1995 686 2058 quibus
705 2001 777 2043 taxat
795 1995 885 2045 Ursum
907 2010 950 2058 pro
974 1997 1081 2047 meritis.
1108 1997 1184 2045 datae
1203 2000 1262 2044 suut
1274 1992 1388 2045 caselle
1407 1991 1433 2042 ⁷.
1452 1990 1498 2042 cst

140 2068 209 2135 Sept.
232 2065 299 2118 1586
318 2067 355 2130 (in
377 2065 517 2129 ,Tychonie
536 2065 628 2114 Brahei
647 2065 715 2116 Dani
734 2067 899 2130 Epistularum
914 2067 1031 2115 Astron.“
1051 2067 1092 2115 lib.
1113 2066 1132 2115 1.
1152 2083 1176 2131 p.
1199 2063 1262 2127 33).
1289 2066 1418 2130 ipsiusque
1434 2064 1499 2114 rerba

140 2147 213 2191 sunt:
241 2141 317 2190 Plura
335 2139 481 2192 scriberem,
508 2139 653 2200 praesertim
672 2139 703 2188 de
721 2140 815 2202 impuro
833 2138 874 2186 illo
893 2139 1014 2187 nebulone
1032 2137 1064 2186 N.
1084 2137 1116 2187 R.
1136 2137 1212 2195 Urso,
1230 2139 1272 2202 qui
1290 2136 1499 2202 superioritatem

141 2214 207 2277 apud
220 2212 300 2261 Tuam
312 2209 405 2260 Excell.
424 2207 628 2272 typographicam
647 2210 776 2259 literarum
796 2209 966 2259 collectionem
985 2219 1011 2259 et
1028 2209 1216 2267 ordinationem,
1235 2215 1264 2258 ut
1276 2209 1372 2272 opinor,
1392 2208 1497 2258 uercmt

140 2284 261 2351 quomodo
280 2282 376 2331 scilicet
394 2281 434 2329 hic
453 2287 478 2328 te
498 2281 611 2328 conviciis
631 2281 788 2343 proscindere
813 2296 862 2329 uon
882 2282 998 2338 desierit,
1025 2287 1051 2330 et
1074 2282 1193 2346 quomodo
1216 2286 1242 2330 te
1266 2279 1437 2340 defenderim,
1460 2277 1496 2328 nii

141 2357 260 2421 augustia
277 2354 392 2417 temporis
411 2366 450 2400 me
469 2351 606 2414 impediret.
1208 2355 1216 2371 ·

212 2424 297 2489 Tycho
325 2427 351 2473 in
377 2423 455 2472 literis
482 2423 532 2470 suis
559 2424 667 2485 proxime
689 2424 850 2487 sequentibus
871 2423 961 2472 Ursum
989 2439 1038 2473 non
1065 2431 1186 2489 tangens,
1214 2425 1240 2472 iu
1266 2422 1456 2488 posterioribus,
1477 2422 1495 2471 li

141 2498 229 2563 quibus
246 2496 395 2559 hypothesin
414 2508 485 2543 suam
505 2494 613 2556 explicat
636 2493 672 2555 (d.
692 2494 794 2544 Uranib.
815 2494 857 2542 21.
877 2496 946 2544 Febr.
969 2493 1064 2558 1589),
1090 2496 1128 2545 hie
1152 2495 1184 2544 ad
1203 2495 1271 2544 illum
1289 2495 1371 2546 redit:
1400 2492 1495 2544 nesto

140 2569 214 2619 valde
233 2568 265 2618 ab
283 2568 361 2623 initio,
381 2580 437 2614 cnm
456 2566 563 2630 legerem
582 2567 608 2614 in
626 2567 675 2614 tuis
695 2566 780 2626 literis,
800 2565 837 2615 ill.
852 2566 959 2630 Principi
971 2567 1047 2617 hasce
1060 2582 1129 2617 meas
1140 2565 1290 2631 hypotheses
1308 2568 1377 2630 prius
1396 2566 1493 2631 condit

142 2641 233 2696 fuisse,
261 2645 346 2702 utpote
372 2638 411 2702 qui
437 2652 482 2686 eas
505 2638 529 2685 in
549 2644 676 2687 automata
696 2638 801 2701 quodam
820 2652 948 2701 expressas
966 2638 1078 2688 haberet.
1115 2638 1203 2702 Neque
1220 2639 1282 2688 satis
1301 2641 1416 2704 cogitare
1432 2637 1492 2703 poet

142 2714 184 2776 qui
202 2711 227 2760 id
246 2711 298 2760 lieri
316 2714 416 2773 posset,
442 2708 560 2773 siqnidem
580 2710 671 2771 optime
689 2709 748 2757 mihi
767 2711 880 2758 conscius
899 2724 996 2771 essem,
1014 2725 1054 2759 me
1073 2724 1090 2760 a
1107 2710 1173 2759 nullo
1192 2710 1336 2759 mortalium
1354 2709 1401 2760 ιιι
1419 2723 1492 2775 cogno

142 2784 215 2841 visse,
235 2784 375 2847 prinsquam
395 2782 499 2843 ipsemet
517 2795 547 2829 ex
567 2780 776 2829 observationibus
796 2797 825 2829 eo
843 2780 1011 2843 perducebat,
1030 2782 1142 2846 quodque
1160 2783 1257 2831 interea
1275 2796 1376 2832 mecum
1394 2781 1492 2831 lemeis

143 2861 221 2905 autea
239 2869 289 2903 non
309 2852 458 2917 publicatae.
496 2850 589 2899 Verum
607 2859 737 2916 postquam
756 2852 851 2901 libellus
876 2854 947 2901 istius
967 2852 1022 2901 Ursi
1042 2852 1216 2910 Dithmarsici,
1239 2867 1314 2917 quem
1333 2851 1491 2918 aliquandoie

143 2926 291 2990 quibusdam
312 2925 344 2974 ad
361 2938 402 2972 me
421 2922 485 2971 datis
503 2923 581 2970 literis
600 2923 674 2987 digno
688 2923 768 2987 elogio
781 2924 882 2984 ornasti,
902 2926 1022 2988 impurum
1036 2925 1163 2989 appellans
1175 2924 1334 2983 nebulonem,
1352 2924 1412 2974 mihi
1428 2930 1490 2973 trwr

141 2999 230 3047 misene
250 3002 316 3047 esset
335 3009 352 3044 a
370 2994 402 3043 l).
418 2994 448 3043 G.
460 2993 689 3059 Rollenhagio,
710 2993 874 3059 Magdebnrgi
893 2996 1007 3060 degenti,
1027 2998 1068 3059 qui
1086 2998 1162 3045 etiam
1175 2995 1266 3045 dudum
1286 2996 1489 3046 auoeaiudlcettt
1536 3058 1538 3063 Ι

141 3070 187 3118 has
206 3073 304 3118 nostras
323 3065 472 3130 hypotheses
491 3064 537 3114 sibi
557 3071 616 3114 ante
634 3065 759 3115 biennium
773 3080 789 3114 a
801 3066 907 3130 quodam
919 3082 974 3116 meo
987 3067 1089 3132 lugitim
1106 3068 1217 3116 ministro
1234 3069 1433 3118 communicatu
1444 3077 1489 3117 eet·

144 3142 249 3204 ideoque
268 3139 349 3187 sciens
369 3152 385 3186 a
402 3152 442 3185 me
459 3138 564 3200 primum
583 3139 713 3191 inventas,
733 3136 876 3201 dolensque,
896 3137 985 3187 Ursum
1003 3140 1078 3187 istum
1097 3139 1142 3188 sibi
1161 3140 1282 3188 immerito
1301 3154 1348 3188 eas
1367 3138 1489 3193 attributes

143 3212 232 3261 librum
251 3210 319 3258 illum
338 3208 397 3258 mihi
416 3209 572 3257 innotescere
590 3209 674 3263 voluit,
694 3215 723 3257 nt
741 3209 831 3258 lurtum
849 3209 908 3259 illud
922 3225 1106 3275 cognoscerem,
1127 3217 1152 3259 et
1170 3211 1202 3260 ab
1221 3210 1276 3260 aliis
1296 3211 1364 3261 iores
1382 3210 1491 3261 elicuit&

142 3282 201 3331 mihi
221 3282 302 3331 denuo
323 3293 468 3329 assererem.
507 3279 543 3327 Ex
570 3280 617 3328 isto
641 3282 702 3329 setis
728 3282 854 3343 perspexi,
882 3281 948 3331 nude
973 3281 1037 3331 haec
1061 3283 1093 3332 ad
1115 3296 1157 3331 ros
1175 3283 1316 3345 pervenerit
1333 3282 1491 3333 resolutiores
1536 3302 1538 3307 ·

142 3353 288 3403 coelestium
308 3351 440 3405 ordinatio,
463 3350 583 3414 siquidem
602 3353 649 3400 iste
667 3352 803 3416 plagiarius
822 3352 920 3409 referat,
940 3367 967 3401 se
986 3360 1045 3403 ante
1064 3355 1196 3403 triennium
1214 3354 1275 3411 iere,
1297 3360 1430 3420 postquam
1444 3353 1492 3403 haut

140 3425 166 3473 in
187 3423 280 3488 angulo
299 3423 406 3487 quodam
425 3423 494 3487 regui
512 3421 630 3472 Poloniae
650 3425 818 3487 excogitasset
838 3422 960 3488 (intellige
972 3426 1053 3487 potine
1066 3427 1090 3473 in
1104 3424 1185 3474 insula
1196 3427 1267 3490 regui
1279 3424 1384 3475 Daniae
1396 3424 1493 3478 liuenti

141 3496 241 3561 quando
261 3508 326 3543 auno
346 3492 389 3542 81.
417 3495 441 3541 in
462 3494 597 3556 Septembri
622 3508 677 3542 cum
697 3494 760 3542 ιὀι.
781 3501 806 3543 et
824 3494 934 3544 Doctiss.
957 3497 1006 3544 riro
1026 3495 1059 3544 D.
1084 3495 1174 3545 Erico
1199 3495 1325 3561 Lange,
1353 3497 1433 3548 amico
1455 3504 1493 3544 rost

141 3567 270 3632 singulari,
291 3568 329 3615 cui
349 3571 408 3615 tnnc
428 3565 584 3624 inserviebat,
603 3565 642 3615 hic
662 3565 791 3620 adfuisset,
811 3566 878 3629 apud
890 3581 929 3615 me
945 3567 1010 3616 clem
1025 3574 1150 3631 exceptas,
1169 3574 1198 3616 ιιι
1210 3568 1336 3632 quaedam
1349 3569 1427 3619 etiam
1439 3559 1492 3623 elit).

140 3638 178 3689 lll.
193 3639 301 3701 Princlpi
314 3637 422 3686 Hassiae
441 3636 566 3693 obtulisse,
588 3644 664 3701 atque
683 3638 715 3685 ab
733 3637 808 3699 ipsius
828 3637 913 3686 Celsit.
935 3639 1030 3689 artifice
1048 3639 1140 3689 Justo
1154 3639 1271 3704 Byrgio
1289 3641 1317 3689 in
1337 3639 1493 3690 orichalcicult

141 3716 299 3761 automatum
318 3709 434 3758 redactas
453 3723 514 3757 esse.
553 3707 603 3758 Sed
623 3710 683 3757 setis
702 3709 782 3771 prodit
804 3709 894 3758 furtum
913 3724 984 3758 suurn
1007 3711 1055 3761 iste
1078 3713 1195 3775 impostor
1218 3724 1319 3776 unaque
1343 3710 1494 3778 ignorasse

140 3784 185 3838 rei,
206 3796 279 3845 quam
299 3781 418 3828 venditat.
452 3778 518 3828 Dum
538 3782 602 3828 enim
622 3781 705 3829 orbem
723 3778 812 3829 Martis
831 3781 942 3829 totaliter
961 3781 1072 3831 Solarem
1090 3783 1241 3832 ambientem
1260 3782 1382 3844 delineat,
1401 3784 1493 3833 imm

141 3853 231 3901 salsam
251 3852 375 3915 quendam
395 3851 605 3915 designationem,
625 3866 704 3915 qnae,
722 3853 806 3899 nescio
825 3866 874 3914 qua
892 3854 1000 3906 monna,
1020 3853 1061 3902 hic
1080 3856 1116 3903 ita
1135 3854 1234 3917 depicta
1252 3861 1320 3916 erat,
1343 3864 1420 3920 etque
1437 3846 1495 3903 otii

142 3933 263 3986 tauquam
281 3923 368 3985 inepta
386 3921 476 3970 alicubi
494 3924 560 3971 inter
578 3921 677 3972 chartas
696 3937 765 3971 meas
784 3927 903 3986 projecta,
924 3937 997 3988 qnam
1017 3927 1152 3974 etiamnum
1165 3926 1198 3974 ad
1210 3938 1299 3974 manus
1312 3927 1405 3987 habeo,
1425 3924 1494 3976 sodet

143 3995 242 4043 nomine
261 3994 412 4057 requisitam,
433 3998 461 4041 ut
480 4001 546 4041 certo
565 3994 590 4042 id
610 3995 690 4058 ipsum
709 4001 814 4057 pateret.
845 3994 954 4058 Cumque
973 3997 1058 4045 sitium
1076 3997 1150 4058 istud,
1171 3999 1195 4046 in
1211 3996 1342 4048 schemate
1355 3992 1494 4063 depingat

143 4064 297 4121 commisnm,
318 4064 451 4113 emendare
469 4065 614 4127 nequiverit,
633 4066 784 4114 sufficienter
797 4066 991 4132 intelligentibus
1003 4075 1089 4116 notum
1110 4069 1200 4126 reddit,
1219 4081 1247 4117 se
1266 4082 1324 4119 earn
1342 4071 1494 4119 incuteres

142 4151 191 4184 nou
211 4135 358 4200 intelligere,
379 4134 456 4183 multo
469 4136 549 4184 uriuus
562 4140 615 4197 eJus
629 4144 740 4186 autorem
758 4152 820 4190 esse.
839 4144 896 4186 utut
915 4139 954 4187 hic
974 4141 1135 4202 conquisitam
1153 4141 1199 4190 eibi
1217 4141 1377 4202 impudenter
1396 4146 1495 4205 ungu*

142 4214 169 4254 et
187 4205 223 4253 lll.
243 4205 351 4270 Principi
365 4206 544 4263 Wilhelmo,
563 4214 681 4272 tauquam
700 4210 822 4271 propriam
842 4211 1048 4274 excogitationem
1068 4210 1182 4261 dedicare
1199 4226 1250 4260 non
1269 4213 1406 4263 erubuerit.
1433 4207 1495 4262 Mulli

144 4279 245 4340 insuper
263 4277 314 4325 alia
331 4276 408 4326 habet
426 4279 450 4325 in
470 4279 518 4326 isto
536 4278 626 4337 libello,
647 4294 710 4342 quae
730 4280 788 4328 licet
801 4295 849 4329 non
864 4283 947 4330 omnia
959 4281 1016 4331 hinc
1030 4283 1166 4342 abstulerit,
1186 4289 1272 4333 tamen
1289 4286 1384 4347 partim
1403 4298 1421 4333 a
1435 4279 1494 4331 robis

144 4349 240 4414 partim
255 4349 286 4397 ab
306 4349 360 4396 allis
379 4348 561 4397 mathematicis
579 4352 604 4398 iu
625 4351 767 4405 Ganuenta,
788 4352 839 4400 eive
858 4352 930 4412 clam,
950 4354 1001 4402 sire
1018 4354 1102 4417 pelam
1122 4355 1246 4415 corrasit?
1259 4355 1324 4406 adeo
1342 4361 1372 4406 nt
1390 4357 1412 4406 si
1429 4354 1494 4405 aliu!

144 4422 291 4475 demantur,
310 4419 372 4468 nihil
390 4420 442 4468 iere
460 4427 550 4476 restet,
570 4422 635 4485 qnod
653 4437 723 4471 suum
743 4423 797 4470 erit.

217 4491 267 4542 Sed
285 4492 396 4540 lacessat
413 4491 461 4541 iste
480 4506 536 4542 cnm
554 4507 598 4541 sno
618 4494 713 4558 plagio,
738 4495 782 4542 tibi
802 4501 828 4543 et
847 4495 902 4543 aliis
921 4496 1035 4553 eruditis,
1060 4497 1126 4560 apud
1145 4511 1205 4561 quos
1224 4498 1359 4564 aliquando
1378 4499 1439 4559 init,
1455 4493 1493 4562 qd·

144 4564 178 4612 sit
195 4568 221 4612 et
240 4577 314 4627 quam
332 4563 463 4625 perfrictae
482 4564 567 4612 ironiis
587 4578 755 4630 arrogansque
773 4573 894 4631 nugator,
914 4569 974 4616 satis
993 4575 1144 4631 perspectus.

217 4633 289 4693 Quae
308 4633 339 4683 de
358 4633 511 4683 Duucano
530 4635 615 4698 Tycho
635 4635 707 4685 affert
726 4634 796 4703 (pag.
817 4635 897 4699 224),
916 4637 955 4688 his
974 4640 1122 4689 illustranda
1139 4647 1206 4690 snut.

215 4704 386 4754 Dunoanus
405 4704 572 4755 Liddelius
585 4707 768 4757 Aberdoueusis
782 4708 879 4768 Scotus,
898 4711 1082 4760 mathematicis
1101 4712 1199 4776 quidem
1218 4718 1244 4762 et
1262 4715 1435 4766 astronomicis
1451 4723 1494 4776 opt·

143 4780 197 4825 ram
216 4776 300 4833 dedit,
326 4789 405 4840 eaque
423 4778 509 4826 docuit
527 4777 653 4827 Rostoohii
673 4787 699 4828 et
717 4779 881 4837 Helmstadii,
905 4784 1038 4846 praecipue
1058 4791 1142 4833 antem
1161 4784 1237 4834 coluit
1254 4786 1423 4850 medicinam,
1446 4776 1495 4851 qud

142 4854 251 4898 testatur
277 4861 337 4912 opos
365 4851 418 4911 ejus
438 4849 674 4909 ,latro-Galeuica“
700 4849 752 4912 (ed.
777 4847 867 4913 1621).
905 4854 1014 4904 Auctore
1033 4852 1169 4906 Caselio
1195 4853 1270 4920 (prot.
1288 4854 1496 4926 philosqrblss*
