3278 5542
139 314 203 383 302
562 314 784 381 nemiuem
801 252 1072 380 mmmmm

139 477 300 536 commodam,
319 481 348 523 ut
365 476 434 524 initio
451 474 538 525 harum
557 474 682 525 literarum
701 474 809 529 memini,
830 473 955 539 obtigisse.
993 472 1086 537 Scripsi
1105 473 1137 525 ad
1155 474 1298 539 Principem
1315 488 1382 540 quas
1397 480 1427 525 tu
1440 490 1485 525 ms·

138 549 213 597 uuisti
231 554 257 597 et
274 560 337 612 quae
356 561 402 612 ego
421 548 518 596 omuino
536 546 668 596 scribenda
684 545 750 595 duri.
788 544 891 597 Summa
916 550 984 595 erat:
1014 545 1116 611 globum
1139 547 1222 596 miuus
1244 549 1342 609 iustum
1364 560 1411 597 use
1433 548 1486 597 esta

139 619 279 674 artificiose,
298 618 339 681 qui
358 618 437 666 futuro
456 618 523 680 operi
541 618 689 680 respondere
703 617 787 679 pessit,
808 616 947 665 coniectum
961 630 1024 665 esse.
1062 614 1194 667 Stellarum
1213 623 1241 667 et
1252 618 1392 685 imaginum
1403 616 1485 683 figures

138 706 186 739 nou
205 690 268 739 beue
286 703 313 737 se
332 687 437 745 habere;
456 689 522 738 uude
540 691 678 753 quicunque
695 689 799 752 primum
819 687 973 750 adspexerit,
993 687 1083 737 nullius
1101 689 1221 739 momenti
1239 694 1322 739 totum
1340 702 1402 753 opus
1419 690 1485 739 assd-

139 762 225 813 msbit.
245 759 352 810 offensus
370 760 495 822 reprimo
514 761 613 815 iutuitu,
633 773 664 808 ex
682 762 753 821 cujus
766 759 921 822 apparitione
939 758 970 807 de
983 760 1073 809 ceteris
1090 759 1137 823 ipsi
1154 759 1200 809 det
1214 759 1346 823 iudicium.
1383 757 1411 809 81
1427 760 1486 809 ι.1ι

138 832 249 895 parergis
267 845 317 879 nou
335 830 407 879 modo
425 830 496 880 uuila
513 831 651 896 elegantia,
671 831 716 880 sed
733 831 848 895 iugeutss
866 832 938 880 uaeri
957 832 1020 885 siut,
1046 829 1104 894 quid
1123 829 1154 881 ds
1172 832 1226 895 ipso
1243 823 1323 897 ipre
1340 830 1486 882 sandradi·

138 900 253 967 putabiti
272 899 318 952 ec.
354 901 445 951 Addidi
464 910 556 959 autem,
575 908 609 962 te,
628 903 649 950 si
666 902 711 951 tibi
724 903 797 963 copia
814 900 892 957 lieret,
912 915 961 950 nou
979 900 1052 950 modo
1069 903 1197 965 promissa,
1216 902 1262 953 sed
1278 902 1409 967 premissis
1424 901 1485 965 plura

139 980 267 1038 praestare
284 972 347 1022 velie
365 974 522 1036 promisisse,
540 987 604 1036 quae
623 979 708 1022 tamen
733 973 822 1022 absens
841 986 890 1021 uou
908 972 987 1036 possis
1005 970 1050 1023 dtc.
1087 971 1131 1022 lle
1149 988 1207 1039 ergo
1227 973 1294 1024 Cela.
1314 974 1392 1037 ipsius
1409 972 1483 1023 hund

137 1045 194 1094 lime
212 1045 381 1101 committere,
410 1051 491 1093 utrum
516 1044 549 1093 ad
566 1044 744 1108 perficiendum
770 1042 795 1091 id
813 1057 873 1106 opus
893 1058 941 1092 uou
960 1043 1095 1093 consultius
1110 1044 1219 1106 judicet,
1247 1052 1278 1094 ut
1295 1059 1371 1095 omns
1393 1044 1420 1093 id
1436 1050 1484 1095 ssa

138 1117 258 1179 potestati
278 1115 441 1165 concredatur
459 1113 504 1163 do.
525 1142 558 1152 -
578 1114 676 1164 Literas
695 1121 751 1163 tuas
769 1113 937 1163 lubentissime
960 1116 1094 1173 misissem,
1123 1115 1169 1166 sed
1191 1123 1221 1165 ut
1242 1115 1363 1179 superiori
1388 1120 1483 1179 umpore

138 1188 238 1249 scripsi,
261 1186 401 1250 personalia
419 1185 463 1235 illa
479 1201 519 1235 me
538 1185 714 1249 impedierunt,
744 1200 791 1235 uso
809 1184 906 1248 quidem
925 1185 969 1235 illa
986 1191 1039 1235 tam
1057 1185 1146 1244 isoile,
1168 1193 1198 1236 ut
1214 1200 1282 1237 unna
1301 1187 1355 1245 ais,
1373 1185 1482 1236 otaeru

139 1260 292 1321 potuisseutr
321 1256 393 1320 plura
411 1273 435 1306 n.
455 1264 514 1306 suut
537 1264 562 1306 et
580 1257 637 1306 hinc
655 1257 712 1305 iude
731 1256 849 1320 dispersa.
886 1255 937 1306 Sed
962 1271 1000 1306 res
1023 1256 1087 1306 bens
1111 1256 1196 1308 habet.
1233 1256 1291 1308 llos
1309 1272 1335 1307 n.
1355 1270 1481 1322 respuam

138 1334 194 1391 post
212 1328 293 1392 plures
310 1327 479 1378 hebdomadas
497 1328 591 1392 accepi,
609 1328 675 1393 quod
694 1326 726 1377 ad
744 1328 844 1377 verbum
863 1327 1002 1378 describere
1020 1327 1093 1377 volui.

234 1450 308 1501 Von
339 1452 463 1500 Gottes
495 1451 639 1501 (inadeu
671 1450 873 1500 Friederich
903 1450 1040 1516 Herzog
1071 1456 1112 1500 ru·
1138 1450 1396 1523 Wdtrtemberg.

370 1521 497 1572 Vusern
519 1523 597 1572 Grus
617 1536 712 1571 suror
730 1522 878 1572 Erramer
896 1521 954 1570 sud
973 1521 1082 1572 lieber
1100 1521 1272 1572 Getrever.

207 1611 260 1661 wir
283 1612 365 1661 habui
391 1625 472 1661 swern
502 1610 696 1676 ruderthbuigeu
724 1610 826 1662 Dericht
850 1624 937 1675 vegeu
963 1610 1007 1660 des
1031 1625 1078 1660 rou
1101 1610 1137 1661 ir.
1163 1611 1188 1662 J.
1210 1610 1338 1676 Knpplsro
1361 1611 1476 1675 prom

136 1682 319 1733 Mathematum
346 1697 377 1731 ru
403 1682 494 1732 Graets
522 1683 701 1747 angegebueu,
733 1682 793 1732 aber
817 1697 871 1731 rom
895 1681 1069 1732 Geldschmied
1096 1683 1134 1732 uit
1157 1685 1211 1746 inst
1234 1682 1395 1749 rerisrdgteu
1416 1682 1476 1746 oper's

137 1755 313 1812 Astrouomici,
342 1753 403 1803 alles
421 1752 513 1802 iuhalts
531 1754 579 1803 rud
597 1753 736 1803 soudsrlich
755 1753 846 1803 daraus
864 1753 958 1818 gntdig
976 1767 1142 1808 remommeu.
1170 1767 1222 1803 was
1241 1753 1307 1805 euch
1324 1750 1474 1818 besagierl

138 1824 248 1889 Keppler
271 1825 334 1875 ebeu
353 1824 390 1874 dis
408 1824 502 1874 rercks
519 1824 610 1874 halben
628 1824 677 1873 rud
695 1826 741 1873 irie
761 1824 794 1874 Er
812 1825 858 1874 das
875 1824 1023 1889 seriertigeu
1035 1823 1328 1890 vdlleungeschriebeu.
1364 1822 1422 1873 Vnd
1435 1822 1475 1874 rei

137 1898 181 1945 vir
198 1910 243 1944 rus
268 1896 331 1946 uocb
350 1897 388 1945 uit
406 1895 539 1960 allerdiugs
559 1910 603 1945 aur
623 1895 719 1945 soichsr
736 1897 789 1944 sein
807 1895 927 1959 Keppleri
945 1896 1063 1961 meinung
1082 1896 1249 1947 rnterrichteu
1268 1896 1379 1947 hduusu.
1398 1896 1429 1944 ist
1442 1910 1473 1945 ru

136 1982 176 2017 ser
194 1967 316 2032 guadiger
333 1966 458 2024 Derelch,
487 1967 511 2015 ir
528 1966 611 2016 sotlec
630 1966 681 2016 lme
705 1967 808 2017 darumb
836 1966 996 2016 suschreibeu
1024 1967 1072 2016 rud
1094 1968 1169 2017 eiusu
1192 1966 1376 2031 specificierten
1393 1965 1475 2016 Deris!

136 2038 256 2103 bogenan,
285 2052 336 2087 was
354 2038 402 2087 rud
420 2040 467 2087 rrie
485 2038 519 2087 Er
542 2039 579 2087 dis
597 2037 673 2087 Werk
696 2038 765 2087 recht
792 2036 952 2088 aururichteu
972 2037 1122 2095 rorhabens,
1150 2039 1216 2089 auch
1233 2038 1329 2089 welche
1347 2036 1475 2087 mcuusrrl

135 2111 182 2159 vis
201 2124 227 2160 er
245 2109 352 2159 diesslbe
370 2110 455 2159 durein
473 2110 578 2174 bringeu
595 2108 673 2158 velle.
711 2109 824 2159 Alsdauu
842 2108 973 2175 gedeukeu
992 2109 1035 2157 vir
1052 2124 1097 2158 vus
1116 2109 1197 2161 leruer
1215 2124 1247 2159 su
1263 2110 1418 2161 resulrisrsu.

242 2180 338 2230 Datum
357 2179 471 2245 Stutgart
489 2180 512 2229 d.
534 2176 575 2228 19.
595 2180 694 2243 Aprilis.
1050 2179 1157 2231 Baltb.
1184 2180 1388 2246 Eiseugreiu.

207 2285 244 2336 Ex
262 2285 309 2334 hoc
327 2285 446 2335 mandato
465 2281 549 2348 (cuius
567 2286 642 2334 rerba
660 2300 716 2334 cum
735 2285 881 2347 scripserim.
901 2298 1001 2335 sensum
1018 2291 1072 2334 tute
1090 2287 1217 2350 percipere
1235 2286 1319 2351 potes)
1340 2286 1423 2344 rides,
1438 2299 1477 2335 rem

138 2357 218 2406 denuo
237 2358 262 2405 iu
281 2358 405 2421 integrum
423 2363 502 2406 tetam
525 2358 665 2406 restitutam
689 2369 752 2405 esse.
791 2354 954 2405 Occasionem
978 2370 1036 2421 ergo
1060 2356 1137 2406 hahes
1159 2358 1238 2407 talam
1260 2358 1294 2408 ab
1318 2359 1390 2408 initio
1414 2357 1477 2408 denar

137 2429 219 2477 ordiri.
255 2425 333 2477 Vides
351 2435 444 2477 metum
463 2428 493 2477 de
512 2428 632 2477 sumtibus
650 2442 695 2476 uos
714 2427 861 2484 declinasse,
882 2435 907 2477 et
926 2442 978 2477 reru
996 2442 1093 2477 omnem
1113 2427 1176 2478 beue
1189 2429 1292 2480 habere.
1329 2429 1411 2479 'lirum
1425 2440 1478 2479 unt

137 2507 184 2556 est,
203 2498 286 2547 uthis
304 2500 412 2548 monitus
429 2505 499 2548 tuam
518 2513 616 2548 omnem
633 2500 792 2555 seutentiam,
810 2507 920 2548 mentem
939 2504 966 2547 et
983 2499 1092 2548 animum
1110 2499 1143 2549 de
1160 2501 1271 2557 lureuto,
1290 2500 1323 2551 de
1336 2500 1479 2565 meatim·

137 2572 239 2629 orbium,
258 2569 289 2620 de
308 2570 414 2619 motibus
433 2577 458 2620 et
476 2571 586 2633 inprimis
605 2570 636 2619 de
648 2570 720 2618 modo
732 2570 883 2632 perficiendi,
901 2569 996 2619 indices
1015 2576 1041 2619 et
1054 2570 1174 2621 declares
1211 2571 1267 2621 nos
1284 2586 1364 2622 uuum
1381 2586 1443 2637 rogo,
1456 2574 1480 2619 1

136 2641 265 2705 perspicus
283 2641 308 2690 id
325 2655 456 2705 proponas,
475 2655 534 2690 uam
556 2656 611 2706 ego,
631 2649 660 2690 ut
678 2642 786 2705 ingenue
808 2642 898 2696 fatear,
916 2656 947 2690 ex
966 2640 1075 2703 epistolis
1093 2643 1143 2690 tuis
1160 2648 1230 2692 tuam
1242 2649 1354 2693 mentem
1371 2643 1479 2693 suilisisu·

138 2722 177 2762 ter
197 2713 294 2775 assequi
313 2728 362 2762 uon
380 2727 488 2776 pessum,
507 2712 594 2776 quibus
612 2713 725 2761 nimirum
744 2711 822 2760 modis
841 2712 940 2762 efficere
957 2712 1002 2762 tibi
1015 2712 1165 2776 propositum
1183 2715 1216 2762 sit
1261 2712 1357 2768 Verum
1374 2714 1418 2764 illa
1431 2720 1478 2762 uss

138 2783 283 2847 prudentias
302 2785 435 2841 committo,
455 2798 505 2833 uou
518 2784 642 2839 dubitans,
662 2784 719 2848 quin
739 2785 822 2831 emnia
840 2785 931 2846 optime
951 2783 1134 2847 praemeditata
1149 2785 1195 2833 tibi
1214 2786 1272 2834 siut.

209 2853 267 2904 Jsm
286 2854 435 2905 biaestliuus
453 2854 485 2904 ad
504 2855 699 2904 observationem
719 2856 977 2919 computationemque
990 2855 1109 2918 eclipseos
1125 2852 1156 2915 Θ
1176 2852 1280 2916 (Marde
1294 2852 1379 2917 1999)
1397 2853 1480 2907 nult

139 2925 171 2977 ad
183 2923 298 2990 Opticam
311 2926 519 2976 tolerandum-
532 2926 588 2976 Hae
600 2924 727 2975 Maestiini
740 2925 826 2974 literae
845 2925 936 2974 desunt
946 2927 973 2974 iu
986 2926 1107 2975 Hauschii
1120 2926 1265 2977 collectione
1277 2923 1373 2992 (comp.
1386 2940 1410 2991 p.
1419 2920 1479 2983 219),

138 3011 229 3061 easque
249 2997 390 3047 Hauschius
408 2999 462 3046 siue
481 2997 554 3047 dubio
574 2997 726 3062 negligentia
743 2997 895 3059 praeterivit,
915 3011 971 3046 cum
991 2998 1023 3046 ab
1041 2996 1099 3046 aliis
1118 2996 1153 3046 M.
1172 2998 1250 3048 literis
1268 3005 1404 3063 separatae
1419 2996 1481 3047 indus

138 3068 213 3118 Mssc.
233 3067 331 3132 Petrop.
354 3067 410 3117 Vol.
430 3068 492 3125 XV,
520 3069 584 3132 quod
611 3067 686 3116 reiert
713 3068 838 3131 eclipsium
864 3068 1055 3117 observationes.
1091 3066 1254 3119 Posteriorem
1276 3082 1365 3119 esrum
1391 3074 1479 3134 purten.

139 3154 202 3204 quae
220 3141 320 3202 respicit
337 3140 479 3189 machinam
497 3139 600 3203 Kepleri
623 3139 768 3193 coelestem,
795 3152 943 3203 quamquam
968 3141 1060 3190 rectius
1083 3139 1117 3189 ad
1134 3153 1192 3206 pag.
1212 3137 1247 3188 89
1269 3139 1344 3202 huius
1368 3138 1480 3190 nisurus

138 3211 277 3274 pertineat,
302 3211 466 3274 supplementi
489 3210 543 3260 loco
565 3210 605 3260 hic
628 3211 784 3259 inserendam
804 3211 958 3269 censuimus,
984 3210 1048 3261 haec
1066 3211 1168 3275 iusuper
1190 3217 1336 3272 mouentes,
1366 3225 1414 3271 ea,
1429 3220 1480 3274 pust

138 3280 286 3330 Maestliuus
305 3282 405 3332 exhibet
430 3281 460 3332 de
478 3283 568 3346 scripto
587 3296 631 3331 suo
650 3280 683 3331 ad
701 3280 797 3331 Ducem
817 3280 982 3331 l'nedericum
1007 3281 1066 3332 dato
1091 3283 1215 3346 pertinere
1234 3282 1267 3333 ad
1285 3296 1346 3351 pag²
1366 3280 1402 3330 77
1421 3293 1479 3347 prae·

137 3353 246 3402 missam.

209 3423 302 3473 Eodem
321 3422 381 3472 Mss.
401 3423 457 3472 Vol.
476 3421 529 3472 XV.
555 3423 624 3472 simul
650 3436 707 3471 cum
723 3423 861 3485 praemissa
879 3421 955 3471 aliam
979 3422 1183 3487 deprehendimus
1201 3422 1330 3473 Maestliul
1358 3420 1478 3486 epistelam,

139 3497 163 3546 d.
183 3494 207 3544 (1.
227 3491 251 3543 9.
273 3491 314 3544 19.
329 3490 488 3554 Oct‘liiOO,
513 3496 573 3544 item
597 3496 629 3544 ab
650 3493 777 3543 Hauschio
802 3495 930 3547 omissam,
958 3508 1032 3556 quam
1051 3494 1153 3544 diximus
1172 3507 1247 3558 supra
1269 3491 1307 3558 (p.
1329 3491 1379 3556 ab)
1401 3493 1479 3543 deus

139 3566 229 3628 Quam,
248 3581 323 3631 quum
340 3566 449 3616 maxima
467 3581 497 3615 ex
515 3574 585 3630 perte
603 3567 687 3629 optica
704 3571 808 3620 tracm.
828 3564 860 3613 ad
879 3563 935 3613 Vol.
954 3564 989 3614 11.
1008 3565 1182 3615 reservandam
1200 3567 1352 3616 censuimus.

210 3638 249 3686 Ad
268 3636 370 3701 Kepleri
389 3637 472 3687 literas
496 3638 519 3687 d.
540 3638 563 3687 d.
585 3635 626 3685 11.
646 3636 704 3685 lun.
723 3635 871 3685 Maestliuus
897 3636 1024 3698 respoudit
1049 3637 1072 3686 d.
1093 3635 1118 3685 i.
1139 3633 1180 3686 14.
1193 3636 1252 3686 Julii
1273 3632 1353 3687 1599.
1390 3636 1425 3686 Ex
1442 3634 1480 3685 iss

139 3710 299 3774 responsione
316 3708 379 3758 haec
398 3714 496 3758 tanturn
513 3708 562 3759 huc
580 3710 721 3772 pertinent:
750 3705 926 3756 calamitatem
944 3707 1106 3757 domesticam
1129 3714 1155 3757 te
1178 3707 1285 3757 endem
1303 3722 1379 3774 quam
1396 3722 1432 3757 ms
1447 3718 1479 3755 ru·

141 3788 238 3844 perium
258 3795 287 3830 ex
307 3781 389 3829 animo
408 3781 535 3831 condoleo.
571 3774 626 3830 Ah!
658 3777 739 3839 Quam
758 3779 873 3826 miseram
892 3778 982 3829 ducere
1001 3785 1098 3843 oportet
1114 3778 1206 3828 vitam!
1243 3777 1340 3840 Quibus
1359 3794 1405 3829 nos
1420 3779 1480 3828 ssu·

140 3852 236 3901 ridetur
255 3858 360 3909 ustura,
388 3865 419 3901 ea
436 3852 517 3901 denuo
536 3851 619 3915 eripit!
658 3849 726 3909 Quas
745 3849 883 3913 singulares
902 3863 920 3898 a
936 3849 992 3900 Deo
1011 3850 1194 3901 benedictiones
1213 3864 1258 3900 uos
1278 3852 1406 3915 aucupius
1420 3854 1479 3915 pals·

140 3938 208 3980 mus,
238 3936 281 3971 eas
299 3924 352 3986 ipse
370 3938 487 3988 perquam
509 3936 585 3984 saepe
604 3923 642 3971 riu
660 3927 810 3970 monstratus
829 3934 911 3970 rursus
931 3922 1030 3971 adimit!
1068 3920 1117 3972 Sed
1136 3935 1252 3972 resecare
1270 3936 1312 3972 ms
1329 3935 1431 3975 uem
1443 3918 1479 3969 ba·

139 3993 185 4042 beo
204 3999 230 4043 et
248 3993 342 4043 dicere:
372 3994 493 4043 Dominus
512 3993 593 4049 dedit,
622 3993 743 4041 Dominus
768 3991 882 4049 abstulit,
907 3994 941 4040 sit
962 4008 1052 4043 nomen
1071 3992 1173 4042 Domini
1198 3992 1366 4043 benedictum.
1403 3989 1477 4044 uas

139 4071 237 4114 menter
253 4064 285 4112 ab
303 4065 359 4113 allis
378 4065 561 4114 calamitatibus
580 4079 624 4113 uos
642 4070 764 4128 protegat.
803 4064 891 4112 Amen.

210 4135 267 4184 Hac
292 4135 390 4199 quidem
416 4136 520 4199 epistola
546 4136 694 4199 astrologica
718 4150 768 4183 uon
795 4136 890 4199 tangit,
917 4140 1006 4198 postea
1030 4149 1086 4184 vero
1104 4133 1266 4195 Maestliuus,
1293 4136 1405 4201 quamvls
1426 4127 1478 4185 hd

142 4206 256 4256 addictus
275 4206 438 4271 astrologiae,
463 4212 551 4257 ustam
568 4206 676 4270 Keplero
700 4207 831 4256 renunciat
853 4206 954 4255 filiolam
978 4203 1064 4267 (lunio
1082 4220 1168 4256 meuse
1190 4203 1269 4267 1999)
1300 4210 1390 4271 ,eninr
1405 4206 1478 4271 μὶ·

139 4279 166 4326 1ιι
185 4278 250 4327 huuc
270 4277 387 4327 muudum
410 4286 526 4341 aspectus
551 4278 616 4327 huuc
636 4276 712 4335 coeli,
735 4279 833 4326 ndnam
855 4276 953 4326 ielicem
971 4284 997 4326 et
1016 4291 1033 4326 a
1051 4276 1107 4327 Deo
1125 4278 1299 4335 benedictum,
1326 4280 1429 4343 pediam
1442 4272 1477 4322 br

139 4348 219 4398 buit.“
257 4348 360 4405 Thema,
379 4350 443 4412 quod
460 4349 499 4398 his
517 4351 605 4407 innuit,
625 4349 704 4403 deest,
722 4348 767 4398 sed
785 4348 883 4413 qualem
902 4363 916 4398 e
935 4350 1027 4398 nuntiis
1040 4347 1168 4398 Maestliul
1181 4350 1342 4400 nativitatem
1354 4356 1477 4400 m

139 4422 171 4470 rit
191 4420 337 4486 astrologus,
354 4423 407 4482 jam
426 4420 477 4470 alia
496 4422 572 4470 etiam
590 4421 763 4483 superstitione
782 4426 883 4482 captus,
903 4434 958 4470 cum
976 4421 1056 4484 ipsum
1074 4426 1127 4470 tum
1145 4421 1261 4484 temporis
1280 4422 1411 4472 turbarent
1424 4414 1477 4468 dr

140 4493 241 4543 mitates
258 4494 371 4557 priratae
388 4492 557 4557 publicaeque,
579 4506 609 4542 eu
626 4491 665 4540 his
683 4491 785 4555 Kepleri
805 4497 910 4555 apparet
927 4492 1012 4548 literis,
1031 4491 1056 4541 d.
1075 4491 1099 4542 d
1120 4488 1162 4541 29.
1182 4493 1248 4559 Aug.
1272 4490 1356 4543 iiii:

759 4633 792 4695 S.
839 4634 874 4696 P.

229 4740 305 4801 Mihi
337 4759 471 4821 quoque,
495 4741 680 4819 Praeceptor
710 4740 899 4816 charissime,
937 4750 1098 4821 postquam
1130 4742 1236 4803 eadem
1269 4750 1372 4807 tecum
1396 4733 1481 4805 sudi

140 4829 298 4913 proposuit
320 4829 447 4906 Uranie,
481 4830 587 4892 eadem
609 4837 747 4910 tempora
769 4831 993 4912 puerperiorum
1016 4832 1345 4919 determinem-'etque
1367 4851 1407 4895 ue
1423 4828 1482 4892 eliu
