3278 5542
731 371 814 437 Caput
830 373 877 421 le>
1407 375 1469 441 113

118 531 278 609 espondeo
302 531 437 611 primum,
463 530 603 610 antiquas
623 529 807 611 hypotheses
820 529 1046 609 praecipuorum
1067 532 1182 611 aliquot
1204 534 1336 613 capitum
1356 536 1470 599 nullam

118 618 198 679 »lane
223 619 372 682 rationem
396 620 532 681 reddere.
581 616 758 699 Cujusmodi
783 627 840 691 est,
866 620 943 699 quod
968 619 1108 698 ignorant
1132 622 1256 691 numeri,
1281 624 1469 702 quantitatis,

118 707 315 788 emporisque
342 707 634 789 retrogradationum
663 726 790 769 causas:
826 715 857 767 et
886 726 977 787 quare
1007 708 1076 769 illae
1105 710 1143 770 ad
1168 711 1311 772 amussim
1335 712 1380 774 ita
1403 733 1470 775 eum

118 813 174 858 oco
202 805 236 859 et
258 807 339 859 motu
363 797 446 860 Solis
474 796 573 858 medio
601 796 791 858 conveniant.
808 798 834 870 ο)
881 794 997 867 Quibus
1030 797 1167 859 omnibns
1199 798 1228 860 in
1262 801 1369 876 rebus,
1404 821 1470 864 curn

118 887 187 965 rpnd
213 884 414 966 Copernicum
436 887 509 948 ordo
531 884 750 967 pulcherrimos
774 893 935 964 appareat,
961 905 1089 969 causam
1108 887 1200 948 etiam
1223 888 1322 950 inesse
1346 909 1470 953 necesse

118 984 165 1037 at
199 974 318 1037 Deinde
342 995 445 1038 earum
459 975 552 1037 etiam
567 973 787 1058 hypothesium,
813 993 888 1054 quae
913 982 1104 1039 constantem
1127 977 1373 1056 apparentiarum
1396 999 1470 1041 cau-

118 1083 174 1125 am
199 1065 339 1139 reddunt,
364 1073 485 1127 etcum
509 1065 575 1126 visu
599 1064 799 1137 consentiunt,
824 1063 897 1126 nihil
920 1073 1015 1145 negat
1029 1063 1222 1144 Copemicus,
1247 1067 1348 1145 potius
1372 1067 1473 1131 omnia

118 1151 202 1214 sumit
225 1163 258 1215 et
281 1153 424 1233 explicat.
458 1154 538 1217 Nam
562 1154 641 1233 quod
665 1153 760 1214 multa
782 1151 812 1214 in
837 1153 1052 1236 hypothesibus
1076 1153 1198 1216 usitatis
1221 1154 1398 1217 immutasse
1422 1157 1470 1217 vi-

118 1241 206 1315 tetur,
231 1241 263 1303 id
286 1263 393 1305 revera
415 1262 473 1305 non
498 1244 543 1305 ita
566 1261 599 1303 se
624 1242 725 1303 habet.
764 1241 843 1303 Fieri
867 1262 994 1323 namque
1017 1252 1129 1322 potest,
1155 1252 1188 1304 ut
1210 1243 1290 1305 idern
1314 1245 1472 1325 contingat

118 1330 225 1392 luobus
241 1332 340 1411 specie
357 1332 563 1395 differentibus
577 1330 827 1411 praesuppositis,
852 1339 1015 1410 propterea
1030 1333 1107 1412 quod
1128 1332 1182 1393 illa
1205 1332 1262 1393 duo
1287 1334 1341 1396 sub
1366 1335 1471 1410 eodem

118 1438 220 1500 genere
249 1429 333 1498 sunt,
363 1421 448 1501 cujus
477 1421 578 1501 gratia
601 1420 719 1501 generis
747 1419 844 1499 primo
872 1420 902 1481 id
931 1421 1092 1501 contingit,
1122 1422 1158 1482 de
1183 1440 1240 1501 quo
1265 1422 1372 1500 agitur.
1420 1422 1472 1486 Sic

118 1508 305 1571 ?tolemaeus
328 1511 486 1572 stellarum
509 1519 593 1573 ortus
617 1519 650 1571 et
671 1508 771 1571 obitus
796 1509 1027 1584 demonstravit,
1060 1529 1117 1571 non
1141 1511 1198 1571 hoc
1222 1511 1319 1574 medio
1342 1513 1473 1574 termino

118 1597 246 1659 uroximo
271 1606 303 1659 et
326 1593 503 1679 coaequato,
529 1599 598 1679 qnia
621 1599 716 1659 Terra
739 1598 780 1660 eit
804 1597 832 1659 in
857 1598 954 1660 medio
978 1599 1147 1662 immobilis.
1190 1599 1295 1679 Neque
1321 1599 1471 1681 Coperni-

118 1706 160 1748 :us
184 1686 266 1748 idem
289 1687 346 1749 boc
368 1688 466 1749 medio
491 1690 689 1761 demonstrat,
715 1687 784 1767 quia
799 1688 894 1748 Terra
910 1708 929 1747 a
943 1689 1041 1750 medio
1061 1688 1178 1750 distans
1203 1690 1349 1752 volvatur.
1383 1690 1470 1753 Utri-

118 1794 164 1854 1ue
191 1776 272 1837 enim
295 1778 413 1839 suffecit
436 1777 534 1839 dicere
559 1778 653 1857 (quod
677 1783 708 1838 et
737 1785 861 1856 uterque
890 1776 980 1850 dixit)
1013 1778 1080 1838 ideo
1109 1778 1183 1838 haec
1210 1778 1256 1838 ita
1287 1778 1369 1852 fieri,
1404 1779 1473 1859 quia
1537 1855 1540 1858 ἦ

119 1871 188 1925 nter
213 1865 330 1926 coelum
354 1875 387 1929 et
408 1866 533 1929 Terram
556 1866 726 1929 intercedat
749 1865 850 1945 aliqua
876 1875 1009 1927 motuum
1038 1867 1206 1947 separatio,
1236 1876 1268 1929 et
1297 1867 1366 1947 quia
1389 1867 1472 1929 nulla

120 1963 188 2017 nter
211 1955 289 2016 fixas
312 1956 462 2018 sentiatur
484 1955 614 2018 Telluris
638 1975 658 2016 a
680 1953 778 2017 medio
802 1954 957 2016 distantia
995 1957 1091 2035 Igitur
1114 1956 1308 2018 Ptolemaeus
1332 1975 1390 2018 nou
1415 1956 1470 2018 de-

118 2043 293 2107 mansuevit
317 2045 395 2107 falso
412 2055 445 2107 et
457 2044 660 2107 accidentario
676 2043 782 2119 medio,
809 2043 833 2104 si
858 2063 934 2124 quae
958 2045 1178 2107 demonstravit
1201 2066 1370 2123 carropera.
1406 2045 1472 2107 Hoc

118 2140 231 2194 tantum
243 2132 275 2194 in
290 2134 390 2214 legem
403 2133 463 2198 κατ’
479 2133 553 2197 αὐτο
566 2133 715 2214 peccavit,
741 2134 819 2214 quod
834 2132 1028 2209 existimavit,
1054 2135 1129 2196 haec
1143 2134 1187 2195 ita
1200 2144 1325 2214 propter
1340 2134 1472 2214 speciem

118 2221 241 2296 euenire,
267 2240 343 2302 quae
357 2231 483 2304 propter
500 2243 595 2304 genus
614 2222 763 2285 eveniunt.
797 2223 885 2285 Unde
900 2231 1037 2303 apparet,
1059 2243 1096 2285 ex
1115 2242 1159 2298 eo,
1186 2224 1264 2303 quod
1277 2223 1472 2287 Ptolemaeus

119 2327 152 2370 ex
171 2311 252 2372 salsa
276 2312 378 2374 muudi
402 2313 598 2393 dispositione
621 2331 695 2374 vera
718 2321 819 2374 tamen
850 2321 882 2372 et
910 2314 993 2373 coelo
1025 2313 1196 2392 nostrisque
1223 2313 1317 2375 oculis
1341 2329 1473 2374 consona

122 2397 343 2474 demonstravit,
358 2421 396 2462 ex
412 2422 456 2477 eo,
472 2403 602 2482 inquam,
616 2403 728 2465 nullam
743 2421 810 2463 esse
826 2419 957 2476 causam,
975 2402 1069 2464 simile
1085 2402 1154 2482 quid
1170 2402 1261 2464 etiam
1277 2402 1313 2464 de
1323 2400 1471 2483 Coperni-
1540 2428 1551 2440 ·

125 2487 196 2549 canis
220 2488 439 2573 hypothesibus
463 2490 645 2570 suspicandi.
693 2489 772 2561 Quin
796 2490 897 2571 potius
920 2500 1033 2577 manet,
1057 2491 1135 2572 quod
1159 2491 1243 2553 initio
1268 2492 1380 2553 dictum
1404 2498 1470 2552 est:

128 2593 171 2636 non
194 2596 285 2656 posse
301 2580 463 2642 salsaesse
479 2578 639 2660 Copernici
653 2579 808 2659 principia,
834 2599 872 2641 ex
896 2579 1002 2660 quibus
1026 2590 1089 2642 tam
1114 2589 1255 2641 constans
1279 2580 1473 2659 plurimorum

131 2683 298 2743 edocemur
320 2669 417 2743 ratio,
446 2669 552 2749 ignota
574 2669 746 2743 veteribus,
776 2668 938 2743 reddatur,
968 2678 1115 2749 quatenus
1141 2689 1178 2730 ex
1201 2669 1261 2730 illis
1285 2669 1429 2731 redditur.
1445 2667 1473 2743 ιι)

132 2749 203 2817 Vidit
224 2756 280 2818 hoc
305 2757 496 2820 felicissimus
519 2758 569 2819 ille
585 2758 687 2839 Tycho
701 2758 812 2833 Brahe,
837 2767 1027 2819 astronomus
1047 2759 1125 2819 ornni
1141 2758 1342 2819 celebratione
1366 2758 1471 2836 major,

135 2841 169 2918 qui
189 2846 324 2924 quamvis
348 2846 468 2909 omnino
492 2848 528 2908 de
553 2848 619 2909 loco
643 2847 755 2917 Terrae
779 2868 798 2908 a
822 2845 989 2927 Copernico
1019 2847 1212 2921 dissentiret,
1246 2856 1346 2908 tamen
1376 2866 1414 2906 ex
1438 2865 1472 2906 eo

136 2931 238 2996 retinuit
261 2935 300 3011 id,
327 2936 412 3015 cujus
435 2936 535 3016 gratia
553 2956 652 2998 rerum
667 2936 812 2997 hactenns
826 2936 1044 3016 incognitarum
1060 2957 1166 2998 causas
1181 2937 1344 2998 habemus:
1370 2934 1473 2996 Solem

138 3034 221 3100 uenpe
244 3043 314 3087 esse
329 3035 464 3086 centrum
479 3026 608 3106 quinque
623 3026 821 3104 planetarum.
856 3027 935 3087 Nam
960 3032 991 3087 et
1014 3026 1069 3087 hoc
1094 3025 1250 3104 angustius
1274 3033 1323 3086 est
1345 3023 1473 3085 medium

138 3106 430 3176 nddenronstrandas
453 3114 685 3194 repedationes:
716 3137 751 3175 so
775 3114 829 3176 Sol
853 3114 882 3175 in
907 3127 1010 3176 centro
1035 3114 1205 3177 immobilis.
1250 3112 1370 3177 Sufficit
1394 3112 1473 3174 enim

139 3202 255 3268 generale
279 3201 370 3264 illud:
396 3203 450 3266 Sol
473 3203 503 3264 in
528 3212 631 3265 centro
655 3204 844 3282 planetarum
867 3203 1004 3284 quinque.
1055 3202 1116 3266 Cur
1140 3213 1241 3265 autem
1265 3203 1396 3283 speciem
1419 3221 1474 3281 pro

139 3296 224 3357 tenere
248 3301 383 3355 sumeret
397 3291 591 3372 Copernicus‚
617 3301 648 3354 et
663 3291 798 3354 Solem
790 3313 911 3372 insuper
934 3292 964 3354 in
989 3300 1090 3354 centro
1110 3293 1220 3368 mundi,
1246 3293 1370 3354 Terram
1394 3291 1474 3352 circa

141 3385 189 3436 tun
208 3379 347 3442 mobilem
372 3382 496 3455 faceret,
521 3382 598 3443 aliae
623 3401 732 3443 causae
757 3383 885 3444 luerunt.
923 3381 1004 3444 Nam
1028 3391 1061 3444 ut
1085 3402 1123 3443 ex
1142 3381 1327 3444 astronomia
1341 3381 1379 3442 ad
1397 3381 1477 3462 phy-

141 3457 210 3527 litam
238 3469 301 3531 sive
330 3471 591 3551 cosmographiam
621 3471 793 3546 deveniam,
825 3472 881 3532 hae
907 3469 1067 3550 Copernici
1091 3472 1276 3572 hypotheses
1300 3491 1359 3532 non
1383 3471 1479 3532 solum

142 3562 161 3606 11
178 3564 307 3620 naturam
331 3579 429 3621 rerum
452 3579 509 3622 non
534 3569 675 3640 peccant,
708 3561 762 3622 sed
791 3559 874 3623 illam
902 3561 1118 3640 multomagis
1143 3562 1261 3641 juvant.
1308 3562 1404 3622 Amat
1426 3559 1480 3620 illa

142 3634 352 3723 simplicitatem,
376 3656 462 3711 amat
475 3649 630 3711 unitatem
663 3649 854 3730 Nunquam
847 3669 875 3710 rn
899 3649 968 3730 ipsa
983 3649 1139 3735 quicquam
1154 3649 1283 3712 otiosum
1297 3658 1350 3710 aut
1372 3668 1479 3727 snper-

142 3723 209 3795 fluum
231 3736 353 3800 extitit:
378 3745 413 3799 at
436 3738 556 3817 saepius
581 3758 640 3800 una
662 3757 712 3800 res
735 3738 839 3800 multis
863 3739 901 3800 ab
925 3739 978 3800 illa
999 3738 1167 3800 destinatur
1182 3736 1348 3799 effectibus
1384 3735 1480 3816 Atqui

141 3829 211 3890 lenes
233 3825 365 3888 usitatas
389 3827 573 3907 hypotheses
597 3826 711 3889 orbium
736 3827 941 3907 fingendorum
964 3827 1031 3889 finis
1046 3829 1144 3889 nullus
1160 3836 1226 3888 est:
1252 3846 1345 3905 penes
1362 3824 1479 3906 Coper-

139 3905 216 3975 nicum
239 3916 359 3994 plurimi
383 3925 483 3978 motus
507 3935 546 3978 ex
568 3916 760 3995 paucissimis
784 3925 947 3995 sequuntur
976 3916 1114 3990 orbibus,
1148 3924 1181 3977 nt
1212 3915 1333 3977 interim
1361 3923 1480 3976 taceam

137 4004 362 4073 penetrationem
377 4005 495 4068 orbium
508 4005 640 4068 Veneris
655 4014 688 4066 et
701 4005 853 4079 Mercurn
878 4015 910 4067 et
933 4006 1002 4080 alia,
1029 4005 1134 4085 quibus
1154 4005 1277 4084 antiqua
1296 4004 1481 4067 astronomia

134 4081 264 4155 intanta
298 4094 415 4157 orbium
446 4095 652 4174 fingendorum
685 4094 775 4157 libert
763 4103 826 4156 tate
858 4095 1019 4156 etiamnum
1052 4095 1181 4157 laborat
1228 4097 1330 4174 Atque
1365 4094 1408 4155 sic
1436 4093 1482 4154 vir

132 4174 178 4240 iste
201 4201 258 4244 non
282 4189 402 4246 tantum
418 4191 556 4246 naturam
572 4202 700 4245 onerosa
723 4183 776 4246 illa
799 4192 831 4244 et
853 4183 951 4246 inutili
970 4184 1177 4263 suppellectile
1201 4183 1279 4244 tot
1271 4201 1483 4245 immensorum

128 4268 234 4332 orbium
264 4272 424 4334 liberavit:
459 4272 549 4335 sed
541 4292 664 4353 insuper
692 4273 783 4334 etiam
811 4272 1022 4335 inexhaustum
1051 4272 1135 4333 nobis
1164 4273 1339 4335 thesaurum
1364 4271 1483 4352 apernit

125 4356 373 4424 divinissimorum
393 4361 616 4425 ratiociniorum
641 4362 676 4423 de
705 4362 798 4424 totius
824 4362 923 4425 mnndi
948 4362 1135 4442 omniumque
1160 4381 1316 4441 corporum
1340 4361 1482 4441 pulcher-

122 4447 194 4511 rima
218 4450 398 4531 aptitudine.
444 4451 551 4533 Neque
575 4451 678 4512 dubito
708 4453 872 4525 affirmare,
903 4451 1040 4532 quicquid
1071 4450 1272 4530 aposteriori
1297 4447 1482 4529 Copernicus

121 4538 244 4618 collegit
267 4548 299 4602 et
321 4540 388 4602 risu
412 4540 651 4614 demonstravit,
684 4540 885 4602 mediantibus
909 4540 1101 4619 geometricis
1125 4539 1303 4615 axiomatis,
1338 4539 1368 4599 id
1397 4557 1484 4601 omne

119 4628 165 4690 rel
189 4627 258 4708 ipso
272 4628 442 4692 Aristotele
456 4637 547 4705 teste,
573 4629 599 4690 si
619 4627 736 4691 viveret
760 4630 854 4712 (quod
869 4630 1041 4710 frequenter
1055 4637 1142 4708 optat
1156 4629 1327 4702 Rbeticus),
1353 4649 1372 4690 a
1391 4625 1484 4708 priori

118 4715 210 4778 nullis
235 4718 415 4798 ambagibus
437 4717 638 4781 demonstrari
662 4737 763 4797 posse.
809 4718 923 4780 Verum
948 4720 985 4780 de
1013 4717 1061 4780 his
1089 4719 1225 4781 omnibus
1256 4718 1350 4779 fusius
1374 4724 1406 4780 et
1428 4735 1485 4796 pro

118 4805 272 4886 dignitate
294 4807 414 4889 pridem
435 4807 500 4890 egit
510 4805 635 4872 Rbctici
649 4808 793 4882 narratio,
819 4817 852 4870 et
865 4807 1050 4889 Copemicns
1071 4807 1158 4888 ipse:
1181 4814 1212 4868 et
1235 4805 1261 4868 si
1285 4807 1356 4887 quid
1379 4805 1484 4886 copio-
1566 4852 1573 4859 .

118 4893 185 4959 sins
205 4895 355 4977 explicari
375 4903 491 4981 potest,
513 4895 591 4993 alins
613 4894 646 4960 id
667 4898 727 4962 loci
748 4904 782 4959 et
804 4896 949 4978 temporis
972 4897 1040 4974 erit,
1055 4899 1083 4972 ⁸)
1106 4916 1184 4992 nnnc
1203 4895 1345 4976 attigisse
1360 4893 1485 4958 sufficit:

190 4999 399 5053 temous
1256 4999 1273 5054 s
