<?xml version="1.0" encoding="UTF-8"?>
<!DOCTYPE html PUBLIC "-//W3C//DTD XHTML 1.0 Transitional//EN"
    "http://www.w3.org/TR/xhtml1/DTD/xhtml1-transitional.dtd">
<html xmlns="http://www.w3.org/1999/xhtml" xml:lang="en" lang="en">
 <head>
  <title>
</title>
<meta http-equiv="Content-Type" content="text/html;charset=utf-8" />
  <meta name='ocr-system' content='tesseract 3.04.00' />
  <meta name='ocr-capabilities' content='ocr_page ocr_carea ocr_par ocr_line ocrx_word'/>
</head>
<body>
  <div class='ocr_page' id='page_1' title='image "./joanniskepleria17frisgoog/joanniskepleria17frisgoog_0676.png"; bbox 0 0 3278 5542; ppageno 0'>
   <div class='ocr_carea' id='block_1_1' title="bbox 734 342 1531 445">
    <p class='ocr_par' dir='ltr' id='par_1_1' title="bbox 734 342 1531 445">
     <span class='ocr_line' id='line_1_1' title="bbox 734 342 1531 445; baseline 0 -48"><span class='ocrx_word' id='word_1_1' title='bbox 734 344 952 445; x_wconf 68' lang='lat' dir='ltr'><strong>auersatam.</strong></span> <span class='ocrx_word' id='word_1_2' title='bbox 1086 400 1088 404; x_wconf 63' lang='grc'><strong>,</strong></span> <span class='ocrx_word' id='word_1_3' title='bbox 1434 342 1500 411; x_wconf 76' lang='grc'><strong>655</strong></span> <span class='ocrx_word' id='word_1_4' title='bbox 1527 402 1531 407; x_wconf 69' lang='grc'><strong>,</strong></span> 
     </span>
    </p>
   </div>
   <div class='ocr_carea' id='block_1_2' title="bbox 137 499 1502 982">
    <p class='ocr_par' dir='ltr' id='par_1_2' title="bbox 138 499 1501 571">
     <span class='ocr_line' id='line_1_2' title="bbox 138 499 1501 571; baseline 0.002 -19"><span class='ocrx_word' id='word_1_5' title='bbox 138 501 228 559; x_wconf 84' lang='lat' dir='ltr'><strong>daftir,</strong></span> <span class='ocrx_word' id='word_1_6' title='bbox 251 501 296 554; x_wconf 83' lang='lat' dir='ltr'><strong>dar</strong></span> <span class='ocrx_word' id='word_1_7' title='bbox 312 499 377 553; x_wconf 80' lang='lat' dir='ltr'><strong>llerr</strong></span> <span class='ocrx_word' id='word_1_8' title='bbox 398 503 480 554; x_wconf 76' lang='lat' dir='ltr'><strong>werde</strong></span> <span class='ocrx_word' id='word_1_9' title='bbox 505 502 649 555; x_wconf 73' lang='lat' dir='ltr'><strong>sobrerlicb</strong></span> <span class='ocrx_word' id='word_1_10' title='bbox 673 502 733 555; x_wconf 90' lang='lat' dir='ltr'><strong>oder</strong></span> <span class='ocrx_word' id='word_1_11' title='bbox 751 518 797 571; x_wconf 83' lang='lat' dir='ltr'><strong>gar</strong></span> <span class='ocrx_word' id='word_1_12' title='bbox 814 505 852 555; x_wconf 92' lang='lat' dir='ltr'><strong>nit</strong></span> <span class='ocrx_word' id='word_1_13' title='bbox 870 520 901 555; x_wconf 87' lang='grc' dir='ltr'><strong>ιιι</strong></span> <span class='ocrx_word' id='word_1_14' title='bbox 920 509 1006 571; x_wconf 87' lang='lat' dir='ltr'><strong>gntem</strong></span> <span class='ocrx_word' id='word_1_15' title='bbox 1023 504 1074 554; x_wconf 90' lang='lat' dir='ltr'><strong>und</strong></span> <span class='ocrx_word' id='word_1_16' title='bbox 1092 502 1275 555; x_wconf 86' lang='lat' dir='ltr'><strong>rerbolfcndem</strong></span> <span class='ocrx_word' id='word_1_17' title='bbox 1294 503 1433 570; x_wconf 79' lang='lat' dir='ltr'><strong>Ausscblag</strong></span> <span class='ocrx_word' id='word_1_18' title='bbox 1450 504 1501 555; x_wconf 89' lang='lat' dir='ltr'><strong>nnd</strong></span> 
     </span>
    </p>

    <p class='ocr_par' dir='ltr' id='par_1_3' title="bbox 137 574 1501 641">
     <span class='ocr_line' id='line_1_3' title="bbox 137 574 1501 641; baseline 0.001 -16"><span class='ocrx_word' id='word_1_19' title='bbox 137 574 265 625; x_wconf 85' lang='lat' dir='ltr'><strong>cndlicber</strong></span> <span class='ocrx_word' id='word_1_20' title='bbox 283 575 425 639; x_wconf 84' lang='lat' dir='ltr'><strong>Abhelinng</strong></span> <span class='ocrx_word' id='word_1_21' title='bbox 444 575 494 625; x_wconf 88' lang='lat' dir='ltr'><strong>und</strong></span> <span class='ocrx_word' id='word_1_22' title='bbox 509 575 677 640; x_wconf 84' lang='lat' dir='ltr'><strong>Verricbtung</strong></span> <span class='ocrx_word' id='word_1_23' title='bbox 696 576 777 626; x_wconf 89' lang='lat' dir='ltr'><strong>dieser</strong></span> <span class='ocrx_word' id='word_1_24' title='bbox 795 578 877 627; x_wconf 88' lang='lat' dir='ltr'><strong>seiner</strong></span> <span class='ocrx_word' id='word_1_25' title='bbox 894 576 1030 641; x_wconf 84' lang='lat' dir='ltr'><strong>Handlung</strong></span> <span class='ocrx_word' id='word_1_26' title='bbox 1049 576 1181 641; x_wconf 85' lang='lat' dir='ltr'><strong>gelangen,</strong></span> <span class='ocrx_word' id='word_1_27' title='bbox 1201 590 1273 625; x_wconf 82' lang='lat' dir='ltr'><strong>wann</strong></span> <span class='ocrx_word' id='word_1_28' title='bbox 1293 591 1320 627; x_wconf 93' lang='grc' dir='ltr'><strong>ιι</strong></span> <span class='ocrx_word' id='word_1_29' title='bbox 1337 578 1374 625; x_wconf 82' lang='grc' dir='ltr'><strong>ιιι</strong></span> <span class='ocrx_word' id='word_1_30' title='bbox 1392 577 1501 626; x_wconf 86' lang='lat' dir='ltr'><strong>selbsten</strong></span> 
     </span>
    </p>

    <p class='ocr_par' dir='ltr' id='par_1_4' title="bbox 137 646 1502 702">
     <span class='ocr_line' id='line_1_4' title="bbox 137 646 1502 702; baseline 0.001 -8"><span class='ocrx_word' id='word_1_31' title='bbox 137 646 255 702; x_wconf 88' lang='lat' dir='ltr'><strong>binreise,</strong></span> <span class='ocrx_word' id='word_1_32' title='bbox 275 646 325 695; x_wconf 86' lang='lat' dir='ltr'><strong>und</strong></span> <span class='ocrx_word' id='word_1_33' title='bbox 344 646 391 695; x_wconf 88' lang='lat' dir='ltr'><strong>den</strong></span> <span class='ocrx_word' id='word_1_34' title='bbox 411 646 510 697; x_wconf 84' lang='lat' dir='ltr'><strong>Sscbcn</strong></span> <span class='ocrx_word' id='word_1_35' title='bbox 529 647 638 697; x_wconf 89' lang='lat' dir='ltr'><strong>selbstan</strong></span> <span class='ocrx_word' id='word_1_36' title='bbox 656 648 790 697; x_wconf 87' lang='lat' dir='ltr'><strong>nacbsetse</strong></span> <span class='ocrx_word' id='word_1_37' title='bbox 811 648 861 697; x_wconf 90' lang='lat' dir='ltr'><strong>und</strong></span> <span class='ocrx_word' id='word_1_38' title='bbox 880 647 1016 697; x_wconf 79' lang='lat' dir='ltr'><strong>beiwohne.</strong></span> <span class='ocrx_word' id='word_1_39' title='bbox 1054 647 1111 696; x_wconf 84' lang='lat' dir='ltr'><strong>Nun</strong></span> <span class='ocrx_word' id='word_1_40' title='bbox 1129 647 1174 696; x_wconf 90' lang='lat' dir='ltr'><strong>bat</strong></span> <span class='ocrx_word' id='word_1_41' title='bbox 1193 662 1220 697; x_wconf 92' lang='grc' dir='ltr'><strong>ιι</strong></span> <span class='ocrx_word' id='word_1_42' title='bbox 1237 647 1289 697; x_wconf 90' lang='lat' dir='ltr'><strong>sich</strong></span> <span class='ocrx_word' id='word_1_43' title='bbox 1309 647 1373 696; x_wconf 87' lang='lat' dir='ltr'><strong>auch</strong></span> <span class='ocrx_word' id='word_1_44' title='bbox 1392 649 1502 702; x_wconf 78' lang='lat' dir='ltr'><strong>arboren,</strong></span> 
     </span>
    </p>

    <p class='ocr_par' dir='ltr' id='par_1_5' title="bbox 137 716 1498 784">
     <span class='ocr_line' id='line_1_5' title="bbox 137 716 1498 784; baseline 0.001 -19"><span class='ocrx_word' id='word_1_45' title='bbox 137 730 211 766; x_wconf 82' lang='grc' dir='ltr'><strong>ιιιιιι</strong></span> <span class='ocrx_word' id='word_1_46' title='bbox 230 717 274 766; x_wconf 81' lang='grc' dir='ltr'><strong>ιιι</strong></span> <span class='ocrx_word' id='word_1_47' title='bbox 293 716 356 767; x_wconf 90' lang='grc' dir='ltr'><strong>Ηιιι</strong></span> <span class='ocrx_word' id='word_1_48' title='bbox 374 717 423 766; x_wconf 90' lang='lat' dir='ltr'><strong>lbm</strong></span> <span class='ocrx_word' id='word_1_49' title='bbox 443 719 498 767; x_wconf 88' lang='lat' dir='ltr'><strong>eine</strong></span> <span class='ocrx_word' id='word_1_50' title='bbox 517 717 687 782; x_wconf 78' lang='lat' dir='ltr'><strong>snpplication</strong></span> <span class='ocrx_word' id='word_1_51' title='bbox 707 733 748 767; x_wconf 90' lang='lat' dir='ltr'><strong>um</strong></span> <span class='ocrx_word' id='word_1_52' title='bbox 767 719 915 784; x_wconf 82' lang='lat' dir='ltr'><strong>Erlanbnng</strong></span> <span class='ocrx_word' id='word_1_53' title='bbox 938 718 1150 773; x_wconf 82' lang='lat' dir='ltr'><strong>bincinrureisan.</strong></span> <span class='ocrx_word' id='word_1_54' title='bbox 1175 732 1207 767; x_wconf 93' lang='lat' dir='ltr'><strong>an</strong></span> <span class='ocrx_word' id='word_1_55' title='bbox 1225 718 1268 768; x_wconf 69' lang='grc' dir='ltr'><strong>ιιι</strong></span> <span class='ocrx_word' id='word_1_56' title='bbox 1287 718 1376 767; x_wconf 75' lang='lat' dir='ltr'><strong>fiirstl.</strong></span> <span class='ocrx_word' id='word_1_57' title='bbox 1396 717 1498 768; x_wconf 89' lang='lat' dir='ltr'><strong>Dnrcbl.</strong></span> 
     </span>
    </p>

    <p class='ocr_par' dir='ltr' id='par_1_6' title="bbox 137 788 1499 854">
     <span class='ocr_line' id='line_1_6' title="bbox 137 788 1499 854; baseline 0.001 -18"><span class='ocrx_word' id='word_1_58' title='bbox 137 788 293 843; x_wconf 82' lang='lat' dir='ltr'><strong>verlautend,</strong></span> <span class='ocrx_word' id='word_1_59' title='bbox 312 788 460 837; x_wconf 85' lang='lat' dir='ltr'><strong>snscbicken</strong></span> <span class='ocrx_word' id='word_1_60' title='bbox 478 789 567 848; x_wconf 75' lang='lat' dir='ltr'><strong>werde,</strong></span> <span class='ocrx_word' id='word_1_61' title='bbox 587 789 645 838; x_wconf 89' lang='lat' dir='ltr'><strong>dass</strong></span> <span class='ocrx_word' id='word_1_62' title='bbox 664 804 691 838; x_wconf 88' lang='lat' dir='ltr'><strong>er</strong></span> <span class='ocrx_word' id='word_1_63' title='bbox 709 789 764 838; x_wconf 90' lang='lat' dir='ltr'><strong>dem</strong></span> <span class='ocrx_word' id='word_1_64' title='bbox 778 789 859 839; x_wconf 86' lang='lat' dir='ltr'><strong>Herm</strong></span> <span class='ocrx_word' id='word_1_65' title='bbox 873 803 919 854; x_wconf 84' lang='lat' dir='ltr'><strong>gar</strong></span> <span class='ocrx_word' id='word_1_66' title='bbox 937 804 997 853; x_wconf 85' lang='lat' dir='ltr'><strong>garn</strong></span> <span class='ocrx_word' id='word_1_67' title='bbox 1016 789 1080 838; x_wconf 84' lang='lat' dir='ltr'><strong>dazu</strong></span> <span class='ocrx_word' id='word_1_68' title='bbox 1098 789 1180 838; x_wconf 86' lang='lat' dir='ltr'><strong>helien</strong></span> <span class='ocrx_word' id='word_1_69' title='bbox 1199 788 1277 846; x_wconf 81' lang='lat' dir='ltr'><strong>wolle,</strong></span> <span class='ocrx_word' id='word_1_70' title='bbox 1296 790 1354 838; x_wconf 91' lang='lat' dir='ltr'><strong>dass</strong></span> <span class='ocrx_word' id='word_1_71' title='bbox 1372 790 1407 838; x_wconf 83' lang='lat' dir='ltr'><strong>Er</strong></span> <span class='ocrx_word' id='word_1_72' title='bbox 1423 790 1499 838; x_wconf 89' lang='lat' dir='ltr'><strong>licen·</strong></span> 
     </span>
    </p>

    <p class='ocr_par' dir='ltr' id='par_1_7' title="bbox 137 859 1390 982">
     <span class='ocr_line' id='line_1_7' title="bbox 137 859 1390 928; baseline 0 -20"><span class='ocrx_word' id='word_1_73' title='bbox 137 861 209 917; x_wconf 71' lang='lat' dir='ltr'><strong>mam,</strong></span> <span class='ocrx_word' id='word_1_74' title='bbox 228 860 281 909; x_wconf 88' lang='lat' dir='ltr'><strong>sich</strong></span> <span class='ocrx_word' id='word_1_75' title='bbox 298 860 332 907; x_wconf 88' lang='lat' dir='ltr'><strong>im</strong></span> <span class='ocrx_word' id='word_1_76' title='bbox 350 859 423 908; x_wconf 86' lang='lat' dir='ltr'><strong>Laud</strong></span> <span class='ocrx_word' id='word_1_77' title='bbox 442 861 486 910; x_wconf 85' lang='lat' dir='ltr'><strong>ani</strong></span> <span class='ocrx_word' id='word_1_78' title='bbox 503 861 542 909; x_wconf 92' lang='lat' dir='ltr'><strong>ein</strong></span> <span class='ocrx_word' id='word_1_79' title='bbox 562 860 619 911; x_wconf 87' lang='lat' dir='ltr'><strong>Zeit</strong></span> <span class='ocrx_word' id='word_1_80' title='bbox 635 861 696 924; x_wconf 84' lang='lat' dir='ltr'><strong>lang</strong></span> <span class='ocrx_word' id='word_1_81' title='bbox 715 860 795 928; x_wconf 88' lang='lat' dir='ltr'><strong>dieser</strong></span> <span class='ocrx_word' id='word_1_82' title='bbox 813 860 944 911; x_wconf 89' lang='lat' dir='ltr'><strong>Uraacben</strong></span> <span class='ocrx_word' id='word_1_83' title='bbox 960 860 1047 909; x_wconf 88' lang='lat' dir='ltr'><strong>balber</strong></span> <span class='ocrx_word' id='word_1_84' title='bbox 1064 859 1234 918; x_wconf 85' lang='lat' dir='ltr'><strong>anfznhalten‚</strong></span> <span class='ocrx_word' id='word_1_85' title='bbox 1253 860 1390 911; x_wconf 80' lang='lat' dir='ltr'><strong>bekomme.</strong></span> 
     </span>
     <span class='ocr_line' id='line_1_8' title="bbox 228 928 751 982; baseline 0 -2"><span class='ocrx_word' id='word_1_86' title='bbox 228 931 324 981; x_wconf 88' lang='lat' dir='ltr'><strong>Datum</strong></span> <span class='ocrx_word' id='word_1_87' title='bbox 341 929 469 980; x_wconf 80' lang='lat' dir='ltr'><strong>bliincben</strong></span> <span class='ocrx_word' id='word_1_88' title='bbox 489 931 511 980; x_wconf 88' lang='lat' dir='ltr'><strong>d.</strong></span> <span class='ocrx_word' id='word_1_89' title='bbox 535 930 575 980; x_wconf 87' lang='grc'><strong>17.</strong></span> <span class='ocrx_word' id='word_1_90' title='bbox 593 932 652 982; x_wconf 89' lang='lat' dir='ltr'><strong>Jun.</strong></span> <span class='ocrx_word' id='word_1_91' title='bbox 677 928 751 980; x_wconf 82' lang='grc'><strong>1603.</strong></span> 
     </span>
    </p>
   </div>
   <div class='ocr_carea' id='block_1_3' title="bbox 300 1000 1423 1067">
    <p class='ocr_par' dir='ltr' id='par_1_8' title="bbox 300 1000 1423 1067">
     <span class='ocr_line' id='line_1_9' title="bbox 300 1000 1423 1067; baseline 0.001 -17"><span class='ocrx_word' id='word_1_92' title='bbox 300 1000 387 1051; x_wconf 90' lang='lat' dir='ltr'><strong>Damit</strong></span> <span class='ocrx_word' id='word_1_93' title='bbox 405 1002 446 1051; x_wconf 95' lang='lat' dir='ltr'><strong>bin</strong></span> <span class='ocrx_word' id='word_1_94' title='bbox 465 1001 509 1052; x_wconf 90' lang='lat' dir='ltr'><strong>lch</strong></span> <span class='ocrx_word' id='word_1_95' title='bbox 527 1002 571 1052; x_wconf 91' lang='lat' dir='ltr'><strong>des</strong></span> <span class='ocrx_word' id='word_1_96' title='bbox 590 1003 675 1052; x_wconf 87' lang='lat' dir='ltr'><strong>Herm</strong></span> <span class='ocrx_word' id='word_1_97' title='bbox 695 1001 879 1066; x_wconf 81' lang='lat' dir='ltr'><strong>dienstrriliiger</strong></span> <span class='ocrx_word' id='word_1_98' title='bbox 896 1001 985 1051; x_wconf 83' lang='lat' dir='ltr'><strong>Hanns</strong></span> <span class='ocrx_word' id='word_1_99' title='bbox 1003 1002 1071 1065; x_wconf 83' lang='lat' dir='ltr'><strong>Ydrg</strong></span> <span class='ocrx_word' id='word_1_100' title='bbox 1089 1001 1204 1052; x_wconf 85' lang='grc' dir='ltr'><strong>Ηιιιιιιι</strong></span> <span class='ocrx_word' id='word_1_101' title='bbox 1221 1017 1244 1053; x_wconf 83' lang='grc' dir='ltr'><strong>ι,</strong></span> <span class='ocrx_word' id='word_1_102' title='bbox 1264 1001 1423 1067; x_wconf 86' lang='lat' dir='ltr'><strong>Hebenbnrg.</strong></span> 
     </span>
    </p>
   </div>
   <div class='ocr_carea' id='block_1_4' title="bbox 136 1089 1502 2513">
    <p class='ocr_par' dir='ltr' id='par_1_9' title="bbox 227 1089 544 1153">
     <span class='ocr_line' id='line_1_10' title="bbox 227 1089 544 1153; baseline 0.006 -16"><span class='ocrx_word' id='word_1_103' title='bbox 227 1089 387 1152; x_wconf 86' lang='lat' dir='ltr'><strong>Keplerns</strong></span> <span class='ocrx_word' id='word_1_104' title='bbox 405 1090 544 1153; x_wconf 88' lang='lat' dir='ltr'><strong>respondit:</strong></span> 
     </span>
    </p>

    <p class='ocr_par' dir='ltr' id='par_1_10' title="bbox 136 1161 1502 2271">
     <span class='ocr_line' id='line_1_11' title="bbox 229 1161 1501 1234; baseline 0.002 -20"><span class='ocrx_word' id='word_1_105' title='bbox 229 1162 379 1232; x_wconf 84' lang='lat' dir='ltr'><strong>Magnifice</strong></span> <span class='ocrx_word' id='word_1_106' title='bbox 403 1171 433 1218; x_wconf 90' lang='lat' dir='ltr'><strong>et</strong></span> <span class='ocrx_word' id='word_1_107' title='bbox 453 1163 629 1218; x_wconf 86' lang='lat' dir='ltr'><strong>Nobilissime</strong></span> <span class='ocrx_word' id='word_1_108' title='bbox 650 1164 709 1218; x_wconf 89' lang='lat' dir='ltr'><strong>Vir.</strong></span> <span class='ocrx_word' id='word_1_109' title='bbox 731 1165 836 1217; x_wconf 83' lang='lat' dir='ltr'><strong>Fautor</strong></span> <span class='ocrx_word' id='word_1_110' title='bbox 857 1163 986 1217; x_wconf 84' lang='lat' dir='ltr'><strong>Colende.</strong></span> <span class='ocrx_word' id='word_1_111' title='bbox 1028 1161 1112 1217; x_wconf 90' lang='lat' dir='ltr'><strong>Binas</strong></span> <span class='ocrx_word' id='word_1_112' title='bbox 1143 1164 1193 1217; x_wconf 92' lang='lat' dir='ltr'><strong>abs</strong></span> <span class='ocrx_word' id='word_1_113' title='bbox 1214 1163 1291 1234; x_wconf 90' lang='lat' dir='ltr'><strong>ldag.</strong></span> <span class='ocrx_word' id='word_1_114' title='bbox 1317 1164 1378 1217; x_wconf 86' lang='lat' dir='ltr'><strong>Tua</strong></span> <span class='ocrx_word' id='word_1_115' title='bbox 1407 1164 1501 1233; x_wconf 84' lang='lat' dir='ltr'><strong>accepi</strong></span> 
     </span>
     <span class='ocr_line' id='line_1_12' title="bbox 139 1242 1502 1313; baseline 0.002 -19"><span class='ocrx_word' id='word_1_116' title='bbox 139 1242 255 1304; x_wconf 89' lang='lat' dir='ltr'><strong>literas,</strong></span> <span class='ocrx_word' id='word_1_117' title='bbox 284 1242 396 1296; x_wconf 89' lang='lat' dir='ltr'><strong>ultimas</strong></span> <span class='ocrx_word' id='word_1_118' title='bbox 423 1242 468 1297; x_wconf 79' lang='lat'><strong>17.</strong></span> <span class='ocrx_word' id='word_1_119' title='bbox 489 1244 578 1307; x_wconf 87' lang='lat' dir='ltr'><strong>Junii,</strong></span> <span class='ocrx_word' id='word_1_120' title='bbox 610 1259 681 1313; x_wconf 91' lang='lat' dir='ltr'><strong>quae</strong></span> <span class='ocrx_word' id='word_1_121' title='bbox 703 1244 839 1296; x_wconf 88' lang='lat' dir='ltr'><strong>derebus</strong></span> <span class='ocrx_word' id='word_1_122' title='bbox 860 1242 927 1295; x_wconf 87' lang='lat' dir='ltr'><strong>meis</strong></span> <span class='ocrx_word' id='word_1_123' title='bbox 949 1242 1104 1298; x_wconf 80' lang='lat' dir='ltr'><strong>domesticis</strong></span> <span class='ocrx_word' id='word_1_124' title='bbox 1125 1250 1233 1297; x_wconf 87' lang='lat' dir='ltr'><strong>sonant.</strong></span> <span class='ocrx_word' id='word_1_125' title='bbox 1283 1243 1386 1313; x_wconf 76' lang='lat' dir='ltr'><strong>Scripsi</strong></span> <span class='ocrx_word' id='word_1_126' title='bbox 1408 1244 1502 1297; x_wconf 89' lang='lat' dir='ltr'><strong>statim</strong></span> 
     </span>
     <span class='ocr_line' id='line_1_13' title="bbox 137 1322 1501 1393; baseline 0.002 -19"><span class='ocrx_word' id='word_1_127' title='bbox 137 1325 174 1375; x_wconf 91' lang='lat' dir='ltr'><strong>ad</strong></span> <span class='ocrx_word' id='word_1_128' title='bbox 197 1338 313 1375; x_wconf 84' lang='lat' dir='ltr'><strong>uxorem</strong></span> <span class='ocrx_word' id='word_1_129' title='bbox 333 1339 430 1385; x_wconf 87' lang='lat' dir='ltr'><strong>meam,</strong></span> <span class='ocrx_word' id='word_1_130' title='bbox 453 1340 487 1375; x_wconf 89' lang='lat' dir='ltr'><strong>ne</strong></span> <span class='ocrx_word' id='word_1_131' title='bbox 508 1324 581 1377; x_wconf 89' lang='lat' dir='ltr'><strong>hanc</strong></span> <span class='ocrx_word' id='word_1_132' title='bbox 602 1324 772 1376; x_wconf 79' lang='lat' dir='ltr'><strong>occasionem</strong></span> <span class='ocrx_word' id='word_1_133' title='bbox 794 1322 820 1376; x_wconf 92' lang='lat' dir='ltr'><strong>in</strong></span> <span class='ocrx_word' id='word_1_134' title='bbox 843 1323 964 1376; x_wconf 89' lang='lat' dir='ltr'><strong>futurum</strong></span> <span class='ocrx_word' id='word_1_135' title='bbox 986 1339 1064 1377; x_wconf 88' lang='lat' dir='ltr'><strong>suurn</strong></span> <span class='ocrx_word' id='word_1_136' title='bbox 1086 1322 1246 1393; x_wconf 76' lang='lat' dir='ltr'><strong>negligeret</strong></span> <span class='ocrx_word' id='word_1_137' title='bbox 1266 1330 1294 1376; x_wconf 89' lang='lat' dir='ltr'><strong>et</strong></span> <span class='ocrx_word' id='word_1_138' title='bbox 1310 1324 1345 1376; x_wconf 92' lang='lat' dir='ltr'><strong>D.</strong></span> <span class='ocrx_word' id='word_1_139' title='bbox 1362 1324 1501 1378; x_wconf 86' lang='lat' dir='ltr'><strong>Casalium</strong></span> 
     </span>
     <span class='ocr_line' id='line_1_14' title="bbox 137 1402 1500 1475; baseline 0.001 -20"><span class='ocrx_word' id='word_1_140' title='bbox 137 1402 339 1472; x_wconf 79' lang='lat' dir='ltr'><strong>alloqueretur,</strong></span> <span class='ocrx_word' id='word_1_141' title='bbox 380 1404 426 1455; x_wconf 86' lang='lat' dir='ltr'><strong>Me</strong></span> <span class='ocrx_word' id='word_1_142' title='bbox 449 1405 520 1473; x_wconf 93' lang='lat' dir='ltr'><strong>quod</strong></span> <span class='ocrx_word' id='word_1_143' title='bbox 542 1403 645 1457; x_wconf 82' lang='lat' dir='ltr'><strong>attinet</strong></span> <span class='ocrx_word' id='word_1_144' title='bbox 665 1420 808 1473; x_wconf 89' lang='lat' dir='ltr'><strong>meumque</strong></span> <span class='ocrx_word' id='word_1_145' title='bbox 830 1403 898 1467; x_wconf 88' lang='lat' dir='ltr'><strong>iter,</strong></span> <span class='ocrx_word' id='word_1_146' title='bbox 920 1402 1038 1472; x_wconf 90' lang='lat' dir='ltr'><strong>optarim</strong></span> <span class='ocrx_word' id='word_1_147' title='bbox 1058 1403 1134 1473; x_wconf 89' lang='lat' dir='ltr'><strong>prius</strong></span> <span class='ocrx_word' id='word_1_148' title='bbox 1156 1419 1216 1457; x_wconf 89' lang='lat' dir='ltr'><strong>cum</strong></span> <span class='ocrx_word' id='word_1_149' title='bbox 1236 1404 1313 1475; x_wconf 86' lang='lat' dir='ltr'><strong>blag.</strong></span> <span class='ocrx_word' id='word_1_150' title='bbox 1336 1404 1396 1457; x_wconf 85' lang='lat' dir='ltr'><strong>Tua</strong></span> <span class='ocrx_word' id='word_1_151' title='bbox 1416 1405 1500 1460; x_wconf 86' lang='lat' dir='ltr'><strong>collo·</strong></span> 
     </span>
     <span class='ocr_line' id='line_1_15' title="bbox 137 1481 1500 1557; baseline 0.002 -23"><span class='ocrx_word' id='word_1_152' title='bbox 137 1481 195 1552; x_wconf 88' lang='lat' dir='ltr'><strong>qui.</strong></span> <span class='ocrx_word' id='word_1_153' title='bbox 237 1481 308 1535; x_wconf 89' lang='lat' dir='ltr'><strong>Nam</strong></span> <span class='ocrx_word' id='word_1_154' title='bbox 330 1484 383 1535; x_wconf 94' lang='lat' dir='ltr'><strong>duo</strong></span> <span class='ocrx_word' id='word_1_155' title='bbox 405 1483 522 1553; x_wconf 91' lang='lat' dir='ltr'><strong>negotia</strong></span> <span class='ocrx_word' id='word_1_156' title='bbox 543 1490 607 1537; x_wconf 89' lang='lat' dir='ltr'><strong>sunt</strong></span> <span class='ocrx_word' id='word_1_157' title='bbox 628 1483 709 1537; x_wconf 80' lang='lat' dir='ltr'><strong>uxori</strong></span> <span class='ocrx_word' id='word_1_158' title='bbox 730 1500 826 1546; x_wconf 77' lang='lat' dir='ltr'><strong>meae.</strong></span> <span class='ocrx_word' id='word_1_159' title='bbox 857 1484 976 1537; x_wconf 88' lang='lat' dir='ltr'><strong>alterum</strong></span> <span class='ocrx_word' id='word_1_160' title='bbox 1004 1481 1030 1536; x_wconf 91' lang='lat' dir='ltr'><strong>in</strong></span> <span class='ocrx_word' id='word_1_161' title='bbox 1059 1490 1178 1552; x_wconf 87' lang='lat' dir='ltr'><strong>paterna</strong></span> <span class='ocrx_word' id='word_1_162' title='bbox 1207 1484 1400 1548; x_wconf 85' lang='lat' dir='ltr'><strong>haereditate,</strong></span> <span class='ocrx_word' id='word_1_163' title='bbox 1429 1486 1500 1557; x_wconf 91' lang='lat' dir='ltr'><strong>quod</strong></span> 
     </span>
     <span class='ocr_line' id='line_1_16' title="bbox 138 1560 1499 1633; baseline 0.002 -20"><span class='ocrx_word' id='word_1_164' title='bbox 138 1560 312 1614; x_wconf 79' lang='lat' dir='ltr'><strong>mediocriter</strong></span> <span class='ocrx_word' id='word_1_165' title='bbox 331 1563 465 1630; x_wconf 85' lang='lat' dir='ltr'><strong>procedit,</strong></span> <span class='ocrx_word' id='word_1_166' title='bbox 486 1571 592 1617; x_wconf 90' lang='lat' dir='ltr'><strong>utnon</strong></span> <span class='ocrx_word' id='word_1_167' title='bbox 614 1563 742 1617; x_wconf 86' lang='lat' dir='ltr'><strong>videatur</strong></span> <span class='ocrx_word' id='word_1_168' title='bbox 763 1563 888 1633; x_wconf 82' lang='lat' dir='ltr'><strong>indigere</strong></span> <span class='ocrx_word' id='word_1_169' title='bbox 909 1563 1007 1631; x_wconf 88' lang='lat' dir='ltr'><strong>majori</strong></span> <span class='ocrx_word' id='word_1_170' title='bbox 1028 1578 1125 1632; x_wconf 65' lang='lat' dir='ltr'><strong>operm</strong></span> <span class='ocrx_word' id='word_1_171' title='bbox 1155 1563 1274 1618; x_wconf 89' lang='lat' dir='ltr'><strong>alterum</strong></span> <span class='ocrx_word' id='word_1_172' title='bbox 1295 1563 1323 1616; x_wconf 92' lang='lat' dir='ltr'><strong>in</strong></span> <span class='ocrx_word' id='word_1_173' title='bbox 1344 1564 1422 1617; x_wconf 89' lang='lat' dir='ltr'><strong>bonis</strong></span> <span class='ocrx_word' id='word_1_174' title='bbox 1444 1564 1499 1632; x_wconf 93' lang='lat' dir='ltr'><strong>pri-</strong></span> 
     </span>
     <span class='ocr_line' id='line_1_17' title="bbox 143 1641 1498 1714; baseline 0.004 -22"><span class='ocrx_word' id='word_1_175' title='bbox 143 1641 255 1710; x_wconf 83' lang='lat' dir='ltr'><strong>vignae,</strong></span> <span class='ocrx_word' id='word_1_176' title='bbox 276 1644 310 1694; x_wconf 90' lang='lat' dir='ltr'><strong>de</strong></span> <span class='ocrx_word' id='word_1_177' title='bbox 332 1643 429 1711; x_wconf 90' lang='lat' dir='ltr'><strong>quibua</strong></span> <span class='ocrx_word' id='word_1_178' title='bbox 451 1659 486 1696; x_wconf 91' lang='lat' dir='ltr'><strong>an</strong></span> <span class='ocrx_word' id='word_1_179' title='bbox 501 1644 598 1714; x_wconf 87' lang='lat' dir='ltr'><strong>Magn.</strong></span> <span class='ocrx_word' id='word_1_180' title='bbox 614 1644 674 1697; x_wconf 87' lang='lat' dir='ltr'><strong>Tua</strong></span> <span class='ocrx_word' id='word_1_181' title='bbox 694 1660 755 1697; x_wconf 90' lang='lat' dir='ltr'><strong>cum</strong></span> <span class='ocrx_word' id='word_1_182' title='bbox 770 1643 880 1696; x_wconf 86' lang='lat' dir='ltr'><strong>Casalio</strong></span> <span class='ocrx_word' id='word_1_183' title='bbox 901 1644 938 1697; x_wconf 89' lang='lat' dir='ltr'><strong>sit</strong></span> <span class='ocrx_word' id='word_1_184' title='bbox 959 1644 1061 1705; x_wconf 87' lang='lat' dir='ltr'><strong>locuta,</strong></span> <span class='ocrx_word' id='word_1_185' title='bbox 1085 1659 1138 1695; x_wconf 94' lang='lat' dir='ltr'><strong>non</strong></span> <span class='ocrx_word' id='word_1_186' title='bbox 1159 1659 1270 1710; x_wconf 90' lang='lat' dir='ltr'><strong>possum</strong></span> <span class='ocrx_word' id='word_1_187' title='bbox 1291 1661 1327 1696; x_wconf 84' lang='lat' dir='ltr'><strong>ex</strong></span> <span class='ocrx_word' id='word_1_188' title='bbox 1349 1644 1438 1698; x_wconf 87' lang='lat' dir='ltr'><strong>literis</strong></span> <span class='ocrx_word' id='word_1_189' title='bbox 1459 1645 1498 1698; x_wconf 88' lang='lat' dir='ltr'><strong>in·</strong></span> 
     </span>
     <span class='ocr_line' id='line_1_18' title="bbox 138 1719 1498 1793; baseline 0.003 -20"><span class='ocrx_word' id='word_1_190' title='bbox 138 1719 281 1791; x_wconf 86' lang='lat' dir='ltr'><strong>telligere.</strong></span> <span class='ocrx_word' id='word_1_191' title='bbox 325 1724 402 1783; x_wconf 84' lang='lat' dir='ltr'><strong>Quod</strong></span> <span class='ocrx_word' id='word_1_192' title='bbox 431 1723 455 1775; x_wconf 92' lang='lat' dir='ltr'><strong>si</strong></span> <span class='ocrx_word' id='word_1_193' title='bbox 485 1739 547 1776; x_wconf 90' lang='lat' dir='ltr'><strong>mea</strong></span> <span class='ocrx_word' id='word_1_194' title='bbox 576 1724 738 1793; x_wconf 85' lang='lat' dir='ltr'><strong>praesentia</strong></span> <span class='ocrx_word' id='word_1_195' title='bbox 758 1723 803 1777; x_wconf 90' lang='lat' dir='ltr'><strong>bic</strong></span> <span class='ocrx_word' id='word_1_196' title='bbox 824 1723 927 1792; x_wconf 91' lang='lat' dir='ltr'><strong>aliquid</strong></span> <span class='ocrx_word' id='word_1_197' title='bbox 948 1722 1072 1775; x_wconf 87' lang='lat' dir='ltr'><strong>salutare</strong></span> <span class='ocrx_word' id='word_1_198' title='bbox 1093 1723 1195 1790; x_wconf 92' lang='lat' dir='ltr'><strong>possim</strong></span> <span class='ocrx_word' id='word_1_199' title='bbox 1216 1724 1343 1786; x_wconf 83' lang='lat' dir='ltr'><strong>efficere,</strong></span> <span class='ocrx_word' id='word_1_200' title='bbox 1374 1725 1498 1793; x_wconf 86' lang='lat' dir='ltr'><strong>equidem</strong></span> 
     </span>
     <span class='ocr_line' id='line_1_19' title="bbox 138 1802 1497 1874; baseline 0.003 -22"><span class='ocrx_word' id='word_1_201' title='bbox 138 1817 196 1853; x_wconf 88' lang='lat' dir='ltr'><strong>non</strong></span> <span class='ocrx_word' id='word_1_202' title='bbox 220 1802 404 1855; x_wconf 77' lang='lat' dir='ltr'><strong>detrectarem</strong></span> <span class='ocrx_word' id='word_1_203' title='bbox 425 1802 487 1856; x_wconf 89' lang='lat' dir='ltr'><strong>iter.</strong></span> <span class='ocrx_word' id='word_1_204' title='bbox 529 1803 614 1872; x_wconf 82' lang='lat' dir='ltr'><strong>Atqui</strong></span> <span class='ocrx_word' id='word_1_205' title='bbox 645 1804 786 1874; x_wconf 80' lang='lat' dir='ltr'><strong>negotium</strong></span> <span class='ocrx_word' id='word_1_206' title='bbox 816 1803 875 1856; x_wconf 87' lang='lat' dir='ltr'><strong>tale</strong></span> <span class='ocrx_word' id='word_1_207' title='bbox 896 1808 954 1866; x_wconf 86' lang='lat' dir='ltr'><strong>est,</strong></span> <span class='ocrx_word' id='word_1_208' title='bbox 984 1808 1016 1855; x_wconf 91' lang='lat' dir='ltr'><strong>ut</strong></span> <span class='ocrx_word' id='word_1_209' title='bbox 1040 1816 1129 1870; x_wconf 87' lang='lat' dir='ltr'><strong>parva</strong></span> <span class='ocrx_word' id='word_1_210' title='bbox 1153 1803 1218 1856; x_wconf 89' lang='lat' dir='ltr'><strong>mihi</strong></span> <span class='ocrx_word' id='word_1_211' title='bbox 1249 1802 1276 1856; x_wconf 93' lang='lat' dir='ltr'><strong>in</strong></span> <span class='ocrx_word' id='word_1_212' title='bbox 1303 1819 1346 1856; x_wconf 91' lang='lat' dir='ltr'><strong>me</strong></span> <span class='ocrx_word' id='word_1_213' title='bbox 1367 1820 1430 1871; x_wconf 90' lang='lat' dir='ltr'><strong>spes</strong></span> <span class='ocrx_word' id='word_1_214' title='bbox 1453 1804 1497 1865; x_wconf 86' lang='lat' dir='ltr'><strong>sit,</strong></span> 
     </span>
     <span class='ocr_line' id='line_1_20' title="bbox 136 1880 1500 1953; baseline 0.002 -21"><span class='ocrx_word' id='word_1_215' title='bbox 136 1895 202 1932; x_wconf 91' lang='lat' dir='ltr'><strong>cum</strong></span> <span class='ocrx_word' id='word_1_216' title='bbox 225 1880 275 1933; x_wconf 91' lang='lat' dir='ltr'><strong>sim</strong></span> <span class='ocrx_word' id='word_1_217' title='bbox 294 1881 408 1935; x_wconf 73' lang='lat' dir='ltr'><strong>vitricus</strong></span> <span class='ocrx_word' id='word_1_218' title='bbox 430 1900 480 1935; x_wconf 94' lang='lat' dir='ltr'><strong>nec</strong></span> <span class='ocrx_word' id='word_1_219' title='bbox 501 1883 624 1953; x_wconf 80' lang='lat' dir='ltr'><strong>regionis</strong></span> <span class='ocrx_word' id='word_1_220' title='bbox 646 1884 751 1944; x_wconf 82' lang='lat' dir='ltr'><strong>incola;</strong></span> <span class='ocrx_word' id='word_1_221' title='bbox 780 1900 833 1936; x_wconf 92' lang='lat' dir='ltr'><strong>non</strong></span> <span class='ocrx_word' id='word_1_222' title='bbox 859 1890 902 1936; x_wconf 88' lang='lat' dir='ltr'><strong>est</strong></span> <span class='ocrx_word' id='word_1_223' title='bbox 930 1882 1023 1951; x_wconf 88' lang='lat' dir='ltr'><strong>itaque</strong></span> <span class='ocrx_word' id='word_1_224' title='bbox 1045 1881 1206 1944; x_wconf 82' lang='lat' dir='ltr'><strong>verisimile,</strong></span> <span class='ocrx_word' id='word_1_225' title='bbox 1230 1883 1294 1936; x_wconf 92' lang='lat' dir='ltr'><strong>mihi</strong></span> <span class='ocrx_word' id='word_1_226' title='bbox 1316 1883 1446 1937; x_wconf 87' lang='lat' dir='ltr'><strong>collatum</strong></span> <span class='ocrx_word' id='word_1_227' title='bbox 1467 1883 1500 1937; x_wconf 92' lang='lat' dir='ltr'><strong>iri</strong></span> 
     </span>
     <span class='ocr_line' id='line_1_21' title="bbox 136 1959 1501 2033; baseline 0.002 -21"><span class='ocrx_word' id='word_1_228' title='bbox 136 1959 266 2024; x_wconf 87' lang='lat' dir='ltr'><strong>tutelam,</strong></span> <span class='ocrx_word' id='word_1_229' title='bbox 288 1960 340 2014; x_wconf 89' lang='lat' dir='ltr'><strong>nisi</strong></span> <span class='ocrx_word' id='word_1_230' title='bbox 362 1962 434 2016; x_wconf 89' lang='lat' dir='ltr'><strong>forte</strong></span> <span class='ocrx_word' id='word_1_231' title='bbox 456 1963 541 2032; x_wconf 82' lang='lat' dir='ltr'><strong>aliqui</strong></span> <span class='ocrx_word' id='word_1_232' title='bbox 563 1963 744 2033; x_wconf 85' lang='lat' dir='ltr'><strong>magistratus</strong></span> <span class='ocrx_word' id='word_1_233' title='bbox 766 1970 902 2015; x_wconf 89' lang='lat' dir='ltr'><strong>certomm</strong></span> <span class='ocrx_word' id='word_1_234' title='bbox 922 1962 1049 2024; x_wconf 87' lang='lat' dir='ltr'><strong>locorum,</strong></span> <span class='ocrx_word' id='word_1_235' title='bbox 1073 1961 1099 2014; x_wconf 90' lang='lat' dir='ltr'><strong>in</strong></span> <span class='ocrx_word' id='word_1_236' title='bbox 1122 1978 1192 2031; x_wconf 87' lang='lat' dir='ltr'><strong>quae</strong></span> <span class='ocrx_word' id='word_1_237' title='bbox 1208 1964 1396 2016; x_wconf 83' lang='lat' dir='ltr'><strong>translaturus</strong></span> <span class='ocrx_word' id='word_1_238' title='bbox 1411 1979 1501 2016; x_wconf 91' lang='lat' dir='ltr'><strong>essem</strong></span> 
     </span>
     <span class='ocr_line' id='line_1_22' title="bbox 137 2040 1499 2113; baseline 0.002 -20"><span class='ocrx_word' id='word_1_239' title='bbox 137 2041 223 2102; x_wconf 88' lang='lat' dir='ltr'><strong>bona,</strong></span> <span class='ocrx_word' id='word_1_240' title='bbox 246 2057 295 2109; x_wconf 88' lang='lat' dir='ltr'><strong>pro</strong></span> <span class='ocrx_word' id='word_1_241' title='bbox 316 2042 369 2094; x_wconf 92' lang='lat' dir='ltr'><strong>hac</strong></span> <span class='ocrx_word' id='word_1_242' title='bbox 390 2042 482 2095; x_wconf 88' lang='lat' dir='ltr'><strong>tutela</strong></span> <span class='ocrx_word' id='word_1_243' title='bbox 502 2042 713 2113; x_wconf 88' lang='lat' dir='ltr'><strong>magistratibus</strong></span> <span class='ocrx_word' id='word_1_244' title='bbox 734 2041 869 2113; x_wconf 84' lang='lat' dir='ltr'><strong>Styriacis</strong></span> <span class='ocrx_word' id='word_1_245' title='bbox 890 2042 1025 2110; x_wconf 89' lang='lat' dir='ltr'><strong>spondero</strong></span> <span class='ocrx_word' id='word_1_246' title='bbox 1042 2040 1130 2110; x_wconf 82' lang='lat' dir='ltr'><strong>juxta</strong></span> <span class='ocrx_word' id='word_1_247' title='bbox 1151 2059 1192 2095; x_wconf 91' lang='lat' dir='ltr'><strong>me</strong></span> <span class='ocrx_word' id='word_1_248' title='bbox 1214 2042 1310 2098; x_wconf 83' lang='lat' dir='ltr'><strong>velint.</strong></span> <span class='ocrx_word' id='word_1_249' title='bbox 1349 2045 1393 2096; x_wconf 87' lang='lat' dir='ltr'><strong>An</strong></span> <span class='ocrx_word' id='word_1_250' title='bbox 1415 2042 1499 2096; x_wconf 89' lang='lat' dir='ltr'><strong>etiam</strong></span> 
     </span>
     <span class='ocr_line' id='line_1_23' title="bbox 137 2119 1499 2192; baseline 0.004 -20"><span class='ocrx_word' id='word_1_251' title='bbox 137 2120 167 2173; x_wconf 93' lang='lat' dir='ltr'><strong>in</strong></span> <span class='ocrx_word' id='word_1_252' title='bbox 188 2119 242 2172; x_wconf 89' lang='lat' dir='ltr'><strong>bac</strong></span> <span class='ocrx_word' id='word_1_253' title='bbox 262 2139 292 2174; x_wconf 88' lang='lat' dir='ltr'><strong>re</strong></span> <span class='ocrx_word' id='word_1_254' title='bbox 307 2121 445 2175; x_wconf 87' lang='lat' dir='ltr'><strong>Casalium</strong></span> <span class='ocrx_word' id='word_1_255' title='bbox 467 2129 649 2192; x_wconf 89' lang='lat' dir='ltr'><strong>promotorem</strong></span> <span class='ocrx_word' id='word_1_256' title='bbox 670 2122 736 2176; x_wconf 90' lang='lat' dir='ltr'><strong>mibi</strong></span> <span class='ocrx_word' id='word_1_257' title='bbox 757 2122 924 2191; x_wconf 84' lang='lat' dir='ltr'><strong>pollicearis,</strong></span> <span class='ocrx_word' id='word_1_258' title='bbox 947 2122 1064 2175; x_wconf 87' lang='lat' dir='ltr'><strong>audiam.</strong></span> <span class='ocrx_word' id='word_1_259' title='bbox 1096 2122 1166 2176; x_wconf 89' lang='lat' dir='ltr'><strong>Nam</strong></span> <span class='ocrx_word' id='word_1_260' title='bbox 1188 2123 1240 2175; x_wconf 92' lang='lat' dir='ltr'><strong>hoc</strong></span> <span class='ocrx_word' id='word_1_261' title='bbox 1261 2123 1323 2186; x_wconf 82' lang='lat' dir='ltr'><strong>iter,</strong></span> <span class='ocrx_word' id='word_1_262' title='bbox 1344 2124 1413 2178; x_wconf 87' lang='lat' dir='ltr'><strong>satis</strong></span> <span class='ocrx_word' id='word_1_263' title='bbox 1428 2139 1499 2178; x_wconf 87' lang='lat' dir='ltr'><strong>sum·</strong></span> 
     </span>
     <span class='ocr_line' id='line_1_24' title="bbox 140 2192 948 2271; baseline 0.004 -19"><span class='ocrx_word' id='word_1_264' title='bbox 140 2208 260 2263; x_wconf 82' lang='lat' dir='ltr'><strong>tunsum,</strong></span> <span class='ocrx_word' id='word_1_265' title='bbox 282 2192 339 2253; x_wconf 38' lang='lat' dir='ltr'><strong>nisi*</strong></span> <span class='ocrx_word' id='word_1_266' title='bbox 356 2202 461 2270; x_wconf 88' lang='lat' dir='ltr'><strong>optima</strong></span> <span class='ocrx_word' id='word_1_267' title='bbox 480 2219 530 2271; x_wconf 87' lang='lat' dir='ltr'><strong>spe</strong></span> <span class='ocrx_word' id='word_1_268' title='bbox 551 2220 605 2256; x_wconf 94' lang='lat' dir='ltr'><strong>non</strong></span> <span class='ocrx_word' id='word_1_269' title='bbox 626 2203 745 2256; x_wconf 89' lang='lat' dir='ltr'><strong>libenter</strong></span> <span class='ocrx_word' id='word_1_270' title='bbox 766 2219 948 2271; x_wconf 86' lang='lat' dir='ltr'><strong>capesserem.</strong></span> 
     </span>
    </p>

    <p class='ocr_par' dir='ltr' id='par_1_11' title="bbox 136 2281 1501 2513">
     <span class='ocr_line' id='line_1_25' title="bbox 230 2281 1500 2353; baseline 0.002 -20"><span class='ocrx_word' id='word_1_271' title='bbox 230 2281 308 2342; x_wconf 86' lang='lat' dir='ltr'><strong>Quod</strong></span> <span class='ocrx_word' id='word_1_272' title='bbox 330 2281 433 2334; x_wconf 89' lang='lat' dir='ltr'><strong>attinet</strong></span> <span class='ocrx_word' id='word_1_273' title='bbox 453 2282 561 2336; x_wconf 84' lang='lat' dir='ltr'><strong>reniam</strong></span> <span class='ocrx_word' id='word_1_274' title='bbox 583 2282 762 2353; x_wconf 87' lang='lat' dir='ltr'><strong>ingrediendi,</strong></span> <span class='ocrx_word' id='word_1_275' title='bbox 788 2300 847 2336; x_wconf 88' lang='lat' dir='ltr'><strong>cum</strong></span> <span class='ocrx_word' id='word_1_276' title='bbox 868 2282 977 2336; x_wconf 81' lang='lat' dir='ltr'><strong>vocatio</strong></span> <span class='ocrx_word' id='word_1_277' title='bbox 998 2297 1060 2335; x_wconf 90' lang='lat' dir='ltr'><strong>mea</strong></span> <span class='ocrx_word' id='word_1_278' title='bbox 1079 2281 1171 2335; x_wconf 90' lang='lat' dir='ltr'><strong>aulica</strong></span> <span class='ocrx_word' id='word_1_279' title='bbox 1192 2289 1256 2336; x_wconf 89' lang='lat' dir='ltr'><strong>ante</strong></span> <span class='ocrx_word' id='word_1_280' title='bbox 1278 2281 1500 2336; x_wconf 82' lang='lat' dir='ltr'><strong>reformationem</strong></span> 
     </span>
     <span class='ocr_line' id='line_1_26' title="bbox 137 2360 1499 2433; baseline 0.001 -19"><span class='ocrx_word' id='word_1_281' title='bbox 137 2360 217 2414; x_wconf 88' lang='lat' dir='ltr'><strong>illam</strong></span> <span class='ocrx_word' id='word_1_282' title='bbox 238 2369 369 2429; x_wconf 90' lang='lat' dir='ltr'><strong>suscepta</strong></span> <span class='ocrx_word' id='word_1_283' title='bbox 388 2368 419 2414; x_wconf 90' lang='lat' dir='ltr'><strong>et</strong></span> <span class='ocrx_word' id='word_1_284' title='bbox 437 2361 576 2426; x_wconf 89' lang='lat' dir='ltr'><strong>inchoata,</strong></span> <span class='ocrx_word' id='word_1_285' title='bbox 599 2379 801 2433; x_wconf 87' lang='lat' dir='ltr'><strong>consensusque</strong></span> <span class='ocrx_word' id='word_1_286' title='bbox 816 2362 944 2416; x_wconf 85' lang='lat' dir='ltr'><strong>Caesaris</strong></span> <span class='ocrx_word' id='word_1_287' title='bbox 966 2362 1129 2429; x_wconf 91' lang='lat' dir='ltr'><strong>impetratus</strong></span> <span class='ocrx_word' id='word_1_288' title='bbox 1148 2360 1191 2425; x_wconf 87' lang='lat' dir='ltr'><strong>sit,</strong></span> <span class='ocrx_word' id='word_1_289' title='bbox 1215 2377 1286 2432; x_wconf 86' lang='lat' dir='ltr'><strong>quac</strong></span> <span class='ocrx_word' id='word_1_290' title='bbox 1304 2362 1420 2432; x_wconf 89' lang='lat' dir='ltr'><strong>denique</strong></span> <span class='ocrx_word' id='word_1_291' title='bbox 1434 2379 1499 2415; x_wconf 94' lang='lat' dir='ltr'><strong>con·</strong></span> 
     </span>
     <span class='ocr_line' id='line_1_27' title="bbox 136 2438 1501 2513; baseline 0.001 -20"><span class='ocrx_word' id='word_1_292' title='bbox 136 2443 252 2494; x_wconf 85' lang='lat' dir='ltr'><strong>firmata</strong></span> <span class='ocrx_word' id='word_1_293' title='bbox 272 2457 321 2493; x_wconf 90' lang='lat' dir='ltr'><strong>seu</strong></span> <span class='ocrx_word' id='word_1_294' title='bbox 341 2438 487 2495; x_wconf 67' lang='lat' dir='ltr'><strong>ratificata&#39;</strong></span> <span class='ocrx_word' id='word_1_295' title='bbox 503 2443 556 2495; x_wconf 89' lang='lat' dir='ltr'><strong>fuit</strong></span> <span class='ocrx_word' id='word_1_296' title='bbox 575 2442 694 2512; x_wconf 90' lang='lat' dir='ltr'><strong>penitus,</strong></span> <span class='ocrx_word' id='word_1_297' title='bbox 716 2460 866 2513; x_wconf 84' lang='lat' dir='ltr'><strong>persuasus</strong></span> <span class='ocrx_word' id='word_1_298' title='bbox 888 2443 947 2495; x_wconf 86' lang='lat' dir='ltr'><strong>fere</strong></span> <span class='ocrx_word' id='word_1_299' title='bbox 968 2458 1035 2503; x_wconf 83' lang='lat' dir='ltr'><strong>sum,</strong></span> <span class='ocrx_word' id='word_1_300' title='bbox 1058 2441 1218 2511; x_wconf 84' lang='lat' dir='ltr'><strong>exspirasse</strong></span> <span class='ocrx_word' id='word_1_301' title='bbox 1240 2443 1316 2495; x_wconf 92' lang='lat' dir='ltr'><strong>illam</strong></span> <span class='ocrx_word' id='word_1_302' title='bbox 1337 2441 1501 2510; x_wconf 86' lang='lat' dir='ltr'><strong>ejectionem</strong></span> 
     </span>
    </p>
   </div>
   <div class='ocr_carea' id='block_1_5' title="bbox 137 2520 1505 4044">
    <p class='ocr_par' dir='ltr' id='par_1_12' title="bbox 137 2520 1500 2671">
     <span class='ocr_line' id='line_1_28' title="bbox 137 2520 1500 2593; baseline 0.001 -19"><span class='ocrx_word' id='word_1_303' title='bbox 137 2527 170 2574; x_wconf 86' lang='grc' dir='ltr'><strong>ιι</strong></span> <span class='ocrx_word' id='word_1_304' title='bbox 190 2520 389 2588; x_wconf 78' lang='lat' dir='ltr'><strong>provinciarum</strong></span> <span class='ocrx_word' id='word_1_305' title='bbox 411 2521 632 2591; x_wconf 83' lang='lat' dir='ltr'><strong>prohibitionem,</strong></span> <span class='ocrx_word' id='word_1_306' title='bbox 655 2540 705 2576; x_wconf 90' lang='lat' dir='ltr'><strong>nec</strong></span> <span class='ocrx_word' id='word_1_307' title='bbox 725 2539 787 2576; x_wconf 89' lang='lat' dir='ltr'><strong>esse</strong></span> <span class='ocrx_word' id='word_1_308' title='bbox 808 2522 991 2577; x_wconf 85' lang='lat' dir='ltr'><strong>refricandam</strong></span> <span class='ocrx_word' id='word_1_309' title='bbox 1006 2520 1066 2589; x_wconf 88' lang='lat' dir='ltr'><strong>cjus</strong></span> <span class='ocrx_word' id='word_1_310' title='bbox 1081 2520 1236 2593; x_wconf 73' lang='lat' dir='ltr'><strong>memoriam</strong></span> <span class='ocrx_word' id='word_1_311' title='bbox 1252 2522 1385 2592; x_wconf 87' lang='lat' dir='ltr'><strong>petitione</strong></span> <span class='ocrx_word' id='word_1_312' title='bbox 1402 2521 1500 2576; x_wconf 84' lang='lat' dir='ltr'><strong>veniae</strong></span> 
     </span>
     <span class='ocr_line' id='line_1_29' title="bbox 140 2600 322 2671; baseline 0.005 -19"><span class='ocrx_word' id='word_1_313' title='bbox 140 2600 322 2671; x_wconf 89' lang='lat' dir='ltr'><strong>ingrediendi.</strong></span> 
     </span>
    </p>

    <p class='ocr_par' dir='ltr' id='par_1_13' title="bbox 139 2679 1499 2833">
     <span class='ocr_line' id='line_1_30' title="bbox 229 2679 1499 2754; baseline 0.003 -20"><span class='ocrx_word' id='word_1_314' title='bbox 229 2679 283 2734; x_wconf 87' lang='lat' dir='ltr'><strong>Sed</strong></span> <span class='ocrx_word' id='word_1_315' title='bbox 304 2697 398 2735; x_wconf 84' lang='lat' dir='ltr'><strong>rerum</strong></span> <span class='ocrx_word' id='word_1_316' title='bbox 420 2689 480 2746; x_wconf 89' lang='lat' dir='ltr'><strong>est,</strong></span> <span class='ocrx_word' id='word_1_317' title='bbox 504 2689 628 2736; x_wconf 90' lang='lat' dir='ltr'><strong>amantes</strong></span> <span class='ocrx_word' id='word_1_318' title='bbox 651 2682 692 2736; x_wconf 91' lang='lat' dir='ltr'><strong>sui</strong></span> <span class='ocrx_word' id='word_1_319' title='bbox 716 2683 836 2754; x_wconf 89' lang='lat' dir='ltr'><strong>ipsorum</strong></span> <span class='ocrx_word' id='word_1_320' title='bbox 857 2681 910 2751; x_wconf 90' lang='lat' dir='ltr'><strong>ipsi</strong></span> <span class='ocrx_word' id='word_1_321' title='bbox 932 2680 984 2734; x_wconf 90' lang='lat' dir='ltr'><strong>sibi</strong></span> <span class='ocrx_word' id='word_1_322' title='bbox 1004 2681 1112 2753; x_wconf 86' lang='lat' dir='ltr'><strong>lingunt</strong></span> <span class='ocrx_word' id='word_1_323' title='bbox 1133 2681 1233 2736; x_wconf 88' lang='lat' dir='ltr'><strong>dulcia.</strong></span> <span class='ocrx_word' id='word_1_324' title='bbox 1276 2681 1304 2736; x_wconf 89' lang='lat' dir='ltr'><strong>Si</strong></span> <span class='ocrx_word' id='word_1_325' title='bbox 1325 2681 1499 2753; x_wconf 83' lang='lat' dir='ltr'><strong>periculosae</strong></span> 
     </span>
     <span class='ocr_line' id='line_1_31' title="bbox 139 2758 1443 2833; baseline 0.002 -20"><span class='ocrx_word' id='word_1_326' title='bbox 139 2765 210 2813; x_wconf 88' lang='lat' dir='ltr'><strong>sunt</strong></span> <span class='ocrx_word' id='word_1_327' title='bbox 229 2761 283 2814; x_wconf 90' lang='lat' dir='ltr'><strong>hae</strong></span> <span class='ocrx_word' id='word_1_328' title='bbox 304 2776 383 2815; x_wconf 89' lang='lat' dir='ltr'><strong>meae</strong></span> <span class='ocrx_word' id='word_1_329' title='bbox 404 2760 597 2832; x_wconf 86' lang='lat' dir='ltr'><strong>cogitationes,</strong></span> <span class='ocrx_word' id='word_1_330' title='bbox 620 2771 753 2833; x_wconf 84' lang='lat' dir='ltr'><strong>exspecto</strong></span> <span class='ocrx_word' id='word_1_331' title='bbox 775 2762 996 2818; x_wconf 87' lang='lat' dir='ltr'><strong>admonitionem.</strong></span> <span class='ocrx_word' id='word_1_332' title='bbox 1436 2758 1443 2769; x_wconf 80' lang='grc'><em>’</em></span> 
     </span>
    </p>

    <p class='ocr_par' dir='ltr' id='par_1_14' title="bbox 139 2835 1504 3192">
     <span class='ocr_line' id='line_1_32' title="bbox 232 2835 1502 2906; baseline 0.002 -18"><span class='ocrx_word' id='word_1_333' title='bbox 232 2835 303 2899; x_wconf 82' lang='lat' dir='ltr'><strong>Quae</strong></span> <span class='ocrx_word' id='word_1_334' title='bbox 325 2847 457 2902; x_wconf 81' lang='lat' dir='ltr'><strong>supersunt</strong></span> <span class='ocrx_word' id='word_1_335' title='bbox 479 2839 567 2890; x_wconf 84' lang='lat' dir='ltr'><strong>baram</strong></span> <span class='ocrx_word' id='word_1_336' title='bbox 589 2840 722 2902; x_wconf 88' lang='lat' dir='ltr'><strong>literarum,</strong></span> <span class='ocrx_word' id='word_1_337' title='bbox 748 2856 809 2906; x_wconf 85' lang='lat' dir='ltr'><strong>quas</strong></span> <span class='ocrx_word' id='word_1_338' title='bbox 828 2842 927 2906; x_wconf 84' lang='lat' dir='ltr'><strong>scripsit</strong></span> <span class='ocrx_word' id='word_1_339' title='bbox 944 2838 1068 2902; x_wconf 87' lang='lat' dir='ltr'><strong>Keplerns</strong></span> <span class='ocrx_word' id='word_1_340' title='bbox 1086 2838 1186 2903; x_wconf 85' lang='lat' dir='ltr'><strong>Pragse</strong></span> <span class='ocrx_word' id='word_1_341' title='bbox 1206 2839 1230 2889; x_wconf 92' lang='lat' dir='ltr'><strong>d.</strong></span> <span class='ocrx_word' id='word_1_342' title='bbox 1250 2840 1274 2890; x_wconf 84' lang='lat'><strong>5.</strong></span> <span class='ocrx_word' id='word_1_343' title='bbox 1292 2840 1343 2892; x_wconf 79' lang='lat' dir='ltr'><strong>Jul.</strong></span> <span class='ocrx_word' id='word_1_344' title='bbox 1364 2837 1441 2898; x_wconf 83' lang='grc'><strong>1603,</strong></span> <span class='ocrx_word' id='word_1_345' title='bbox 1466 2841 1502 2891; x_wconf 87' lang='lat' dir='ltr'><strong>ls-</strong></span> 
     </span>
     <span class='ocr_line' id='line_1_33' title="bbox 140 2908 1504 2975; baseline 0.003 -17"><span class='ocrx_word' id='word_1_346' title='bbox 140 2916 235 2975; x_wconf 88' lang='lat' dir='ltr'><strong>guntnr</strong></span> <span class='ocrx_word' id='word_1_347' title='bbox 251 2910 278 2958; x_wconf 90' lang='lat' dir='ltr'><strong>in</strong></span> <span class='ocrx_word' id='word_1_348' title='bbox 298 2908 390 2973; x_wconf 87' lang='lat' dir='ltr'><strong>Optica</strong></span> <span class='ocrx_word' id='word_1_349' title='bbox 407 2917 433 2960; x_wconf 92' lang='lat' dir='ltr'><strong>et</strong></span> <span class='ocrx_word' id='word_1_350' title='bbox 451 2912 475 2959; x_wconf 92' lang='lat' dir='ltr'><strong>in</strong></span> <span class='ocrx_word' id='word_1_351' title='bbox 495 2912 573 2975; x_wconf 84' lang='lat' dir='ltr'><strong>praef.</strong></span> <span class='ocrx_word' id='word_1_352' title='bbox 599 2911 630 2962; x_wconf 91' lang='lat' dir='ltr'><strong>ad</strong></span> <span class='ocrx_word' id='word_1_353' title='bbox 651 2911 788 2962; x_wconf 80' lang='lat' dir='ltr'><strong>comment.</strong></span> <span class='ocrx_word' id='word_1_354' title='bbox 807 2913 904 2962; x_wconf 86' lang='lat' dir='ltr'><strong>Martis.</strong></span> <span class='ocrx_word' id='word_1_355' title='bbox 942 2910 1047 2973; x_wconf 83' lang='lat' dir='ltr'><strong>Spectat</strong></span> <span class='ocrx_word' id='word_1_356' title='bbox 1064 2910 1188 2973; x_wconf 88' lang='lat' dir='ltr'><strong>Keplems</strong></span> <span class='ocrx_word' id='word_1_357' title='bbox 1213 2913 1293 2962; x_wconf 80' lang='lat' dir='ltr'><strong>serbis</strong></span> <span class='ocrx_word' id='word_1_358' title='bbox 1317 2913 1367 2962; x_wconf 87' lang='lat' dir='ltr'><strong>suis</strong></span> <span class='ocrx_word' id='word_1_359' title='bbox 1397 2914 1504 2975; x_wconf 77' lang='lat' dir='ltr'><strong>„ejectio</strong></span> 
     </span>
     <span class='ocr_line' id='line_1_34' title="bbox 139 2980 1501 3048; baseline 0.001 -17"><span class='ocrx_word' id='word_1_360' title='bbox 139 2989 168 3031; x_wconf 90' lang='lat' dir='ltr'><strong>et</strong></span> <span class='ocrx_word' id='word_1_361' title='bbox 184 2981 363 3045; x_wconf 81' lang='lat' dir='ltr'><strong>provinciarum</strong></span> <span class='ocrx_word' id='word_1_362' title='bbox 381 2981 528 3045; x_wconf 79' lang='lat' dir='ltr'><strong>probibitio¹⁴</strong></span> <span class='ocrx_word' id='word_1_363' title='bbox 548 2989 653 3046; x_wconf 82' lang='lat' dir='ltr'><strong>tempus,</strong></span> <span class='ocrx_word' id='word_1_364' title='bbox 671 2998 718 3048; x_wconf 84' lang='lat' dir='ltr'><strong>quo</strong></span> <span class='ocrx_word' id='word_1_365' title='bbox 738 2999 792 3034; x_wconf 88' lang='lat' dir='ltr'><strong>cum</strong></span> <span class='ocrx_word' id='word_1_366' title='bbox 812 2984 866 3034; x_wconf 89' lang='lat' dir='ltr'><strong>aliis</strong></span> <span class='ocrx_word' id='word_1_367' title='bbox 886 2983 980 3034; x_wconf 82' lang='lat' dir='ltr'><strong>Grattii</strong></span> <span class='ocrx_word' id='word_1_368' title='bbox 999 2981 1091 3031; x_wconf 80' lang='lat' dir='ltr'><strong>civibus</strong></span> <span class='ocrx_word' id='word_1_369' title='bbox 1110 2980 1212 3031; x_wconf 83' lang='lat' dir='ltr'><strong>lmtberi</strong></span> <span class='ocrx_word' id='word_1_370' title='bbox 1232 2983 1290 3033; x_wconf 83' lang='lat' dir='ltr'><strong>fidei</strong></span> <span class='ocrx_word' id='word_1_371' title='bbox 1309 2984 1414 3033; x_wconf 83' lang='lat' dir='ltr'><strong>addictis</strong></span> <span class='ocrx_word' id='word_1_372' title='bbox 1434 2986 1501 3045; x_wconf 75' lang='lat' dir='ltr'><strong>eiec-</strong></span> 
     </span>
     <span class='ocr_line' id='line_1_35' title="bbox 139 3050 1499 3119; baseline 0.003 -17"><span class='ocrx_word' id='word_1_373' title='bbox 139 3059 181 3102; x_wconf 87' lang='lat' dir='ltr'><strong>tus</strong></span> <span class='ocrx_word' id='word_1_374' title='bbox 201 3067 215 3102; x_wconf 94' lang='lat' dir='ltr'><strong>e</strong></span> <span class='ocrx_word' id='word_1_375' title='bbox 233 3050 317 3115; x_wconf 77' lang='lat' dir='ltr'><strong>styria</strong></span> <span class='ocrx_word' id='word_1_376' title='bbox 333 3054 359 3102; x_wconf 89' lang='lat' dir='ltr'><strong>in</strong></span> <span class='ocrx_word' id='word_1_377' title='bbox 377 3052 533 3117; x_wconf 84' lang='lat' dir='ltr'><strong>Hungarians</strong></span> <span class='ocrx_word' id='word_1_378' title='bbox 551 3055 664 3114; x_wconf 75' lang='lat' dir='ltr'><strong>excurrit,</strong></span> <span class='ocrx_word' id='word_1_379' title='bbox 685 3063 711 3105; x_wconf 89' lang='lat' dir='ltr'><strong>et</strong></span> <span class='ocrx_word' id='word_1_380' title='bbox 728 3056 794 3105; x_wconf 84' lang='lat' dir='ltr'><strong>brari</strong></span> <span class='ocrx_word' id='word_1_381' title='bbox 812 3063 867 3119; x_wconf 89' lang='lat' dir='ltr'><strong>post</strong></span> <span class='ocrx_word' id='word_1_382' title='bbox 885 3055 1013 3105; x_wconf 84' lang='lat' dir='ltr'><strong>Graetinm</strong></span> <span class='ocrx_word' id='word_1_383' title='bbox 1030 3067 1142 3103; x_wconf 81' lang='lat' dir='ltr'><strong>reseram</strong></span> <span class='ocrx_word' id='word_1_384' title='bbox 1161 3053 1218 3104; x_wconf 91' lang='lat' dir='ltr'><strong>binc</strong></span> <span class='ocrx_word' id='word_1_385' title='bbox 1237 3054 1269 3104; x_wconf 91' lang='lat' dir='ltr'><strong>ad</strong></span> <span class='ocrx_word' id='word_1_386' title='bbox 1283 3053 1426 3117; x_wconf 80' lang='lat' dir='ltr'><strong>Tycbonem</strong></span> <span class='ocrx_word' id='word_1_387' title='bbox 1439 3054 1499 3106; x_wconf 86' lang='lat' dir='ltr'><strong>Pra-</strong></span> 
     </span>
     <span class='ocr_line' id='line_1_36' title="bbox 139 3121 927 3192; baseline 0.005 -20"><span class='ocrx_word' id='word_1_388' title='bbox 139 3138 201 3188; x_wconf 76' lang='lat' dir='ltr'><strong>gam</strong></span> <span class='ocrx_word' id='word_1_389' title='bbox 219 3136 246 3173; x_wconf 80' lang='lat' dir='ltr'><strong>se</strong></span> <span class='ocrx_word' id='word_1_390' title='bbox 264 3123 375 3173; x_wconf 84' lang='lat' dir='ltr'><strong>contulit.</strong></span> <span class='ocrx_word' id='word_1_391' title='bbox 395 3122 491 3189; x_wconf 82' lang='lat' dir='ltr'><strong>(Comp.</strong></span> <span class='ocrx_word' id='word_1_392' title='bbox 511 3141 535 3189; x_wconf 92' lang='lat' dir='ltr'><strong>p.</strong></span> <span class='ocrx_word' id='word_1_393' title='bbox 556 3121 661 3192; x_wconf 64' lang='lat' dir='ltr'><strong>tate.</strong></span> <span class='ocrx_word' id='word_1_394' title='bbox 681 3124 726 3188; x_wconf 85' lang='lat' dir='ltr'><strong>ss.)</strong></span> <span class='ocrx_word' id='word_1_395' title='bbox 924 3180 927 3184; x_wconf 63' lang='grc'><em>,</em></span> 
     </span>
    </p>

    <p class='ocr_par' dir='ltr' id='par_1_15' title="bbox 141 3191 1505 3689">
     <span class='ocr_line' id='line_1_37' title="bbox 231 3191 1502 3261; baseline 0.002 -19"><span class='ocrx_word' id='word_1_396' title='bbox 231 3194 271 3243; x_wconf 81' lang='lat' dir='ltr'><strong>ad</strong></span> <span class='ocrx_word' id='word_1_397' title='bbox 288 3195 333 3243; x_wconf 91' lang='lat' dir='ltr'><strong>bas</strong></span> <span class='ocrx_word' id='word_1_398' title='bbox 351 3195 436 3245; x_wconf 89' lang='lat' dir='ltr'><strong>literas</strong></span> <span class='ocrx_word' id='word_1_399' title='bbox 455 3211 504 3245; x_wconf 91' lang='lat' dir='ltr'><strong>non</strong></span> <span class='ocrx_word' id='word_1_400' title='bbox 522 3197 648 3261; x_wconf 84' lang='lat' dir='ltr'><strong>respondit</strong></span> <span class='ocrx_word' id='word_1_401' title='bbox 660 3197 812 3254; x_wconf 82' lang='grc' dir='ltr'><strong>Ηιιιιιιιιι,</strong></span> <span class='ocrx_word' id='word_1_402' title='bbox 832 3196 872 3245; x_wconf 89' lang='lat' dir='ltr'><strong>die</strong></span> <span class='ocrx_word' id='word_1_403' title='bbox 890 3196 989 3248; x_wconf 90' lang='lat' dir='ltr'><strong>demum</strong></span> <span class='ocrx_word' id='word_1_404' title='bbox 1010 3191 1050 3244; x_wconf 83' lang='grc'><strong>13.</strong></span> <span class='ocrx_word' id='word_1_405' title='bbox 1066 3194 1128 3245; x_wconf 84' lang='lat' dir='ltr'><strong>Nor.</strong></span> <span class='ocrx_word' id='word_1_406' title='bbox 1147 3196 1171 3244; x_wconf 92' lang='lat' dir='ltr'><strong>b.</strong></span> <span class='ocrx_word' id='word_1_407' title='bbox 1194 3195 1347 3260; x_wconf 87' lang='lat' dir='ltr'><strong>a..Keplero</strong></span> <span class='ocrx_word' id='word_1_408' title='bbox 1364 3198 1502 3248; x_wconf 86' lang='lat' dir='ltr'><strong>nuncians:</strong></span> 
     </span>
     <span class='ocr_line' id='line_1_38' title="bbox 143 3265 1505 3333; baseline 0.001 -17"><span class='ocrx_word' id='word_1_409' title='bbox 143 3266 218 3324; x_wconf 79' lang='lat' dir='ltr'><strong>„dass</strong></span> <span class='ocrx_word' id='word_1_410' title='bbox 245 3265 285 3314; x_wconf 89' lang='lat' dir='ltr'><strong>ich</strong></span> <span class='ocrx_word' id='word_1_411' title='bbox 309 3280 396 3331; x_wconf 72' lang='lat' dir='ltr'><strong>regen</strong></span> <span class='ocrx_word' id='word_1_412' title='bbox 415 3267 614 3332; x_wconf 83' lang='lat' dir='ltr'><strong>sugestandener</strong></span> <span class='ocrx_word' id='word_1_413' title='bbox 630 3267 795 3333; x_wconf 84' lang='lat' dir='ltr'><strong>Leibsungele</strong></span> <span class='ocrx_word' id='word_1_414' title='bbox 814 3267 910 3322; x_wconf 84' lang='lat' dir='ltr'><strong>enheit.</strong></span> <span class='ocrx_word' id='word_1_415' title='bbox 936 3267 1001 3318; x_wconf 87' lang='lat' dir='ltr'><strong>auch</strong></span> <span class='ocrx_word' id='word_1_416' title='bbox 1026 3266 1132 3318; x_wconf 88' lang='lat' dir='ltr'><strong>anderer</strong></span> <span class='ocrx_word' id='word_1_417' title='bbox 1150 3265 1251 3326; x_wconf 75' lang='lat' dir='ltr'><strong>Unttll,</strong></span> <span class='ocrx_word' id='word_1_418' title='bbox 1276 3270 1422 3331; x_wconf 88' lang='lat' dir='ltr'><strong>praesertim</strong></span> <span class='ocrx_word' id='word_1_419' title='bbox 1447 3284 1505 3320; x_wconf 86' lang='lat' dir='ltr'><strong>rere</strong></span> 
     </span>
     <span class='ocr_line' id='line_1_39' title="bbox 142 3336 1504 3403; baseline 0.003 -18"><span class='ocrx_word' id='word_1_420' title='bbox 142 3343 240 3401; x_wconf 90' lang='lat' dir='ltr'><strong>propter</strong></span> <span class='ocrx_word' id='word_1_421' title='bbox 258 3336 351 3386; x_wconf 88' lang='lat' dir='ltr'><strong>obitum</strong></span> <span class='ocrx_word' id='word_1_422' title='bbox 369 3341 481 3403; x_wconf 76' lang='lat' dir='ltr'><strong>coniugis</strong></span> <span class='ocrx_word' id='word_1_423' title='bbox 499 3353 579 3393; x_wconf 90' lang='lat' dir='ltr'><strong>meae.</strong></span> <span class='ocrx_word' id='word_1_424' title='bbox 597 3340 709 3389; x_wconf 89' lang='lat' dir='ltr'><strong>saidbero</strong></span> <span class='ocrx_word' id='word_1_425' title='bbox 728 3342 765 3389; x_wconf 91' lang='lat' dir='ltr'><strong>nit</strong></span> <span class='ocrx_word' id='word_1_426' title='bbox 815 3341 846 3389; x_wconf 90' lang='lat' dir='ltr'><strong>eil</strong></span> <span class='ocrx_word' id='word_1_427' title='bbox 864 3339 966 3403; x_wconf 82' lang='lat' dir='ltr'><strong>gahabt,</strong></span> <span class='ocrx_word' id='word_1_428' title='bbox 986 3339 1035 3388; x_wconf 89' lang='lat' dir='ltr'><strong>den</strong></span> <span class='ocrx_word' id='word_1_429' title='bbox 1053 3338 1140 3387; x_wconf 88' lang='lat' dir='ltr'><strong>studiis</strong></span> <span class='ocrx_word' id='word_1_430' title='bbox 1159 3337 1399 3390; x_wconf 81' lang='lat' dir='ltr'><strong>nacbzukornmen.“</strong></span> <span class='ocrx_word' id='word_1_431' title='bbox 1438 3340 1504 3391; x_wconf 86' lang='lat' dir='ltr'><strong>Dein</strong></span> 
     </span>
     <span class='ocr_line' id='line_1_40' title="bbox 142 3407 1504 3474; baseline 0.001 -17"><span class='ocrx_word' id='word_1_432' title='bbox 142 3407 240 3472; x_wconf 83' lang='lat' dir='ltr'><strong>pergit,</strong></span> <span class='ocrx_word' id='word_1_433' title='bbox 258 3407 361 3471; x_wconf 88' lang='lat' dir='ltr'><strong>Kepleri</strong></span> <span class='ocrx_word' id='word_1_434' title='bbox 379 3417 496 3473; x_wconf 82' lang='lat' dir='ltr'><strong>spectans</strong></span> <span class='ocrx_word' id='word_1_435' title='bbox 515 3409 640 3474; x_wconf 88' lang='lat' dir='ltr'><strong>querelas:</strong></span> <span class='ocrx_word' id='word_1_436' title='bbox 666 3425 710 3469; x_wconf 62' lang='lat' dir='ltr'><strong>„aa</strong></span> <span class='ocrx_word' id='word_1_437' title='bbox 731 3411 778 3461; x_wconf 87' lang='lat' dir='ltr'><strong>hat</strong></span> <span class='ocrx_word' id='word_1_438' title='bbox 799 3413 845 3458; x_wconf 89' lang='lat' dir='ltr'><strong>mir</strong></span> <span class='ocrx_word' id='word_1_439' title='bbox 867 3411 893 3459; x_wconf 89' lang='lat' dir='ltr'><strong>in</strong></span> <span class='ocrx_word' id='word_1_440' title='bbox 912 3410 1044 3474; x_wconf 80' lang='lat' dir='ltr'><strong>Augsburg</strong></span> <span class='ocrx_word' id='word_1_441' title='bbox 1073 3410 1140 3458; x_wconf 88' lang='lat' dir='ltr'><strong>mein</strong></span> <span class='ocrx_word' id='word_1_442' title='bbox 1159 3407 1248 3460; x_wconf 86' lang='lat' dir='ltr'><strong>Vetter</strong></span> <span class='ocrx_word' id='word_1_443' title='bbox 1264 3408 1382 3461; x_wconf 86' lang='lat' dir='ltr'><strong>Matbens</strong></span> <span class='ocrx_word' id='word_1_444' title='bbox 1400 3412 1504 3469; x_wconf 78' lang='lat' dir='ltr'><strong>Walter,</strong></span> 
     </span>
     <span class='ocr_line' id='line_1_41' title="bbox 141 3478 1505 3545; baseline 0.004 -18"><span class='ocrx_word' id='word_1_445' title='bbox 141 3478 302 3543; x_wconf 86' lang='lat' dir='ltr'><strong>angebender</strong></span> <span class='ocrx_word' id='word_1_446' title='bbox 320 3478 634 3545; x_wconf 86' lang='lat' dir='ltr'><strong>Reicbspfenningmaister</strong></span> <span class='ocrx_word' id='word_1_447' title='bbox 660 3479 783 3544; x_wconf 82' lang='lat' dir='ltr'><strong>[aerarius</strong></span> <span class='ocrx_word' id='word_1_448' title='bbox 801 3478 908 3545; x_wconf 88' lang='lat' dir='ltr'><strong>imperii)</strong></span> <span class='ocrx_word' id='word_1_449' title='bbox 937 3480 1089 3537; x_wconf 85' lang='lat' dir='ltr'><strong>rermeldet‚</strong></span> <span class='ocrx_word' id='word_1_450' title='bbox 1117 3479 1164 3527; x_wconf 78' lang='lat' dir='ltr'><strong>vie</strong></span> <span class='ocrx_word' id='word_1_451' title='bbox 1189 3494 1216 3529; x_wconf 91' lang='lat' dir='ltr'><strong>es</strong></span> <span class='ocrx_word' id='word_1_452' title='bbox 1242 3480 1297 3529; x_wconf 85' lang='lat' dir='ltr'><strong>dem</strong></span> <span class='ocrx_word' id='word_1_453' title='bbox 1316 3482 1397 3531; x_wconf 89' lang='lat' dir='ltr'><strong>llerrn</strong></span> <span class='ocrx_word' id='word_1_454' title='bbox 1417 3483 1442 3531; x_wconf 92' lang='lat' dir='ltr'><strong>in</strong></span> <span class='ocrx_word' id='word_1_455' title='bbox 1462 3483 1505 3532; x_wconf 87' lang='lat' dir='ltr'><strong>der</strong></span> 
     </span>
     <span class='ocr_line' id='line_1_42' title="bbox 142 3548 1505 3618; baseline 0.003 -20"><span class='ocrx_word' id='word_1_456' title='bbox 142 3549 309 3614; x_wconf 82' lang='lat' dir='ltr'><strong>Entricbtung</strong></span> <span class='ocrx_word' id='word_1_457' title='bbox 336 3551 379 3599; x_wconf 92' lang='lat' dir='ltr'><strong>der</strong></span> <span class='ocrx_word' id='word_1_458' title='bbox 406 3553 599 3615; x_wconf 82' lang='lat' dir='ltr'><strong>versprocbenen</strong></span> <span class='ocrx_word' id='word_1_459' title='bbox 618 3551 762 3616; x_wconf 83' lang='lat' dir='ltr'><strong>Beseldnng</strong></span> <span class='ocrx_word' id='word_1_460' title='bbox 787 3553 885 3616; x_wconf 83' lang='lat' dir='ltr'><strong>argebe.</strong></span> <span class='ocrx_word' id='word_1_461' title='bbox 924 3551 977 3600; x_wconf 88' lang='lat' dir='ltr'><strong>llas</strong></span> <span class='ocrx_word' id='word_1_462' title='bbox 999 3550 1050 3600; x_wconf 88' lang='lat' dir='ltr'><strong>bab</strong></span> <span class='ocrx_word' id='word_1_463' title='bbox 1074 3548 1114 3598; x_wconf 92' lang='lat' dir='ltr'><strong>icb</strong></span> <span class='ocrx_word' id='word_1_464' title='bbox 1133 3548 1215 3613; x_wconf 83' lang='lat' dir='ltr'><strong>gleicb</strong></span> <span class='ocrx_word' id='word_1_465' title='bbox 1234 3551 1340 3617; x_wconf 86' lang='lat' dir='ltr'><strong>anlangs</strong></span> <span class='ocrx_word' id='word_1_466' title='bbox 1360 3551 1423 3601; x_wconf 75' lang='lat' dir='ltr'><strong>wohl</strong></span> <span class='ocrx_word' id='word_1_467' title='bbox 1441 3551 1505 3618; x_wconf 83' lang='lat' dir='ltr'><strong>Sorg</strong></span> 
     </span>
     <span class='ocr_line' id='line_1_43' title="bbox 142 3616 1159 3689; baseline -0.001 -19"><span class='ocrx_word' id='word_1_468' title='bbox 142 3620 246 3686; x_wconf 80' lang='lat' dir='ltr'><strong>gehabt.</strong></span> <span class='ocrx_word' id='word_1_469' title='bbox 283 3621 360 3671; x_wconf 86' lang='lat' dir='ltr'><strong>Kann</strong></span> <span class='ocrx_word' id='word_1_470' title='bbox 380 3621 421 3671; x_wconf 92' lang='lat' dir='ltr'><strong>icb</strong></span> <span class='ocrx_word' id='word_1_471' title='bbox 438 3623 464 3672; x_wconf 91' lang='lat' dir='ltr'><strong>in</strong></span> <span class='ocrx_word' id='word_1_472' title='bbox 483 3622 576 3673; x_wconf 89' lang='lat' dir='ltr'><strong>diesem</strong></span> <span class='ocrx_word' id='word_1_473' title='bbox 595 3638 646 3673; x_wconf 81' lang='lat' dir='ltr'><strong>was</strong></span> <span class='ocrx_word' id='word_1_474' title='bbox 665 3631 748 3689; x_wconf 85' lang='lat' dir='ltr'><strong>guctts</strong></span> <span class='ocrx_word' id='word_1_475' title='bbox 768 3622 838 3681; x_wconf 82' lang='lat' dir='ltr'><strong>than,</strong></span> <span class='ocrx_word' id='word_1_476' title='bbox 857 3624 897 3672; x_wconf 91' lang='lat' dir='ltr'><strong>bin</strong></span> <span class='ocrx_word' id='word_1_477' title='bbox 917 3616 958 3671; x_wconf 86' lang='lat' dir='ltr'><strong>ich</strong></span> <span class='ocrx_word' id='word_1_478' title='bbox 976 3635 1041 3686; x_wconf 84' lang='lat' dir='ltr'><strong>gana</strong></span> <span class='ocrx_word' id='word_1_479' title='bbox 1059 3620 1159 3686; x_wconf 77' lang='lat' dir='ltr'><strong>villig.“</strong></span> 
     </span>
    </p>

    <p class='ocr_par' dir='ltr' id='par_1_16' title="bbox 142 3689 1505 4044">
     <span class='ocr_line' id='line_1_44' title="bbox 232 3689 1504 3758; baseline 0.002 -16"><span class='ocrx_word' id='word_1_480' title='bbox 232 3691 261 3742; x_wconf 90' lang='lat' dir='ltr'><strong>ln</strong></span> <span class='ocrx_word' id='word_1_481' title='bbox 281 3692 491 3757; x_wconf 81' lang='lat' dir='ltr'><strong>literisKeplerns</strong></span> <span class='ocrx_word' id='word_1_482' title='bbox 509 3693 566 3745; x_wconf 92' lang='lat' dir='ltr'><strong>hinc</strong></span> <span class='ocrx_word' id='word_1_483' title='bbox 585 3694 642 3744; x_wconf 92' lang='lat' dir='ltr'><strong>inde</strong></span> <span class='ocrx_word' id='word_1_484' title='bbox 660 3711 736 3758; x_wconf 86' lang='lat' dir='ltr'><strong>usque</strong></span> <span class='ocrx_word' id='word_1_485' title='bbox 756 3695 789 3744; x_wconf 92' lang='lat' dir='ltr'><strong>ad</strong></span> <span class='ocrx_word' id='word_1_486' title='bbox 806 3708 900 3744; x_wconf 86' lang='lat' dir='ltr'><strong>annum</strong></span> <span class='ocrx_word' id='word_1_487' title='bbox 921 3689 996 3742; x_wconf 78' lang='lat' dir='ltr'><strong>teos.</strong></span> <span class='ocrx_word' id='word_1_488' title='bbox 1016 3707 1067 3742; x_wconf 91' lang='lat' dir='ltr'><strong>rem</strong></span> <span class='ocrx_word' id='word_1_489' title='bbox 1085 3691 1276 3743; x_wconf 84' lang='lat' dir='ltr'><strong>haereditariam</strong></span> <span class='ocrx_word' id='word_1_490' title='bbox 1295 3707 1344 3741; x_wconf 91' lang='lat' dir='ltr'><strong>non</strong></span> <span class='ocrx_word' id='word_1_491' title='bbox 1363 3693 1429 3742; x_wconf 89' lang='lat' dir='ltr'><strong>ultra</strong></span> <span class='ocrx_word' id='word_1_492' title='bbox 1447 3700 1504 3744; x_wconf 87' lang='lat' dir='ltr'><strong>tan-</strong></span> 
     </span>
     <span class='ocr_line' id='line_1_45' title="bbox 143 3762 1504 3830; baseline 0.003 -20"><span class='ocrx_word' id='word_1_493' title='bbox 143 3763 191 3827; x_wconf 80' lang='lat' dir='ltr'><strong>git,</strong></span> <span class='ocrx_word' id='word_1_494' title='bbox 212 3777 259 3812; x_wconf 91' lang='lat' dir='ltr'><strong>nac</strong></span> <span class='ocrx_word' id='word_1_495' title='bbox 277 3763 352 3827; x_wconf 84' lang='lat' dir='ltr'><strong>plane</strong></span> <span class='ocrx_word' id='word_1_496' title='bbox 371 3771 482 3822; x_wconf 83' lang='lat' dir='ltr'><strong>constat.</strong></span> <span class='ocrx_word' id='word_1_497' title='bbox 508 3772 628 3830; x_wconf 88' lang='lat' dir='ltr'><strong>quantum</strong></span> <span class='ocrx_word' id='word_1_498' title='bbox 646 3767 777 3830; x_wconf 88' lang='lat' dir='ltr'><strong>profecerit</strong></span> <span class='ocrx_word' id='word_1_499' title='bbox 796 3765 908 3816; x_wconf 82' lang='lat' dir='ltr'><strong>Casalius</strong></span> <span class='ocrx_word' id='word_1_500' title='bbox 929 3764 1023 3825; x_wconf 82' lang='lat' dir='ltr'><strong>Grastii</strong></span> <span class='ocrx_word' id='word_1_501' title='bbox 1041 3763 1078 3813; x_wconf 84' lang='lat' dir='ltr'><strong>rel</strong></span> <span class='ocrx_word' id='word_1_502' title='bbox 1097 3763 1220 3826; x_wconf 88' lang='lat' dir='ltr'><strong>Koplems</strong></span> <span class='ocrx_word' id='word_1_503' title='bbox 1238 3762 1336 3827; x_wconf 85' lang='lat' dir='ltr'><strong>Pragae</strong></span> <span class='ocrx_word' id='word_1_504' title='bbox 1356 3764 1422 3828; x_wconf 89' lang='lat' dir='ltr'><strong>apud</strong></span> <span class='ocrx_word' id='word_1_505' title='bbox 1440 3765 1504 3814; x_wconf 85' lang='lat' dir='ltr'><strong>Bar-</strong></span> 
     </span>
     <span class='ocr_line' id='line_1_46' title="bbox 142 3832 1504 3902; baseline 0.002 -21"><span class='ocrx_word' id='word_1_506' title='bbox 142 3835 236 3882; x_wconf 79' lang='lat' dir='ltr'><strong>witium</strong></span> <span class='ocrx_word' id='word_1_507' title='bbox 255 3832 336 3882; x_wconf 87' lang='lat' dir='ltr'><strong>inhia</strong></span> <span class='ocrx_word' id='word_1_508' title='bbox 355 3836 433 3883; x_wconf 89' lang='lat' dir='ltr'><strong>turbis</strong></span> <span class='ocrx_word' id='word_1_509' title='bbox 452 3835 599 3887; x_wconf 81' lang='lat' dir='ltr'><strong>domesticis</strong></span> <span class='ocrx_word' id='word_1_510' title='bbox 626 3837 699 3886; x_wconf 82' lang='lat' dir='ltr'><strong>Brevi</strong></span> <span class='ocrx_word' id='word_1_511' title='bbox 714 3845 807 3896; x_wconf 84' lang='lat' dir='ltr'><strong>autem,</strong></span> <span class='ocrx_word' id='word_1_512' title='bbox 827 3837 937 3902; x_wconf 81' lang='lat' dir='ltr'><strong>quamvis</strong></span> <span class='ocrx_word' id='word_1_513' title='bbox 957 3850 1031 3901; x_wconf 87' lang='lat' dir='ltr'><strong>aegre</strong></span> <span class='ocrx_word' id='word_1_514' title='bbox 1050 3840 1180 3891; x_wconf 83' lang='lat' dir='ltr'><strong>extortum,</strong></span> <span class='ocrx_word' id='word_1_515' title='bbox 1199 3833 1316 3883; x_wconf 85' lang='lat' dir='ltr'><strong>salarium</strong></span> <span class='ocrx_word' id='word_1_516' title='bbox 1334 3835 1379 3899; x_wconf 88' lang='lat' dir='ltr'><strong>ipsi</strong></span> <span class='ocrx_word' id='word_1_517' title='bbox 1388 3835 1504 3884; x_wconf 71' lang='lat' dir='ltr'><strong>solutum</strong></span> 
     </span>
     <span class='ocr_line' id='line_1_47' title="bbox 143 3904 1505 3973; baseline 0.002 -21"><span class='ocrx_word' id='word_1_518' title='bbox 143 3912 198 3962; x_wconf 80' lang='lat' dir='ltr'><strong>est3</strong></span> <span class='ocrx_word' id='word_1_519' title='bbox 218 3904 281 3954; x_wconf 88' lang='lat' dir='ltr'><strong>forte</strong></span> <span class='ocrx_word' id='word_1_520' title='bbox 300 3907 376 3954; x_wconf 90' lang='lat' dir='ltr'><strong>etiam</strong></span> <span class='ocrx_word' id='word_1_521' title='bbox 395 3920 455 3955; x_wconf 83' lang='lat' dir='ltr'><strong>uxor</strong></span> <span class='ocrx_word' id='word_1_522' title='bbox 483 3914 509 3957; x_wconf 86' lang='lat' dir='ltr'><strong>et</strong></span> <span class='ocrx_word' id='word_1_523' title='bbox 533 3909 645 3973; x_wconf 83' lang='lat' dir='ltr'><strong>privigna</strong></span> <span class='ocrx_word' id='word_1_524' title='bbox 672 3916 724 3958; x_wconf 89' lang='lat' dir='ltr'><strong>tnm</strong></span> <span class='ocrx_word' id='word_1_525' title='bbox 752 3909 818 3958; x_wconf 91' lang='lat' dir='ltr'><strong>bona</strong></span> <span class='ocrx_word' id='word_1_526' title='bbox 844 3909 869 3957; x_wconf 91' lang='lat' dir='ltr'><strong>in</strong></span> <span class='ocrx_word' id='word_1_527' title='bbox 898 3907 981 3970; x_wconf 83' lang='lat' dir='ltr'><strong>Styria</strong></span> <span class='ocrx_word' id='word_1_528' title='bbox 1005 3907 1111 3955; x_wconf 84' lang='lat' dir='ltr'><strong>liberata</strong></span> <span class='ocrx_word' id='word_1_529' title='bbox 1138 3911 1299 3967; x_wconf 84' lang='lat' dir='ltr'><strong>aeceperunt.</strong></span> <span class='ocrx_word' id='word_1_530' title='bbox 1327 3911 1355 3956; x_wconf 90' lang='lat' dir='ltr'><strong>ut</strong></span> <span class='ocrx_word' id='word_1_531' title='bbox 1381 3905 1505 3969; x_wconf 87' lang='lat' dir='ltr'><strong>Keplems</strong></span> 
     </span>
     <span class='ocr_line' id='line_1_48' title="bbox 143 3975 1505 4044; baseline 0.001 -20"><span class='ocrx_word' id='word_1_532' title='bbox 143 3975 280 4025; x_wconf 87' lang='lat' dir='ltr'><strong>hincinde</strong></span> <span class='ocrx_word' id='word_1_533' title='bbox 299 3976 393 4026; x_wconf 90' lang='lat' dir='ltr'><strong>meliori</strong></span> <span class='ocrx_word' id='word_1_534' title='bbox 412 3979 652 4037; x_wconf 85' lang='lat' dir='ltr'><strong>mussitfcrtuna,</strong></span> <span class='ocrx_word' id='word_1_535' title='bbox 679 3980 755 4029; x_wconf 91' lang='lat' dir='ltr'><strong>turbis</strong></span> <span class='ocrx_word' id='word_1_536' title='bbox 778 3979 876 4044; x_wconf 90' lang='lat' dir='ltr'><strong>quidem</strong></span> <span class='ocrx_word' id='word_1_537' title='bbox 895 3979 1000 4042; x_wconf 86' lang='lat' dir='ltr'><strong>politicis</strong></span> <span class='ocrx_word' id='word_1_538' title='bbox 1018 3978 1117 4039; x_wconf 87' lang='lat' dir='ltr'><strong>saepius</strong></span> <span class='ocrx_word' id='word_1_539' title='bbox 1134 3977 1159 4025; x_wconf 92' lang='lat' dir='ltr'><strong>in</strong></span> <span class='ocrx_word' id='word_1_540' title='bbox 1180 3976 1279 4026; x_wconf 88' lang='lat' dir='ltr'><strong>dubium</strong></span> <span class='ocrx_word' id='word_1_541' title='bbox 1298 3984 1395 4027; x_wconf 81' lang='lat' dir='ltr'><strong>vocata.</strong></span> <span class='ocrx_word' id='word_1_542' title='bbox 1431 3979 1505 4026; x_wconf 80' lang='lat' dir='ltr'><strong>Anno</strong></span> 
     </span>
    </p>
   </div>
   <div class='ocr_carea' id='block_1_6' title="bbox 145 4048 1504 4123">
    <p class='ocr_par' dir='ltr' id='par_1_17' title="bbox 145 4048 1504 4123">
     <span class='ocr_line' id='line_1_49' title="bbox 145 4048 1504 4123; baseline 0.003 -22"><span class='ocrx_word' id='word_1_543' title='bbox 145 4050 224 4105; x_wconf 81' lang='grc'><strong>1606.</strong></span> <span class='ocrx_word' id='word_1_544' title='bbox 246 4052 301 4118; x_wconf 86' lang='grc'><strong>(13.</strong></span> <span class='ocrx_word' id='word_1_545' title='bbox 315 4054 387 4115; x_wconf 79' lang='lat' dir='ltr'><strong>ian.)</strong></span> <span class='ocrx_word' id='word_1_546' title='bbox 406 4057 529 4121; x_wconf 89' lang='lat' dir='ltr'><strong>Keplerus</strong></span> <span class='ocrx_word' id='word_1_547' title='bbox 548 4061 633 4123; x_wconf 89' lang='lat' dir='ltr'><strong>paucis</strong></span> <span class='ocrx_word' id='word_1_548' title='bbox 652 4058 689 4108; x_wconf 89' lang='lat' dir='ltr'><strong>his</strong></span> <span class='ocrx_word' id='word_1_549' title='bbox 708 4059 783 4110; x_wconf 81' lang='lat' dir='ltr'><strong>refert</strong></span> <span class='ocrx_word' id='word_1_550' title='bbox 795 4058 938 4108; x_wconf 79' lang='lat' dir='ltr'><strong>Hamarto:</strong></span> <span class='ocrx_word' id='word_1_551' title='bbox 963 4066 1031 4121; x_wconf 81' lang='lat' dir='ltr'><strong>„per</strong></span> <span class='ocrx_word' id='word_1_552' title='bbox 1062 4049 1079 4102; x_wconf 88' lang='lat'><strong>3</strong></span> <span class='ocrx_word' id='word_1_553' title='bbox 1111 4066 1218 4105; x_wconf 88' lang='lat' dir='ltr'><strong>menses</strong></span> <span class='ocrx_word' id='word_1_554' title='bbox 1247 4048 1324 4103; x_wconf 89' lang='lat' dir='ltr'><strong>abfui</strong></span> <span class='ocrx_word' id='word_1_555' title='bbox 1351 4050 1379 4105; x_wconf 87' lang='lat' dir='ltr'><strong>in</strong></span> <span class='ocrx_word' id='word_1_556' title='bbox 1399 4050 1504 4122; x_wconf 79' lang='lat' dir='ltr'><strong>styria,</strong></span> 
     </span>
    </p>
   </div>
   <div class='ocr_carea' id='block_1_7' title="bbox 143 4127 1503 4279">
    <p class='ocr_par' dir='ltr' id='par_1_18' title="bbox 143 4127 1503 4279">
     <span class='ocr_line' id='line_1_50' title="bbox 143 4127 1503 4262; baseline 0.003 -82"><span class='ocrx_word' id='word_1_557' title='bbox 143 4127 192 4181; x_wconf 93' lang='lat' dir='ltr'><strong>ubi</strong></span> <span class='ocrx_word' id='word_1_558' title='bbox 213 4128 384 4262; x_wconf 73' lang='lat' dir='ltr'><strong>singplarem</strong></span> <span class='ocrx_word' id='word_1_559' title='bbox 405 4131 442 4186; x_wconf 91' lang='lat' dir='ltr'><strong>D.</strong></span> <span class='ocrx_word' id='word_1_560' title='bbox 466 4130 570 4186; x_wconf 83' lang='lat' dir='ltr'><strong>Casalii</strong></span> <span class='ocrx_word' id='word_1_561' title='bbox 591 4132 814 4187; x_wconf 83' lang='lat' dir='ltr'><strong>benevolentiam</strong></span> <span class='ocrx_word' id='word_1_562' title='bbox 834 4137 967 4200; x_wconf 83' lang='lat' dir='ltr'><strong>expertus</strong></span> <span class='ocrx_word' id='word_1_563' title='bbox 989 4148 1061 4195; x_wconf 91' lang='lat' dir='ltr'><strong>aum,</strong></span> <span class='ocrx_word' id='word_1_564' title='bbox 1084 4146 1165 4200; x_wconf 90' lang='lat' dir='ltr'><strong>quam</strong></span> <span class='ocrx_word' id='word_1_565' title='bbox 1186 4128 1237 4184; x_wconf 89' lang='lat' dir='ltr'><strong>tibi</strong></span> <span class='ocrx_word' id='word_1_566' title='bbox 1258 4130 1384 4185; x_wconf 89' lang='lat' dir='ltr'><strong>adscribo</strong></span> <span class='ocrx_word' id='word_1_567' title='bbox 1406 4148 1503 4201; x_wconf 88' lang='lat' dir='ltr'><strong>accep·</strong></span> 
     </span>
     <span class='ocr_line' id='line_1_51' title="bbox 144 4215 348 4279; baseline 0.015 -18"><span class='ocrx_word' id='word_1_568' title='bbox 144 4215 257 4279; x_wconf 87' lang='lat' dir='ltr'><strong>tamque</strong></span> <span class='ocrx_word' id='word_1_569' title='bbox 292 4227 348 4264; x_wconf 87' lang='lat' dir='ltr'><strong>ero.</strong></span> 
     </span>
    </p>
   </div>
   <div class='ocr_carea' id='block_1_8' title="bbox 144 4301 1506 4944">
    <p class='ocr_par' dir='ltr' id='par_1_19' title="bbox 144 4301 1506 4944">
     <span class='ocr_line' id='line_1_52' title="bbox 234 4301 1504 4373; baseline 0.004 -22"><span class='ocrx_word' id='word_1_570' title='bbox 234 4302 264 4365; x_wconf 83' lang='grc'><strong>7)</strong></span> <span class='ocrx_word' id='word_1_571' title='bbox 283 4319 307 4368; x_wconf 89' lang='lat' dir='ltr'><strong>p.</strong></span> <span class='ocrx_word' id='word_1_572' title='bbox 328 4301 387 4354; x_wconf 78' lang='lat'><strong>356.</strong></span> <span class='ocrx_word' id='word_1_573' title='bbox 424 4307 535 4357; x_wconf 77' lang='lat' dir='ltr'><strong>ioannes</strong></span> <span class='ocrx_word' id='word_1_574' title='bbox 554 4306 690 4358; x_wconf 80' lang='lat' dir='ltr'><strong>Erilssn</strong></span> <span class='ocrx_word' id='word_1_575' title='bbox 710 4305 778 4370; x_wconf 85' lang='lat' dir='ltr'><strong>(ride</strong></span> <span class='ocrx_word' id='word_1_576' title='bbox 796 4321 871 4373; x_wconf 87' lang='lat' dir='ltr'><strong>snpra</strong></span> <span class='ocrx_word' id='word_1_577' title='bbox 889 4323 912 4372; x_wconf 88' lang='lat' dir='ltr'><strong>p.</strong></span> <span class='ocrx_word' id='word_1_578' title='bbox 934 4303 998 4367; x_wconf 76' lang='grc'><strong>3114)</strong></span> <span class='ocrx_word' id='word_1_579' title='bbox 1021 4307 1087 4356; x_wconf 89' lang='lat' dir='ltr'><strong>inter</strong></span> <span class='ocrx_word' id='word_1_580' title='bbox 1108 4306 1230 4357; x_wconf 88' lang='lat' dir='ltr'><strong>studiosos</strong></span> <span class='ocrx_word' id='word_1_581' title='bbox 1248 4307 1389 4357; x_wconf 86' lang='lat' dir='ltr'><strong>nominatur</strong></span> <span class='ocrx_word' id='word_1_582' title='bbox 1408 4304 1504 4368; x_wconf 84' lang='lat' dir='ltr'><strong>Tycha·</strong></span> 
     </span>
     <span class='ocr_line' id='line_1_53' title="bbox 144 4376 1504 4440; baseline 0 -14"><span class='ocrx_word' id='word_1_583' title='bbox 144 4377 200 4434; x_wconf 88' lang='lat' dir='ltr'><strong>nis,</strong></span> <span class='ocrx_word' id='word_1_584' title='bbox 229 4377 269 4440; x_wconf 88' lang='lat' dir='ltr'><strong>qui</strong></span> <span class='ocrx_word' id='word_1_585' title='bbox 297 4391 353 4426; x_wconf 89' lang='lat' dir='ltr'><strong>enm</strong></span> <span class='ocrx_word' id='word_1_586' title='bbox 372 4392 385 4427; x_wconf 88' lang='lat' dir='ltr'><strong>e</strong></span> <span class='ocrx_word' id='word_1_587' title='bbox 404 4379 491 4428; x_wconf 86' lang='lat' dir='ltr'><strong>Dania</strong></span> <span class='ocrx_word' id='word_1_588' title='bbox 516 4380 542 4428; x_wconf 92' lang='lat' dir='ltr'><strong>in</strong></span> <span class='ocrx_word' id='word_1_589' title='bbox 560 4378 706 4430; x_wconf 88' lang='lat' dir='ltr'><strong>Bohemiam</strong></span> <span class='ocrx_word' id='word_1_590' title='bbox 732 4381 843 4430; x_wconf 84' lang='lat' dir='ltr'><strong>comitati</strong></span> <span class='ocrx_word' id='word_1_591' title='bbox 871 4385 936 4430; x_wconf 85' lang='lat' dir='ltr'><strong>sunt.</strong></span> <span class='ocrx_word' id='word_1_592' title='bbox 975 4377 1192 4427; x_wconf 77' lang='lat' dir='ltr'><strong>Observationibns</strong></span> <span class='ocrx_word' id='word_1_593' title='bbox 1228 4378 1347 4428; x_wconf 80' lang='lat' dir='ltr'><strong>intererat</strong></span> <span class='ocrx_word' id='word_1_594' title='bbox 1371 4376 1504 4440; x_wconf 78' lang='lat' dir='ltr'><strong>Tychonls.</strong></span> 
     </span>
     <span class='ocr_line' id='line_1_54' title="bbox 145 4445 1503 4515; baseline -0.001 -18"><span class='ocrx_word' id='word_1_595' title='bbox 145 4447 245 4514; x_wconf 83' lang='lat' dir='ltr'><strong>Pragae</strong></span> <span class='ocrx_word' id='word_1_596' title='bbox 264 4454 290 4497; x_wconf 88' lang='lat' dir='ltr'><strong>et</strong></span> <span class='ocrx_word' id='word_1_597' title='bbox 307 4448 463 4499; x_wconf 74' lang='lat' dir='ltr'><strong>ltensssslcse</strong></span> <span class='ocrx_word' id='word_1_598' title='bbox 490 4448 597 4510; x_wconf 82' lang='lat' dir='ltr'><strong>habitis,</strong></span> <span class='ocrx_word' id='word_1_599' title='bbox 626 4451 659 4500; x_wconf 90' lang='lat' dir='ltr'><strong>ad</strong></span> <span class='ocrx_word' id='word_1_600' title='bbox 683 4464 745 4515; x_wconf 88' lang='lat' dir='ltr'><strong>quas</strong></span> <span class='ocrx_word' id='word_1_601' title='bbox 763 4451 886 4515; x_wconf 84' lang='lat' dir='ltr'><strong>Keplerns</strong></span> <span class='ocrx_word' id='word_1_602' title='bbox 905 4464 971 4500; x_wconf 90' lang='lat' dir='ltr'><strong>anno</strong></span> <span class='ocrx_word' id='word_1_603' title='bbox 991 4445 1068 4497; x_wconf 80' lang='grc'><strong>1600.</strong></span> <span class='ocrx_word' id='word_1_604' title='bbox 1089 4463 1106 4499; x_wconf 84' lang='grc' dir='ltr'><strong>ι</strong></span> <span class='ocrx_word' id='word_1_605' title='bbox 1125 4448 1242 4512; x_wconf 82' lang='lat' dir='ltr'><strong>Tychone</strong></span> <span class='ocrx_word' id='word_1_606' title='bbox 1260 4455 1362 4497; x_wconf 79' lang='lat' dir='ltr'><strong>vocatus</strong></span> <span class='ocrx_word' id='word_1_607' title='bbox 1389 4450 1503 4498; x_wconf 79' lang='lat' dir='ltr'><strong>accessit</strong></span> 
     </span>
     <span class='ocr_line' id='line_1_55' title="bbox 145 4517 1503 4586; baseline 0.001 -19"><span class='ocrx_word' id='word_1_608' title='bbox 145 4517 214 4569; x_wconf 79' lang='lat' dir='ltr'><strong>lline</strong></span> <span class='ocrx_word' id='word_1_609' title='bbox 232 4525 295 4568; x_wconf 89' lang='lat' dir='ltr'><strong>nata</strong></span> <span class='ocrx_word' id='word_1_610' title='bbox 313 4526 352 4568; x_wconf 89' lang='lat' dir='ltr'><strong>est</strong></span> <span class='ocrx_word' id='word_1_611' title='bbox 371 4522 481 4571; x_wconf 86' lang='lat' dir='ltr'><strong>amicitia</strong></span> <span class='ocrx_word' id='word_1_612' title='bbox 493 4521 559 4571; x_wconf 85' lang='lat' dir='ltr'><strong>inter</strong></span> <span class='ocrx_word' id='word_1_613' title='bbox 572 4535 627 4572; x_wconf 85' lang='lat' dir='ltr'><strong>enm</strong></span> <span class='ocrx_word' id='word_1_614' title='bbox 641 4528 667 4571; x_wconf 89' lang='lat' dir='ltr'><strong>et</strong></span> <span class='ocrx_word' id='word_1_615' title='bbox 679 4522 784 4586; x_wconf 88' lang='lat' dir='ltr'><strong>reliquos</strong></span> <span class='ocrx_word' id='word_1_616' title='bbox 797 4521 919 4585; x_wconf 84' lang='lat' dir='ltr'><strong>Tychonis</strong></span> <span class='ocrx_word' id='word_1_617' title='bbox 932 4520 1079 4571; x_wconf 86' lang='lat' dir='ltr'><strong>domesticos</strong></span> <span class='ocrx_word' id='word_1_618' title='bbox 1092 4532 1304 4583; x_wconf 85' lang='lat' dir='ltr'><strong>amanuensesqne</strong></span> <span class='ocrx_word' id='word_1_619' title='bbox 1317 4518 1356 4566; x_wconf 83' lang='lat' dir='ltr'><strong>Fr.</strong></span> <span class='ocrx_word' id='word_1_620' title='bbox 1370 4518 1503 4585; x_wconf 82' lang='lat' dir='ltr'><strong>Tengnag·</strong></span> 
     </span>
     <span class='ocr_line' id='line_1_56' title="bbox 145 4589 1504 4657; baseline -0.001 -18"><span class='ocrx_word' id='word_1_621' title='bbox 145 4589 215 4648; x_wconf 86' lang='grc' dir='ltr'><strong>11ιιιι,</strong></span> <span class='ocrx_word' id='word_1_622' title='bbox 233 4591 273 4639; x_wconf 81' lang='lat' dir='ltr'><strong>Jc.</strong></span> <span class='ocrx_word' id='word_1_623' title='bbox 295 4589 528 4657; x_wconf 85' lang='lat' dir='ltr'><strong>Longomontanum</strong></span> <span class='ocrx_word' id='word_1_624' title='bbox 546 4591 691 4654; x_wconf 80' lang='lat' dir='ltr'><strong>(Severini),</strong></span> <span class='ocrx_word' id='word_1_625' title='bbox 711 4593 794 4642; x_wconf 84' lang='lat' dir='ltr'><strong>Ambr.</strong></span> <span class='ocrx_word' id='word_1_626' title='bbox 814 4593 952 4650; x_wconf 85' lang='lat' dir='ltr'><strong>Rhodium,</strong></span> <span class='ocrx_word' id='word_1_627' title='bbox 971 4590 1115 4642; x_wconf 81' lang='lat' dir='ltr'><strong>Sellfartum</strong></span> <span class='ocrx_word' id='word_1_628' title='bbox 1133 4598 1249 4655; x_wconf 85' lang='lat' dir='ltr'><strong>atquem</strong></span> <span class='ocrx_word' id='word_1_629' title='bbox 1268 4589 1373 4639; x_wconf 81' lang='lat' dir='ltr'><strong>diximus</strong></span> <span class='ocrx_word' id='word_1_630' title='bbox 1391 4590 1504 4647; x_wconf 74' lang='lat' dir='ltr'><strong>Eriksem</strong></span> 
     </span>
     <span class='ocr_line' id='line_1_57' title="bbox 146 4661 1503 4729; baseline 0 -19"><span class='ocrx_word' id='word_1_631' title='bbox 146 4673 250 4725; x_wconf 86' lang='lat' dir='ltr'><strong>qnorum</strong></span> <span class='ocrx_word' id='word_1_632' title='bbox 273 4661 320 4712; x_wconf 87' lang='lat' dir='ltr'><strong>dno</strong></span> <span class='ocrx_word' id='word_1_633' title='bbox 345 4665 491 4726; x_wconf 86' lang='lat' dir='ltr'><strong>posteriores</strong></span> <span class='ocrx_word' id='word_1_634' title='bbox 519 4662 636 4726; x_wconf 79' lang='lat' dir='ltr'><strong>Tycbona</strong></span> <span class='ocrx_word' id='word_1_635' title='bbox 660 4671 755 4713; x_wconf 87' lang='lat' dir='ltr'><strong>mortno</strong></span> <span class='ocrx_word' id='word_1_636' title='bbox 773 4664 873 4729; x_wconf 80' lang='lat' dir='ltr'><strong>Pragae</strong></span> <span class='ocrx_word' id='word_1_637' title='bbox 897 4664 1073 4728; x_wconf 81' lang='lat' dir='ltr'><strong>aliquantisper</strong></span> <span class='ocrx_word' id='word_1_638' title='bbox 1098 4669 1268 4718; x_wconf 88' lang='lat' dir='ltr'><strong>remanentes,</strong></span> <span class='ocrx_word' id='word_1_639' title='bbox 1287 4661 1423 4726; x_wconf 86' lang='lat' dir='ltr'><strong>Keplemm</strong></span> <span class='ocrx_word' id='word_1_640' title='bbox 1442 4675 1503 4711; x_wconf 87' lang='lat' dir='ltr'><strong>non·</strong></span> 
     </span>
     <span class='ocr_line' id='line_1_58' title="bbox 146 4732 1506 4798; baseline 0 -17"><span class='ocrx_word' id='word_1_641' title='bbox 146 4733 217 4783; x_wconf 86' lang='lat' dir='ltr'><strong>nnlla</strong></span> <span class='ocrx_word' id='word_1_642' title='bbox 232 4747 265 4782; x_wconf 81' lang='grc' dir='ltr'><strong>ιι</strong></span> <span class='ocrx_word' id='word_1_643' title='bbox 281 4739 353 4797; x_wconf 82' lang='lat' dir='ltr'><strong>parts</strong></span> <span class='ocrx_word' id='word_1_644' title='bbox 371 4735 518 4798; x_wconf 84' lang='lat' dir='ltr'><strong>adjuremnt</strong></span> <span class='ocrx_word' id='word_1_645' title='bbox 534 4736 560 4784; x_wconf 92' lang='lat' dir='ltr'><strong>ln</strong></span> <span class='ocrx_word' id='word_1_646' title='bbox 579 4733 787 4785; x_wconf 71' lang='lat' dir='ltr'><strong>observationibus</strong></span> <span class='ocrx_word' id='word_1_647' title='bbox 806 4736 992 4795; x_wconf 81' lang='grc' dir='ltr'><strong>ιιιιιιιιιιιίι,</strong></span> <span class='ocrx_word' id='word_1_648' title='bbox 1012 4735 1069 4784; x_wconf 88' lang='lat' dir='ltr'><strong>dnm</strong></span> <span class='ocrx_word' id='word_1_649' title='bbox 1088 4733 1192 4797; x_wconf 85' lang='lat' dir='ltr'><strong>reliqui,</strong></span> <span class='ocrx_word' id='word_1_650' title='bbox 1221 4732 1263 4783; x_wconf 89' lang='lat' dir='ltr'><strong>alii</strong></span> <span class='ocrx_word' id='word_1_651' title='bbox 1291 4733 1323 4782; x_wconf 86' lang='lat' dir='ltr'><strong>ad</strong></span> <span class='ocrx_word' id='word_1_652' title='bbox 1352 4732 1403 4783; x_wconf 90' lang='lat' dir='ltr'><strong>alia</strong></span> <span class='ocrx_word' id='word_1_653' title='bbox 1421 4732 1506 4782; x_wconf 87' lang='lat' dir='ltr'><strong>studia</strong></span> 
     </span>
     <span class='ocr_line' id='line_1_59' title="bbox 147 4803 1505 4869; baseline -0.001 -15"><span class='ocrx_word' id='word_1_654' title='bbox 147 4810 175 4854; x_wconf 87' lang='lat' dir='ltr'><strong>st</strong></span> <span class='ocrx_word' id='word_1_655' title='bbox 191 4818 298 4855; x_wconf 81' lang='lat' dir='ltr'><strong>munera</strong></span> <span class='ocrx_word' id='word_1_656' title='bbox 312 4811 471 4856; x_wconf 84' lang='grc' dir='ltr'><strong>ιιιιιιιιιιιι</strong></span> <span class='ocrx_word' id='word_1_657' title='bbox 497 4806 540 4862; x_wconf 86' lang='lat' dir='ltr'><strong>alii</strong></span> <span class='ocrx_word' id='word_1_658' title='bbox 562 4805 686 4855; x_wconf 80' lang='lat' dir='ltr'><strong>mathesin</strong></span> <span class='ocrx_word' id='word_1_659' title='bbox 710 4806 812 4856; x_wconf 83' lang='lat' dir='ltr'><strong>alterins</strong></span> <span class='ocrx_word' id='word_1_660' title='bbox 832 4807 955 4864; x_wconf 84' lang='lat' dir='ltr'><strong>colentes,</strong></span> <span class='ocrx_word' id='word_1_661' title='bbox 979 4805 1037 4855; x_wconf 85' lang='lat' dir='ltr'><strong>hine</strong></span> <span class='ocrx_word' id='word_1_662' title='bbox 1055 4805 1122 4855; x_wconf 87' lang='lat' dir='ltr'><strong>illinc</strong></span> <span class='ocrx_word' id='word_1_663' title='bbox 1140 4818 1184 4867; x_wconf 87' lang='lat' dir='ltr'><strong>par</strong></span> <span class='ocrx_word' id='word_1_664' title='bbox 1200 4804 1307 4869; x_wconf 64' lang='lat' dir='ltr'><strong>patiam</strong></span> <span class='ocrx_word' id='word_1_665' title='bbox 1326 4803 1428 4867; x_wconf 86' lang='lat' dir='ltr'><strong>dispersi</strong></span> <span class='ocrx_word' id='word_1_666' title='bbox 1447 4809 1505 4852; x_wconf 82' lang='lat' dir='ltr'><strong>sunt</strong></span> 
     </span>
     <span class='ocr_line' id='line_1_60' title="bbox 149 4871 1505 4944; baseline 0 -19"><span class='ocrx_word' id='word_1_667' title='bbox 149 4871 384 4941; x_wconf 83' lang='lat' dir='ltr'><strong>(Longomontsnns</strong></span> <span class='ocrx_word' id='word_1_668' title='bbox 402 4876 516 4929; x_wconf 83' lang='lat' dir='ltr'><strong>discessit</strong></span> <span class='ocrx_word' id='word_1_669' title='bbox 533 4879 560 4928; x_wconf 88' lang='lat' dir='ltr'><strong>in</strong></span> <span class='ocrx_word' id='word_1_670' title='bbox 578 4876 697 4935; x_wconf 84' lang='lat' dir='ltr'><strong>Ds&#39;nlsnr.</strong></span> <span class='ocrx_word' id='word_1_671' title='bbox 716 4877 827 4929; x_wconf 83' lang='lat' dir='ltr'><strong>Rhodias</strong></span> <span class='ocrx_word' id='word_1_672' title='bbox 845 4874 1034 4944; x_wconf 79' lang='lat' dir='ltr'><strong>witebergam)‚</strong></span> <span class='ocrx_word' id='word_1_673' title='bbox 1072 4875 1176 4926; x_wconf 76' lang='lat' dir='ltr'><strong>Eriksen</strong></span> <span class='ocrx_word' id='word_1_674' title='bbox 1193 4874 1297 4941; x_wconf 86' lang='lat' dir='ltr'><strong>postbac</strong></span> <span class='ocrx_word' id='word_1_675' title='bbox 1314 4875 1448 4927; x_wconf 77' lang='lat' dir='ltr'><strong>comitatis</strong></span> <span class='ocrx_word' id='word_1_676' title='bbox 1467 4878 1505 4925; x_wconf 88' lang='lat' dir='ltr'><strong>ast</strong></span> 
     </span>
    </p>
   </div>
   <div class='ocr_carea' id='block_1_9' title="bbox 0 0 1658 5542">
    <p class='ocr_par' dir='ltr' id='par_1_20' title="bbox 0 0 1658 5542">
     <span class='ocr_line' id='line_1_61' title="bbox 0 0 1658 5542; baseline 0 0"><span class='ocrx_word' id='word_1_677' title='bbox 0 0 1658 5542; x_wconf 95' lang='lat' dir='ltr'><strong> </strong></span> 
     </span>
    </p>
   </div>
  </div>
 </body>
</html>
