3278 5542
735 280 848 344 umas
866 277 1066 344 commus

673 441 716 505 ΙΝ
742 438 882 503 ΟΑΡΠΤ
904 435 1138 502 SECUNDUM

752 562 867 614 noran
885 559 1064 613 lucrosus.

307 671 339 745 a)
362 674 472 729 Omale
487 670 603 743 iactum!
645 673 818 726 Emundone
834 671 997 741 ejiciamus?
986 672 1082 725 tlmc
1097 667 1265 740 postliminio
1284 666 1417 722 revocari
1430 666 1461 721 in
1474 665 1578 721 Harmo-

225 757 299 812 nicis.
342 756 396 810 Cur
410 761 503 808 autem
517 753 677 824 ejiciamus?
706 757 751 807 Διι
766 752 831 824 quia
851 752 974 806 infinitae
989 757 1019 804 et
1033 750 1112 820 proin
1132 748 1234 804 ordinis
1249 744 1358 804 minime
1373 750 1515 818 capaces?
1537 750 1579 801 dt·

226 838 271 909 qui
293 854 346 890 nou
361 836 447 928 ipsae,
472 836 519 888 sed
536 851 598 888 mea
612 833 686 887 illius
701 833 832 903 temporis
847 832 964 895 inscitia,
987 830 1134 885 communis
1157 828 1224 884 mibi
1237 846 1298 883 cum
1312 829 1466 900 plerisque,
1491 826 1580 882 ordinis

227 919 335 973 illarum
354 914 463 971 minime
478 931 571 985 capax
585 920 657 968 erat.
691 915 798 1006 ltaque
818 913 865 966 lib.
881 913 902 966 Ι.
924 911 1149 966 Harmonicorum
1171 917 1202 964 et
1220 910 1356 965 delectum
1376 908 1502 980 aliquem
1520 907 1582 963 inter

124 1064 127 1069 .
227 998 348 1052 infinitas
363 996 442 1050 doctu
464 1002 494 1049 et
508 994 655 1049 ordinem
647 1012 675 1047 ιιι
690 993 722 1047 iis
744 992 982 1064 pulcherrimum'
975 1010 1002 1045 ιιι
1016 993 1104 1046 lucem
1125 990 1239 1061 protuli.
1279 990 1351 1045 Nam
1373 1006 1424 1045 cur
1437 990 1582 1044 ΙΙιιωιιιι

227 1084 264 1132 61
285 1078 439 1147 archetypo
461 1076 552 1129 muudi
574 1074 751 1137 eliminemus,
777 1091 837 1128 cum
856 1072 945 1127 lineas
960 1074 1036 1127 Deus
1057 1089 1141 1143 opere
1161 1071 1222 1141 ipso
1241 1070 1424 1142 expresserit,
1448 1075 1581 1127 ιιιοιιιιιι.

170 1170 182 1175 ·
227 1160 423 1229 planetarum?
464 1155 577 1227 Lingua
590 1154 677 1226 igitur
692 1153 864 1226 corrigenda,
880 1171 955 1208 mens
971 1154 1098 1209 tenenda.
1140 1153 1171 1206 Ιιι
1186 1168 1330 1223 corporum
1343 1167 1470 1215 numero,
1491 1148 1582 1223 aphat-

227 1256 321 1293 rarum
335 1235 515 1307 amplitudine
531 1236 725 1291 constituenda
744 1234 871 1305 primitus
893 1232 1068 1288 eliminentur
1089 1249 1157 1287 sane
1175 1232 1281 1287 lineae:
1301 1232 1360 1288 at
1352 1250 1382 1289 ιιι
1394 1230 1527 1297 motibus,
1544 1228 1582 1303 qu'

230 1317 310 1372 lineis
324 1315 511 1387 perficiuntur,
537 1315 703 1370 exornandis
725 1334 759 1369 nc
775 1322 979 1369 contemnamus
999 1313 1087 1368 lineas
1107 1320 1137 1366 et
1156 1313 1324 1384 superficies,
1348 1328 1422 1385 quae
1436 1312 1581 1383 solaepro-

230 1397 386 1468 portionum
400 1396 618 1451 harmonicorum
634 1403 699 1450 sunt
713 1395 800 1467 origo.

310 1473 341 1545 Ιι)
363 1478 465 1547 Ingens
486 1476 629 1531 discrimen
651 1482 816 1547 argumento
837 1475 974 1530 nominum
995 1481 1039 1527 est
1060 1473 1133 1527 inter
1155 1474 1214 1527 lixa
1233 1481 1263 1527 et
1276 1472 1402 1537 mobilia;
1425 1488 1477 1528 cur
1490 1471 1583 1529 ιιιιιίι

111 1558 118 1569 ’
232 1558 342 1627 aliquod
357 1557 441 1611 etiam
464 1557 492 1610 in
505 1555 648 1627 utriusque
663 1557 774 1627 generis
789 1555 992 1610 exornatione?
1035 1554 1101 1615 Quis
1117 1553 1219 1607 ordinis
1238 1552 1475 1624 pulchritudinem
1492 1552 1582 1609 intelli-

231 1645 321 1709 geret,
343 1637 366 1689 si
382 1654 435 1690 nou
450 1635 533 1705 juxta
547 1642 673 1690 cerneret
686 1637 805 1690 fixarum
819 1636 971 1689 exercitum
991 1633 1091 1687 ordinis
1106 1638 1273 1704 expertem?
1314 1634 1382 1696 Quis
1397 1633 1583 1689 astronomis!

230 1719 358 1780 disceret,
379 1716 401 1770 si
416 1724 555 1787 perpetua
569 1722 644 1770 esset
658 1716 807 1771 similitudo
821 1716 1073 1770 schematismorum
1093 1730 1142 1768 seu
1157 1714 1420 1769 constellationum?
1462 1712 1519 1769 Est
1528 1728 1583 1769 suar

232 1798 325 1853 formis
340 1804 463 1862 ornatus,
489 1803 534 1850 est
553 1804 583 1850 et
605 1797 750 1851 materiae.
792 1796 836 1851 Sit
854 1797 942 1867 igitur
959 1795 1075 1865 propria
1092 1795 1228 1849 materiae
1247 1803 1277 1850 et
1299 1795 1419 1865 pulchra
1436 1794 1583 1857 mornado.

232 1894 304 1949 quae
319 1878 396 1932 facta
409 1884 454 1931 est
476 1894 527 1947 per
540 1877 675 1931 infinitam
689 1884 718 1932 et
731 1878 829 1931 molem
849 1886 880 1930 et
893 1875 1094 1930 multitudinem
1112 1883 1143 1929 et
1158 1876 1325 1931 varietatem
1341 1881 1400 1930 tam
1420 1875 1496 1930 ritus
1515 1889 1584 1946 quaa

232 1957 429 2030 magnitudinis
443 1957 645 2028 claritatisque.

311 2032 340 2109 c)
365 2036 481 2104 (Annot.
504 2035 640 2108 antiqua.)
684 2038 834 2107 Corporum
848 2036 978 2091 nobilitas
1000 2043 1045 2089 est
1065 2054 1102 2089 ex
1117 2036 1295 2106 simplicitate
1316 2043 1346 2089 ct
1367 2054 1406 2091 ex
1420 2034 1585 2108 aequalitate

231 2117 380 2174 distantiae
394 2119 538 2188 planorum
553 2135 571 2173 a
585 2125 680 2172 cantro
695 2119 812 2188 figurae.
857 2117 934 2172 Sicut
948 2117 1019 2170 enim
1033 2132 1130 2170 norma
1150 2123 1177 2171 et
1193 2117 1295 2188 regula
1312 2123 1509 2173 creaturarum
1521 2116 1586 2169 Deua

232 2207 285 2261 est.
301 2199 341 2253 sic
355 2199 478 2268 sphaera
493 2215 646 2268 corporum.
688 2197 774 2266 Atqui
789 2213 824 2250 ea
837 2198 925 2251 habet
938 2197 1027 2251 dictas
1041 2195 1239 2266 proprietates.
1272 2191 1587 2269 1)Escsimplicissiua

232 2279 299 2351 quia
313 2296 367 2332 uno
382 2278 521 2332 clauditur
536 2278 661 2340 termino,
678 2295 708 2330 se
723 2277 786 2346 ipsa
800 2276 914 2330 sedicet.
945 2273 977 2343 2)
994 2276 1092 2331 Omnia
1102 2276 1162 2345 ejus
1177 2283 1280 2346 puncta
1290 2276 1489 2346 aequalissime
1504 2291 1523 2330 a
1534 2292 1586 2329 cea·

233 2368 277 2414 tro
288 2359 403 2412 distant.
434 2359 480 2412 Ex
490 2358 650 2427 corporibus
661 2357 747 2429 igitur
756 2356 880 2426 proxime
890 2359 1026 2411 accedunt
1035 2356 1180 2427 regularia
1194 2359 1228 2410 ad
1238 2357 1377 2426 sphaerae
1386 2356 1587 2428 perfectionem

234 2439 338 2497 Forum
352 2437 472 2491 definitio
492 2438 562 2491 haec
576 2444 628 2500 est,
653 2444 685 2491 ut
698 2437 824 2490 habeant
846 2432 877 2502 1)
893 2437 983 2491 omnia
1003 2438 1106 2500 latera,
1129 2432 1159 2499 2)
1174 2438 1269 2507 plana,
1292 2433 1322 2501 3)
1338 2438 1471 2510 angulos,
1486 2435 1590 2507 singula

236 2518 370 2588 aequalia
382 2524 412 2570 et
425 2517 518 2586 specie
532 2523 562 2572 et
575 2516 774 2588 magnitudine,
798 2519 868 2586 quod
883 2524 927 2571 est
946 2516 1145 2586 simplicitatis:
1170 2532 1252 2587 quam
1270 2517 1392 2587 positam
1412 2516 1590 2572 definitione!

239 2597 364 2668 sequitur
387 2597 454 2650 illud
478 2597 560 2660 ultro,
586 2599 657 2668 quod
681 2591 714 2665 4)
728 2597 847 2650 omnium
870 2598 1014 2667 planorum
1039 2603 1137 2650 centra
1159 2597 1317 2669 aequaliter
1339 2612 1358 2652 a
1379 2598 1474 2653 medio
1488 2597 1591 2657 distent.

239 2676 268 2743 5)
285 2679 356 2749 quod
372 2676 507 2747 inscripta
519 2676 606 2749 globo
620 2677 744 2732 omnibus
759 2677 871 2748 angulis
887 2684 1010 2748 tangant
1024 2677 1205 2745 superficiem,
1222 2675 1256 2746 6)
1271 2680 1343 2748 quod
1356 2678 1386 2732 in
1400 2694 1437 2733 ea
1449 2678 1591 2737 haereant.

240 2753 271 2830 7)
288 2760 359 2830 quod
379 2757 540 2828 inscriptum
559 2759 673 2828 globum
693 2757 818 2812 omnibus
839 2760 986 2828 planorum
1004 2757 1105 2812 centris
1127 2764 1260 2831 tangant,
1289 2752 1323 2827 8)
1337 2760 1409 2829 quod
1428 2759 1546 2829 proinde
1558 2757 1593 2811 Ιι·

238 2840 358 2909 scriptus
372 2839 475 2909 globus
489 2838 606 2893 haereat
619 2838 755 2903 immotus,
785 2833 818 2907 9)
833 2846 863 2892 et
876 2840 947 2909 quod
962 2838 1032 2892 idem
1046 2844 1170 2893 centrum
1192 2839 1299 2894 habeat
1316 2852 1377 2894 οιιιιι
1390 2840 1495 2911 ligura
1537 2835 1594 2901 Qui·

238 2922 290 2975 bus
304 2920 387 2973 rebus
402 2919 521 2974 efficitur
542 2920 634 2974 altera
655 2919 804 2973 similitudo
818 2936 879 2973 cum
893 2919 1029 2989 sphaera,
1055 2934 1126 2988 quae
1145 2926 1189 2976 est
1207 2938 1244 2975 ex
1258 2919 1432 2990 aequalitate
1446 2918 1595 3001 dictantiae

238 3001 392 3071 planorum.

319 3076 347 3143 d)
372 3078 504 3133 Scholion
517 3085 611 3133 autem
634 3078 703 3132 illud
725 3079 767 3132 ita
781 3089 878 3133 sonat.
899 3078 954 3147 bio
968 3095 1035 3133 vero
1055 3086 1169 3147 praeter
1182 3078 1271 3135 dictas
1286 3081 1405 3153 quinque
1425 3080 1534 3153 dgsrrar
1548 3093 1598 3132 non

240 3177 323 3232 posse
347 3158 431 3214 aliam
454 3157 584 3212 constitui
605 3159 723 3229 liguram
746 3159 871 3223 solidam,
896 3175 968 3250 quac
989 3158 1080 3229 planis
1104 3165 1135 3213 et
1157 3161 1336 3230 aequilateris
1357 3167 1387 3216 et
1405 3156 1598 3233 aequiangulis

240 3239 418 3294 contineatur
433 3238 507 3293 inter
528 3256 558 3291 se
580 3239 753 3309 aequalibus
795 3240 857 3292 Non
871 3239 942 3292 enim
957 3257 993 3293 ex
1008 3240 1114 3293 duobus
1129 3239 1287 3313 triangulis,
1311 3244 1358 3297 sed
1374 3258 1466 3313 neque
1488 3259 1526 3296 ex
1539 3236 1598 3293 aliis

241 3321 348 3374 duabus
367 3318 464 3389 figuris
479 3318 582 3373 solidus
597 3319 782 3373 constituetur
795 3319 926 3389 angulus.
968 3320 1022 3373 Sed
1043 3319 1183 3375 extribus
1203 3322 1354 3393 triangulis
1382 3328 1498 3377 constat
1517 3334 1598 3392 pyra·

241 3400 319 3456 midis
334 3400 463 3471 angulus.
504 3400 551 3453 Ex
565 3405 685 3469 quatuor
698 3406 791 3454 autem
805 3399 937 3454 octabdri.
979 3401 1025 3454 Ex
1040 3400 1159 3471 quinque
1173 3417 1240 3457 vero
1253 3402 1399 3458 icosaedri.

321 3481 368 3535 Ex
387 3478 537 3550 triangsdis
557 3496 609 3533 sex
628 3487 658 3533 et
684 3481 863 3550 aequilateris
893 3487 925 3533 et
950 3481 1147 3551 aequiangulis
1174 3485 1210 3536 ad
1239 3483 1309 3538 idem
1340 3490 1474 3555 punctum
1502 3498 1599 3538 coen·

243 3561 317 3616 tibus
336 3578 391 3615 non
410 3560 459 3614 flet
477 3560 600 3631 angulus
621 3560 734 3615 solidus.
775 3561 843 3615 Cum
857 3560 929 3614 euim
949 3560 1084 3631 trianguli
1106 3563 1272 3632 aequilateri
1294 3565 1417 3635 augsrlus
1436 3562 1600 3620 retamim

242 3645 352 3697 bessem
371 3632 432 3707 (Ἰ)
455 3640 611 3705 contineat,
636 3648 718 3695 erunt
738 3640 873 3734 ejusmodi
894 3658 946 3694 sex
969 3641 1067 3712 anguli
1089 3643 1172 3697 rectis
1197 3651 1316 3714 quatuor
1336 3645 1483 3715 aequales.
1524 3643 1601 3708 Quod

240 3723 300 3778 deri
314 3740 369 3778 non
381 3726 486 3792 potest.
527 3720 597 3775 Nam
617 3721 720 3776 solidus
740 3721 825 3776 omnis
848 3721 969 3792 angulus
990 3721 1139 3777 minoribus
1154 3740 1235 3793 quam
1255 3725 1339 3780 rectis
1354 3732 1476 3796 quatuor
1490 3721 1601 3797 angulis

240 3802 397 3859 continetur
418 3797 510 3871 (Eucl.
531 3801 581 3857 XI.
604 3796 675 3870 21.).
719 3803 761 3857 Ob
783 3804 893 3856 casdem
921 3818 988 3856 sanc
1014 3819 1114 3858 causas
1136 3821 1225 3874 neque
1245 3805 1428 3876 expluribus
1447 3820 1531 3876 quam
1550 3820 1601 3859 aex

240 3882 332 3955 planis
355 3881 466 3955 angulis
490 3879 623 3951 ejusmodi
643 3879 762 4015 angulus
783 3882 887 3936 solidus
908 3881 1084 3936 construitur.

320 3961 374 4016 Sed
397 3980 435 4015 ex
455 3962 545 4015 tribus
569 3964 709 4033 quadrais
734 3962 794 4016 cubi
819 3963 939 4034 angulus
964 3962 1128 4018 continetur.
1168 3965 1215 4019 Ex
1239 3971 1357 4035 quatuor
1378 3966 1473 4021 nullus
1496 3970 1599 4037 potest

240 4043 347 4097 Rursus
370 4041 442 4095 euim
461 4041 531 4095 recti
554 4048 674 4111 quatuor
697 4048 786 4096 erunt.

321 4123 366 4176 Ex
389 4120 478 4175 tribus
502 4128 595 4176 autem
617 4123 785 4193 pentagonis
810 4122 991 4193 aequilateris
1015 4129 1044 4177 et
1075 4123 1269 4196 aequiangulis
1292 4125 1455 4180 dodecaddri
1479 4125 1601 4198 angulus

243 4202 407 4257 continetur.
449 4201 503 4255 Sed
518 4219 555 4256 ex
569 4209 689 4272 quatuor
702 4202 795 4256 nullus
810 4210 912 4272 potest.
956 4204 1022 4257 Cum
1036 4204 1108 4258 enim
1129 4204 1283 4277 pentagoni
1298 4205 1465 4277 aequilateri
1479 4205 1601 4278 angulas

242 4288 334 4337 rector
350 4282 386 4336 sit
408 4287 438 4335 et
454 4282 552 4352 quinta
574 4282 642 4336 recti
663 4298 738 4352 pars,
760 4289 842 4336 amnt
855 4291 975 4354 quatuor
989 4285 1084 4355 anguli
1107 4286 1191 4339 rectis
1210 4294 1329 4356 quatuor
1351 4287 1481 4356 majores.
1524 4284 1601 4349 Quod

242 4363 301 4417 lieri
325 4361 428 4432 nequit.
470 4362 528 4415 Nec
543 4378 610 4415 sane
625 4381 662 4416 ex
677 4363 740 4417 aliis
763 4365 912 4435 polygonis
935 4364 1031 4435 figuris
1056 4365 1159 4439 solidus
1174 4369 1295 4438 angulus
1310 4367 1507 4431 continebitur,
1523 4364 1601 4459 'qaod

242 4443 306 4498 hinc
320 4459 427 4513 quoque
442 4443 589 4496 absurdum
610 4449 751 4513 sequatur.
794 4445 976 4507 Quamobrem
989 4447 1164 4516 perspicuum
1178 4453 1229 4511 est,
1251 4453 1365 4517 praeter
1379 4447 1467 4503 dictas
1483 4447 1601 4519 quinquo

242 4524 348 4595 figuras
372 4521 457 4576 aliam
480 4522 597 4594 figuram
622 4522 736 4578 solidam
759 4543 814 4578 non
837 4543 919 4595 posse
934 4525 1073 4591 constitui,
1099 4543 1170 4598 quae
1189 4528 1240 4581 sub
1263 4526 1356 4597 planis
1372 4527 1559 4609 aequilateris
1572 4530 1602 4579 et

243 4602 436 4676 aequiangulis
459 4602 642 4658 contineatur.
