3278 5542
144 309 210 378 181
610 314 640 365 u
659 312 730 378 spor.
749 313 827 378 555.
849 318 938 366 ese·
954 310 1045 367 nm

146 476 314 531 conveniens
330 473 556 540 accommodatio)
572 483 616 529 est-
630 482 659 529 et
673 475 921 547 diciturepicyclus
932 492 1058 547 magnus.
1087 476 1174 531 Sexte
1189 494 1244 532 non
1258 476 1327 533 dicit
1334 479 1479 549 Apollonius,

146 559 217 629 quod
232 557 279 611 Sel
296 563 325 610 et
339 565 436 611 centra
450 558 560 610 illerum
575 565 737 627 magnorum
752 557 938 626 epicyclorum
962 558 1089 611 ferantur
1117 557 1145 611 in
1168 575 1223 612 uno
1238 558 1407 613 concentsico
1426 560 1481 614 ciros

145 638 265 700 Terram,
288 638 336 690 sed
351 636 424 701 dicit,
449 639 519 707 qued
536 637 661 690 ferantur
676 638 785 706 aequali
801 637 974 691 revolutione
993 646 1023 690 et·
1036 638 1124 691 simul.
1153 637 1278 709 Septimo
1287 656 1343 693 nen
1357 639 1482 695 intersecat

145 717 218 772 orbis
233 717 331 771 Martis
347 717 373 770 in
389 718 537 788 Apollonio
553 719 647 770 orbem
662 717 743 771 Solis.
783 718 888 772 Octavo
909 735 964 770 non
979 724 1060 787 patet
1079 719 1106 772 in
1121 718 1281 788 Apollonio,
1302 727 1427 789 quantum
1439 720 1482 790 qui·

144 799 203 851 dem
218 796 266 851 ille
281 797 412 867 scriptum
427 797 547 867 reliquit,
571 798 679 851 occasio
695 797 880 869 investigandi
896 798 1099 867 proportionem
1114 798 1299 868 sphaerarum
1313 816 1351 857 ex
1365 799 1482 868 persilui

144 894 246 933 annua.
289 878 368 930 Nono
383 885 471 932 metus
494 877 568 930 illins
583 878 677 950 niagni
692 878 810 948 epicycli
824 879 973 931 secuudum
987 878 1173 948 Apollonium,
1197 896 1248 933 seu
1267 878 1344 933 orbis
1358 882 1482 934 secundun

144 958 300 1029 Typhonem
315 957 561 1028 inconsequentia,
586 957 626 1010 illi
642 957 748 1028 quidem
763 971 808 1011 est
822 959 906 1028 longe
922 959 1038 1020 brevior,
1054 959 1120 1028 quia
1134 960 1278 1013 annuatim
1293 959 1340 1012 rel
1355 960 1435 1030 paulo
1446 960 1482 1014 sli-

144 1050 186 1092 ter
199 1038 364 1092 restituitur.
406 1040 487 1108 Apud
502 1037 659 1107 'lychenem
680 1045 724 1091 est
738 1037 765 1091 15
779 1036 794 1090 h
810 1038 848 1091 30
868 1053 1008 1101 annorum,
1034 1036 1158 1102 151112,
1181 1036 1249 1098 ind
1265 1039 1283 1093 2
1303 1038 1420 1094 circiter.
1451 1041 1483 1095 55

143 1118 185 1171 515
200 1125 289 1189 patet,
312 1136 363 1171 nec
377 1119 446 1171 Urso
462 1118 631 1171 intellectum
647 1118 835 1186 Cepernicum‚
855 1118 1054 1179 Ptolemaeum,
1076 1119 1242 1189 Pergaeum,
1267 1136 1319 1173 nec
1339 1137 1376 1173 ex
1389 1120 1481 1190 Apelle

143 1197 187 1252 nio
203 1207 259 1252 tam
275 1197 356 1251 facile
370 1198 432 1251 elici
447 1215 529 1267 pesse
544 1196 751 1266 Tychenianam
765 1198 943 1267 hypothesin.

223 1279 301 1330 Haec
325 1278 465 1331 scribebat
488 1278 524 1330 Μ.
546 1279 591 1331 Je.
616 1278 756 1346 Keplerus
779 1279 867 1332 hluth.
891 1277 1046 1348 Styriacus,
1077 1278 1104 1331 in
1123 1277 1247 1350 gratiam
1270 1279 1372 1334 nobilis
1391 1279 1481 1349 ι1555515

144 1358 447 1428 FrancisciTegnaglii‚
464 1358 508 1428 qni
523 1358 646 1427 Tychoni
661 1359 834 1419 domesticus,
852 1358 987 1427 cupientis
1002 1374 1038 1411 ea
1052 1359 1208 1413 accuratius
1223 1375 1401 1430 cognoscere.
1421 1364 1480 1414 5555

148 1439 231 1491 1609.
248 1454 340 1491 mense
355 1439 464 1492 Martio.

216 1604 254 1652 Ea
272 1616 335 1666 qnae
355 1602 441 1651 555115
459 1612 517 1650 5551
534 1605 685 1666 inscriptioni
705 1606 856 1666 praemissae
875 1604 1051 1667 disquisitionis
1063 1604 1203 1668 significare
1219 1605 1344 1662 ridentur,
1362 1604 1477 1668 Tychesas

143 1675 168 1724 id
188 1677 336 1738 propesitum
354 1675 481 1729 habuisse,
508 1680 536 1722 ut
560 1675 627 1723 illam
647 1676 794 1739 adJungeret
819 1677 982 1738 responsioni.
1009 1688 1083 1738 quam
1105 1677 1157 1739 ipse
1185 1678 1210 1725 iu
1236 1677 1363 1740 publicum
1380 1676 1476 1727 5555555

144 1750 304 1811 cogitaverat,
324 1751 411 1809 postea
428 1759 485 1793 vere
504 1746 536 1794 55
555 1746 689 1808 Keplemm
709 1747 867 1808 551151555555
886 1754 1024 1796 censuerat

214 1816 281 1865 15155
299 1817 383 1865 literas
401 1815 559 1865 Herwarti
580 1818 612 1866 55
632 1817 765 1880 Keplemm
794 1818 866 1866 datas
891 1817 1094 1879 deprehendimus
1118 1818 1215 1881 quidem
1240 1818 1380 1883 complures
1397 1818 1474 1881 Kepleu'

144 1890 313 1951 responsiones
338 1889 411 1937 datus
430 1890 502 1936 annis
524 1885 590 1937 1598
616 1897 641 1936 51
670 1886 734 1937 1599
756 1888 845 1951 (comp.
867 1905 890 1952 p.
912 1886 945 1937 92
969 1886 1059 1949 5167)
1080 1889 1111 1938 55
1138 1890 1475 1952 5555555515555555515151

141 1974 221 2023 neque
240 1975 295 2008 rere
314 1959 381 2008 illam
400 1973 464 2022 quae
484 1974 558 2021 supra
576 1962 700 2022 tangitur,
721 1974 775 2008 eum
795 1959 857 2008 15515
876 1960 907 2007 55
927 1973 1029 2009 causam
1047 1959 1112 2024 quod
1131 1960 1198 2009 illam
1215 1960 1361 2010 1155555155
1379 1962 1474 2025 integrus

142 2030 252 2092 Tycheni
264 2032 409 2079 transmisit.
441 2029 579 2092 Respondit
593 2031 656 2080 terte
669 2032 791 2094 Keplerus
811 2031 842 2079 55
856 2031 902 2079 555
916 2029 1038 2080 Η55555511
1050 2032 1181 2080 monitum:
1201 2030 1263 2081 Was
1276 2031 1309 2081 R.
1323 2031 1399 2083 Ursus
1413 2038 1474 2081 centn

141 2101 282 2164 Tychonem
302 2101 383 2150 Brahe
402 2101 571 2165 geschrieben,
591 2104 624 2150 ist
641 2103 784 2152 schwerlich
804 2117 834 2150 zu
852 2102 1006 2150 bekemmen.
1045 2102 1102 2151 Hah
1121 2116 1147 2150 55
1161 2102 1300 2159 55555555,
1318 2103 1373 2152 55511
1394 2100 1431 2152 ich
1439 2116 1473 2150 rer·

139 2173 237 2231 mutbe,
266 2187 292 2221 cs
312 2174 392 2222 555555
412 2173 455 2222 555
474 2172 537 2221 11555
556 2173 652 2222 5515555
671 2176 708 2222 511
727 2174 816 2229 haben,
837 2172 886 2221 ihm
906 2173 1019 2223 dasselhe
1037 2188 1080 2222 ror
1093 2173 1185 2223 diesem
1202 2174 1383 2224 ilberschickess
1399 2173 1475 2224 51111551

140 2244 193 2292 rreil
213 2259 239 2293 es
259 2245 372 2293 5555511
391 2243 538 2306 gescbehen,
558 2244 634 2307 gehet
652 2259 678 2293 es
698 2245 791 2299 hiemit,
811 2244 861 2293 und
880 2244 927 2291 will
947 2244 990 2293 des
1004 2244 1084 2293 Herm
1098 2244 1299 2295 Gutbednnkheu
1317 2245 1421 2295 5555555
1434 2257 1474 2310 gar

138 2315 294 2364 remehmen.
324 2315 374 2372 (Ex
387 2314 508 2363 Herwarti
528 2315 604 2363 literis
624 2315 647 2363 5.
668 2315 793 2364 ,1155555ἰί
815 2315 838 2365 5.
864 2312 902 2363 ts.
916 2313 979 2376 Maji
999 2312 1089 2376 1599.)
1125 2315 1265 2378 Responsio
1277 2316 1382 2380 Koplesi
1399 2318 1451 2366 iuter
1459 2313 1474 2363 l.

141 2383 257 2447 lestap
277 2384 359 2434 5120.
378 2381 510 2434 ,1511599
530 2386 623 2447 scripta
642 2401 696 2435 esse
715 2386 818 2443 ridetur,
839 2401 895 2435 cum
914 2387 938 2434 in
951 2387 1027 2435 literis
1041 2387 1064 2435 d.
1080 2384 1121 2434 20.
1135 2387 1187 2436 sul.
1206 2387 1272 2437 datis
1285 2387 1427 2438 Hersrartus
1435 2399 1474 2452 grt-

139 2457 187 2505 tias
207 2464 268 2522 agat
287 2472 336 2521 pre
349 2458 507 2519 responsione
520 2456 622 2519 Kepleri
643 2458 675 2506 55
693 2459 851 2522 quaestiones
871 2470 937 2512 suas,
957 2472 1007 2506 rere
1027 2459 1106 2521 ipsam
1126 2473 1182 2507 rere
1204 2473 1254 2508 uon
1273 2459 1378 2509 ulterius
1395 2464 1475 2522 praest

138 2527 214 2576 semel
233 2534 329 2576 tantum
343 2527 446 2591 posthac
461 2524 515 2587 (25.
530 2526 673 2588 15111199)
694 2529 726 2577 55
745 2528 834 2577 Ursum
848 2528 944 2577 rediens
960 2528 997 2576 his
1011 2529 1102 2578 serbis:
1122 2527 1226 2579 155555
1241 2544 1286 2579 aus
1299 2530 1390 2579 Enrem
1403 2527 1475 2579 85551·

137 2599 184 2647 555
199 2599 310 2655 5555555,
330 2601 375 2648 wie
395 2599 459 2646 Euer
472 2597 532 2647 Reis
551 2599 616 2648 5555
629 2600 783 2648 Pennatiehh
802 2599 851 2647 und
871 2600 914 2648 der
933 2601 1060 2649 convictus
1082 2614 1138 2649 cum
1148 2599 1266 2662 Tychone
1280 2600 1421 2667 abgangen.
1445 2598 1475 2648 leb

137 2671 284 2727 remimme,
313 2670 349 2718 515
369 2671 399 2718 55
418 2669 465 2718 5151
485 2667 606 2718 Schriften
633 2672 684 2719 und
703 2671 872 2720 Instrumenta
896 2685 942 2718 ren
972 2671 1026 2719 dem
1050 2673 1160 2735 letzigen
1183 2671 1270 2736 Konig
1287 2687 1337 2721 ron
1358 2668 1477 2721 nmmos

137 2743 291 2790 verarrestirt
309 2741 408 2790 worden
428 2755 488 2802 seyn
509 2741 605 2790 sollten.
644 2741 745 2791 11115515
764 2741 825 2790 wohl
845 2743 942 2796 crissen,
962 2743 992 2791 ob
1005 2741 1089 2804 Tyche
1107 2744 1133 2791 15
1152 2742 1365 2793 observationibus
1383 2741 1476 2792 1551151111

136 2812 187 2861 555
206 2813 389 2866 observatores,
408 2814 453 2860 5515
473 2827 499 2860 55
518 2828 559 2861 555
576 2813 670 2861 Jahren
690 2828 720 2861 zu
738 2813 799 2861 thun
819 2814 966 2876 geptlogen,
986 2814 1025 2862 bei
1044 2814 1097 2863 sich
1114 2813 1188 2862 5555.
1226 2813 1296 2864 Mich
1315 2813 1475 2869 5155551955-

136 2882 187 2941 der,
207 2885 252 2932 rrie
271 2883 323 2932 sich
345 2884 375 2931 Er
393 2884 444 2931 und
464 2883 507 2932 der
525 2883 601 2933 Ursus
621 2900 647 2931 5ο
667 2885 766 2933 nabend
794 2900 834 2932 um
855 2883 975 2932 einander
994 2885 1108 2934 denueeh
1127 2885 1248 2947 betrageu
1268 2885 1378 2935 kilnden.
1403 2884 1478 2945 1055111

136 2969 191 3004 cum
209 2955 246 3004 his
265 2956 350 3004 literas
369 2955 493 3017 Tychonis
513 2955 546 3003 55
567 2955 722 3004 llerwartusn
743 2969 817 3018 snpra
836 2971 859 3018 p.
883 2951 957 3015 292.)

96 3161 97 3165 ,
207 3110 234 3174 9)
254 3129 277 3176 p.
298 3109 358 3162 299.
396 3113 491 3163 hierem
510 3121 611 3164 secutus
632 3115 709 3164 Ursus
728 3122 780 3163 tum
799 3116 915 3174 temporis
942 3115 1061 3163 usitatum
1084 3114 1171 3164 librum
1190 3130 1261 3165 suum
1281 3117 1407 3180 inscripsit
1424 3114 1480 3164 nimis

136 3197 194 3232 usus
223 3185 349 3234 verberum
378 3186 462 3246 eopia:
487 3184 519 3234 N.
539 3185 569 3233 R.
589 3185 645 3235 Ursi
665 3186 801 3234 Dithmarsi
821 3185 845 3235 S.
867 3186 893 3234 C.
915 3184 950 3234 Μ.
972 3184 1145 3236 Mathematici
1171 3186 1202 3235 de
1226 3189 1398 3237 551555οωί55
1423 3186 1478 3248 lps-

135 3254 246 3304 thesibns
264 3269 309 3304 seu
335 3256 366 3306 de
385 3262 520 3316 systemate
539 3257 663 3305 mundane
693 3263 815 3306 tractatus
835 3259 1012 3307 astronomicus
1035 3263 1060 3306 51
1079 3257 1311 3322 cosmograpbicus:
1340 3273 1396 3307 cum
1411 3262 1477 3321 jusus·

136 3325 181 3374 dus
206 3333 259 3376 tum
285 3325 437 3376 utilissimus
476 3327 539 3376 Item
566 3331 787 3378 astronomicarum
815 3328 985 3391 hypothesium
1015 3342 1030 3376 a
1056 3342 1082 3377 se
1107 3330 1278 3387 inventarum,
1308 3328 1440 3379 oblatarum
1461 3329 1479 3372 11

137 3397 258 3448 editarum
278 3406 366 3448 contra
383 3399 502 3462 quosdam
522 3413 564 3448 555
584 3400 629 3448 5151
648 3401 780 3449 1555555515
800 3415 843 3448 555
862 3401 943 3462 potins
962 3399 1056 3448 nelarie
1075 3413 1137 3448 ausu
1157 3408 1305 3464 arrogantes
1324 3399 1478 3451 5155155555

136 3467 254 3525 defensio,
275 3484 336 3533 sque
356 3472 432 3519 sacris
451 3470 641 3519 demonstratio:
661 3470 843 3533 earundemque
862 3485 920 3519 usus
939 3469 984 3519 duc.

206 3627 235 3690 7)
253 3645 277 3693 p.
299 3626 358 3677 240.
396 3629 513 3695 Maginns
532 3632 556 3678 in
578 3630 784 3680 „Theoricarum“
805 3629 959 3693 praelatione
976 3629 1040 3678 5555
1058 3630 1162 3692 profert:
1182 3629 1211 3678 In
1229 3629 1278 3679 hac
1298 3630 1435 3680 narratione
1448 3640 1474 3676 ss

135 3715 237 3766 quemur
263 3700 445 3751 observationes
465 3703 622 3751 eruditissimi
641 3703 683 3750 riri
712 3710 738 3750 et
762 3702 967 3764 praestantissimi
988 3701 1091 3750 artificis
1109 3700 1165 3749 Nic.
1186 3699 1328 3763 Cepernici,
1356 3715 1419 3765 quac
1433 3712 1472 3749 ssu

136 3773 203 3821 coele
223 3773 324 3822 55151555
343 3775 516 3830 55555511551,
536 3774 656 3837 neglectis
676 3781 761 3822 tamen
780 3773 844 3821 illius
863 3772 1039 3833 hypothesibus
1059 3772 1090 3820 de
1108 3772 1236 3834 multiplici
1255 3773 1395 3822 mobilitate
1407 3773 1471 3821 rme

135 3845 192 3891 stris
211 3845 276 3908 globi
296 3845 370 3893 etde
389 3847 471 3908 quiete
490 3853 542 3893 tum
556 3845 619 3894 Solis
640 3847 664 3893 in
684 3852 768 3893 centro
786 3844 892 3892 55155551
911 3852 963 3891 tum
982 3843 1076 3893 stellati
1090 3844 1162 3897 erbis,
1187 3857 1249 3906 quas
1268 3851 1297 3898 nt
1315 3843 1477 3893 5551111555111

135 3914 296 3977 sphaeramm
314 3918 419 3964 55115551
436 3918 632 3980 ingeniosissime
651 3916 692 3965 1115
710 3916 808 3979 quidem
827 3916 991 3978 excogitavit,
1015 3915 1058 3963 sed
1077 3914 1139 3968 hae.
1159 3921 1188 3962 ut
1205 3915 1280 3963 nimis
1299 3929 1316 3964 a
1334 3917 1431 3965 55511515
1444 3924 1475 3960 re·

135 3992 218 4033 motae
238 3994 311 4050 atque
331 3987 462 4042 absurdae,
483 3990 612 4036 55555115
632 3988 682 4035 1555
702 3987 877 4048 exploduntur,
904 3985 966 4034 adeo
986 3985 1101 4034 51555111
1121 3986 1196 4034 etiam
1215 3985 1378 4036 inclementer
1395 3988 1473 4035 15155·

136 4063 188 4104 tum
207 4058 291 4115 virum,
311 4058 350 4105 cui
367 4058 497 4120 plurimum
517 4059 590 4107 debet
609 4064 786 4121 aeternumque
805 4057 904 4106 debebit
932 4058 1095 4112 astronomia,
1124 4056 1172 4105 hae
1196 4071 1248 4106 una
1273 4057 1304 4106 de
1331 4057 1472 4107 5511551551·

134 4128 237 4181 5551555
257 4130 358 4177 tametsi
376 4144 448 4177 nemo
467 4137 577 4177 motuum
595 4131 716 4178 rationem
734 4129 782 4178 555
801 4128 993 4192 ipsaGeperuici
1008 4128 1183 4191 expeditiorem
1208 4134 1234 4176 et
1246 4129 1376 4178 certiorem
1388 4125 1477 4192 pressu!

137 4199 259 4248 hactenns
279 4201 392 4260 potuerit.
1457 4214 1460 4219 '

209 4269 308 4320 Deinde
325 4270 372 4320 alio
391 4270 459 4320 loco:
485 4269 536 4319 Nos
557 4269 691 4333 Gepemice
714 4273 750 4320 115
770 4270 972 4325 adhaerebimus,
991 4278 1018 4318 nt
1037 4282 1085 4319 non
1105 4269 1183 4318 selum
1201 4270 1348 4333 angulorum
1366 4268 1481 4321 51551191·

136 4350 195 4397 tem,
215 4342 308 4391 orbium
327 4345 495 4406 proportiones
514 4349 540 4390 51
558 4341 730 4404 dispositiones
750 4342 930 4405 eorundemque
951 4341 1062 4403 525555
1080 4341 1222 4396 distantias,
1241 4341 1382 4392 sedetiam
1398 4348 1422 4391 51
1434 4346 1481 4386 ¹¹¹⁰

136 4415 209 4463 serbo
228 4415 309 4462 dicem
328 4414 412 4463 omnia
430 4415 527 4462 omnine
547 4413 720 4476 phaenomena
739 4414 771 4461 55
791 4413 854 4461 illius
882 4418 991 4462 mentem
1017 4413 1144 4463 videamur
1161 4412 1317 4463 efformatae:
1345 4414 1390 4464 hoo
1408 4410 1485 4461 55110

137 4488 210 4545 unico
229 4493 341 4548 excepte,
360 4466 574 4548 quod'Ccpernico
593 4491 680 4534 555155
699 4500 796 4533 omnem
814 4485 945 4533 veritatem
963 4491 989 4533 et
1007 4484 1187 4547 philosophiam
1199 4483 1278 4533 Terra
1297 4485 1393 4555 mobili!
1410 4470 1485 4532 ast!

135 4571 191 4605 eum
210 4563 298 4606 octavo
317 4558 375 4605 erbe
394 4558 548 4620 quiescentes
569 4557 696 4612 ridentur,
726 4557 794 4604 nobis
815 4571 870 4604 rere
891 4557 1040 4604 centrarium
1066 4556 1217 4618 supponitur.
1256 4552 1483 4621 055551551511115

136 4628 180 4676 riri
200 4627 349 4683 doctissimi,
378 4626 846 4692 551555505551555555151155555
873 4623 937 4673 1572
957 4633 983 4675 51
1001 4633 1115 4676 cometae
1134 4641 1199 4675 anne
1222 4621 1290 4674 1578
1309 4627 1430 4693 diligenter
1442 4620 1484 4668 11·

136 4700 234 4761 specus.
255 4700 279 4748 15
299 4699 343 4748 sibi
363 4714 393 4748 ex
411 4700 536 4763 utriusque
556 4699 629 4747 155115
648 4699 857 4748 observationibus
877 4697 1035 4760 persuadent,
1055 4704 1083 4747 ut
1101 4711 1229 4746 erroneam
1247 4694 1376 4762 Cepernici
1392 4700 1482 4748 ⁸ch

137 4771 197 4818 tiam
216 4769 248 4818 de
266 4770 357 4821 Terrae
376 4778 445 4820 metu
463 4786 520 4819 rere
539 4771 672 4833 proximam
693 4771 854 4825 arbitrentur,
882 4774 908 4818 et
927 4769 980 4817 aliis
998 4777 1129 4833 prepterea
1148 4769 1264 4818 adhibitis
1285 4763 1480 4820 assensurum*

139 4841 322 4906 rationibusque
340 4842 425 4892 itidem
444 4842 599 4892 naturalibus
618 4842 737 4905 opinionis
755 4841 819 4889 illius
839 4839 1049 4890 conlimsatienem
1067 4841 1238 4903 polliceantur.
1260 4841 1375 4906 equidem
1390 4838 1479 4895 551115
