3278 5542
658 302 851 371 maxum

64 467 222 531 tricitates
243 486 264 531 a
286 467 398 543 Terra,
426 485 504 546 qnae
528 466 695 529 Ptolemaei
726 467 827 529 seculo
856 473 888 528 et
915 483 992 546 quae
1019 471 1123 527 nostro
1152 465 1290 539 luerunt,
1320 467 1427 535 eodem

64 556 215 619 deducere
238 564 330 637 atque
354 574 393 619 ex
413 557 549 636 utrisque
573 555 699 618 eandem
714 577 733 617 a
748 554 819 617 Sole
835 554 1090 617 eccentrioitatem
1107 554 1296 617 concludere.
1329 555 1426 637 Atqui

66 644 216 709 miculam
238 645 380 719 consule,
408 644 526 706 ridebis
550 645 606 706 hoc
629 663 706 719 non,
737 654 769 707 ut
791 665 847 725 par
870 653 953 718 erat,
985 642 1058 704 heri.
1105 642 1322 723 Discrepantes
1346 646 1437 709 enim·

66 734 195 797 invicem
227 734 406 814 provenient
436 734 531 797 etiam
563 731 681 811 ἀφηλιοι
712 733 966 796 eccentrieitates.
1014 731 1097 793 Idem
1125 731 1162 793 de
1189 732 1264 794 locis
1295 731 1427 812 aanor

65 823 180 885 dictum
203 832 286 893 estc,
309 822 381 903 qnia
403 822 478 885 haec
501 829 604 885 mutuo
628 841 765 885 connexa
788 832 867 885 sunt.
914 823 1017 901 Atque
1041 820 1096 882 boc
1120 839 1208 882 unum
1232 829 1289 885 est.

153 911 273 975 Deinde
296 911 386 975 facila
409 911 561 991 colligitur
583 930 621 973 ex
643 921 768 991 aspectu
792 912 924 983 tabulae,
949 929 1016 972 cum
1039 910 1238 988 inaequaliter
1259 911 1426 991 procedant

65 1008 97 1063 et
118 999 233 1078 ἂφηλια
254 1008 287 1063 et
309 999 439 1079 aaran,
465 1019 606 1080 magnam
628 1001 698 1063 inde
722 1019 864 1063 successu
887 1001 1055 1062 seculorum
1079 999 1257 1065 exstituram
1279 998 1425 1080 isimon

65 1109 159 1167 mm
189 1088 410 1152 diversitatem.
460 1090 558 1152 Hodie
589 1088 713 1152 Saturni
746 1099 777 1151 et
805 1088 934 1151 Telluris
967 1089 1087 1151 absides
1120 1105 1213 1169 prope
1246 1089 1424 1169 conjunctae

64 1188 143 1253 sunt,
169 1196 264 1259 quare
286 1177 407 1257 integra
430 1177 560 1241 Telluris
583 1177 809 1241 eccentrioitate
833 1178 930 1240 minor
952 1186 1001 1238 est
1025 1176 1191 1239 Saturnia
1215 1186 1318 1239 centro
1342 1177 1422 1241 orbis

65 1266 242 1341 Terrestris,
267 1286 356 1348 quam
378 1265 504 1342 asela,
528 1267 685 1330 distantia.
731 1268 790 1331 Ubi
815 1267 982 1348 quadrante
1006 1265 1181 1339 distiterint,
1208 1265 1342 1346 aequalis
1366 1266 1425 1329 erit

64 1354 388 1436 ntraqueetaS01e
415 1364 448 1417 et
474 1376 495 1417 a
517 1357 624 1431 Terra,
658 1365 775 1419 crescet
802 1375 909 1437 nempe
934 1354 1100 1434 Gopernico
1128 1374 1185 1415 sua
1212 1355 1422 1417 eccentricitas

62 1444 211 1507 Saturnia
234 1463 328 1525 usque
351 1445 420 1506 dnm
444 1454 635 1524 opponentur
658 1445 785 1507 invicem
805 1444 926 1507 Saturni
950 1452 982 1505 et
1001 1443 1130 1506 Telluris
1154 1443 1286 1507 absides.
1325 1441 1423 1513 Quem

63 1534 101 1595 ad
124 1542 268 1596 eventum
291 1533 350 1595 etsi
373 1534 499 1595 mundus
524 1553 581 1596 non
605 1533 744 1597 durabit:
775 1543 875 1596 tamen
905 1535 930 1595 si
957 1534 1095 1615 perfecta
1118 1540 1202 1594 esset
1225 1532 1420 1607 astronomia

61 1623 141 1686 tales
165 1621 298 1685 debebat
324 1621 507 1703 hypotheses
535 1642 696 1701 usurpare,
731 1643 806 1703 quae
836 1624 922 1704 quasi
950 1634 1073 1686 aeterno
1101 1622 1210 1684 mundo
1239 1622 1420 1684 sufficerent

60 1710 157 1790 Atqui
181 1710 256 1774 nihil
278 1711 382 1773 horum
405 1720 509 1773 monet
530 1731 625 1792 neque
649 1710 833 1792 Cepernicns
856 1732 952 1792 neque
975 1711 1195 1773 Rheinholdus.
1237 1709 1307 1771 Non
1330 1711 1422 1791 igitur

60 1797 276 1877 perfectissimi
298 1808 370 1861 suut
392 1818 494 1862 eorum
517 1800 645 1875 numeri,
676 1821 770 1882 neque
796 1802 929 1881 integras
953 1800 1142 1880 planetarum
1165 1798 1311 1877 sphaeras
1335 1800 1421 1861 nobis

60 1887 230 1968 explicant,
255 1887 362 1968 quibus
384 1888 455 1951 illos
477 1908 562 1953 seros
585 1898 684 1952 motus
708 1890 845 1951 accidere
868 1909 958 1970 posse
982 1888 1197 1967 intelligamus.

149 1977 236 2039 Haec
258 1986 291 2039 et
313 1977 482 2059 hujusmodi
508 1977 619 2041 similia
646 1998 713 2040 cum
740 1998 787 2040 me
815 1979 946 2041 nonnihil
978 1978 1211 2048 conturbarent,
1244 1984 1335 2055 atque
1364 1994 1420 2055 ego

60 2067 217 2129 haererem
243 2066 330 2146 inops
358 2066 488 2143 consilii,
522 2067 609 2148 quasi
642 2068 692 2149 qui
725 2068 870 2148 disjectas
899 2067 1062 2131 autumatis
1092 2066 1208 2129 rotulas
1232 2064 1262 2126 in
1286 2063 1421 2127 ordinem

59 2155 199 2233 redigere
223 2156 335 2230 nescit,
365 2155 549 2219 Maestlinus
572 2176 619 2217 me
642 2158 829 2231 consolatus,
859 2156 916 2218 irno
940 2158 1118 2218 dehortatus
1142 2162 1189 2216 est
1212 2153 1250 2215 ab
1274 2153 1320 2214 his
1344 2153 1418 2214 snb-

59 2243 246 2307 tilitatibus:
275 2244 342 2307 Non
361 2262 452 2324 posse
471 2263 536 2319 nos,
560 2246 672 2326 ajebat,
698 2265 801 2309 omnes
825 2255 951 2307 naturae
975 2246 1133 2307 thesauros
1158 2242 1336 2306 exhaurire:
1360 2260 1418 2301 non

58 2332 239 2395 movendum
264 2352 331 2395 esse
355 2333 466 2396 malum
489 2334 565 2395 bene
593 2335 765 2397 conditum:
791 2343 822 2396 et
845 2336 1032 2397 tolerandam
1056 2333 1156 2412 potius
1181 2339 1269 2412 atque
1295 2339 1417 2392 susten-

57 2420 183 2485 tandam
206 2420 405 2484 levaminibus
428 2421 606 2503 quibusdam
630 2424 706 2486 hane
729 2424 822 2485 veluti
846 2432 999 2503 rupturam
1018 2421 1138 2485 humani
1158 2419 1303 2500 corporis,
1328 2436 1418 2499 quam

56 2518 89 2572 ut
113 2518 180 2571 tam
202 2510 354 2591 exquisita
376 2519 518 2572 anatome
546 2511 722 2592 conjiciatur
750 2529 842 2593 aeger
870 2514 898 2574 in
927 2513 1205 2593 praesentissimum
1229 2509 1310 2570 vitae
1334 2507 1416 2588 peri-

55 2599 167 2661 culum.
205 2599 385 2661 Proierebat
406 2599 478 2661 mihi
501 2601 669 2680 exemplum
692 2602 824 2674 Rhetici,
847 2621 1006 2682 curamque
1032 2600 1095 2679 ejus
1119 2600 1158 2661 ad
1181 2616 1310 2677 unguem
1332 2616 1417 2659 aneae

56 2686 199 2749 similiter
227 2687 377 2751 curiosam
405 2697 437 2750 et
465 2689 670 2769 increpantem
701 2711 753 2770 pro
782 2711 815 2753 sc
840 2690 1048 2770 Copernieum.
1095 2688 1237 2767 Epistola
1260 2693 1309 2748 est
1330 2685 1416 2748 Rhe-

56 2776 109 2839 tici
131 2775 328 2856 Ephemeridi
357 2777 427 2839 anni
454 2774 532 2841 1551
567 2779 715 2857 praelixa,
746 2799 821 2860 qnae
850 2781 921 2860 quia
948 2799 1006 2841 non
1034 2778 1148 2856 passim
1177 2784 1227 2837 est
1254 2774 1356 2849 obvia,
1386 2781 1418 2834 et

56 2874 157 2927 totum
180 2866 237 2929 hoc
260 2876 352 2945 caput
373 2867 476 2929 multis
500 2866 573 2930 locis
603 2867 723 2929 mirifice
747 2870 855 2948 juvat,
888 2868 1050 2948 praecipua
1078 2866 1146 2928 inde
1174 2884 1228 2943 pro
1253 2862 1416 2942 colophone

58 2954 125 3017 huic
149 2954 243 3035 capiti
267 2953 456 3034 subjungam.
495 2955 548 3019 Sic¹
567 2957 659 3035 igitur
672 2956 820 3019 Rheticus
840 2958 878 3018 ad
903 2959 1046 3019 lectorem
1065 2957 1143 3018 inter
1163 2961 1284 3015 cetera:
1315 2947 1417 3023 „Suae

57 3054 160 3105 antem
183 3042 401 3121 (Cepernieus)
424 3045 639 3124 exquisitiones
663 3046 839 3116 mediocres,
864 3065 922 3108 non
946 3046 1053 3108 nimias
1077 3064 1144 3106 esse
1166 3041 1270 3104 voluit.
1308 3041 1415 3119 ltaque

58 3132 214 3205 consulto,
242 3151 301 3195 non
333 3133 443 3195 inertia
476 3140 529 3195 aut
555 3135 657 3197 taedio
686 3135 915 3214 defatigationis
943 3155 996 3197 eas
1024 3131 1271 3196 comminationes
1295 3126 1415 3200 vitavit,

59 3240 130 3300 quas
155 3220 288 3284 nonnulli
312 3222 403 3283 etiam
427 3224 625 3299 affectarunt,
657 3236 687 3286 et
714 3233 783 3286 sunt
808 3225 856 3304 qui
885 3224 1028 3304 exigant,
1057 3222 1155 3303 qualis
1179 3230 1228 3283 est
1252 3215 1414 3289 Purbachii

60 3309 263 3389 ineclipsium
286 3309 398 3372 tabulis
418 3310 582 3375 subtilitas.
617 3313 733 3375 Videas
754 3323 855 3375 autem
879 3315 1024 3394 quosdam
1047 3313 1077 3374 in
1101 3312 1148 3372 his
1172 3328 1290 3370 omnem
1313 3325 1414 3368 curam

61 3415 175 3474 ponere,
201 3406 236 3460 ut
258 3399 346 3477 plane
370 3400 544 3480 scrupulose
567 3402 635 3463 loca
657 3403 789 3464 siderum
809 3411 988 3476 scrutentur,
1014 3402 1062 3482 qui
1087 3401 1156 3460 dum
1179 3396 1359 3458 secundanis
1384 3404 1416 3456 et

65 3487 208 3561 tertianis,
232 3487 398 3567 quartanis,
424 3489 576 3568 quintanis
600 3490 730 3552 minutiis
755 3491 880 3567 inhiant¹
907 3490 1040 3569 integras
1055 3488 1176 3549 interim
1195 3494 1299 3566 partes
1322 3504 1413 3564 prae-

66 3581 176 3637 tereunt
208 3595 302 3657 neque
327 3577 509 3656 respiciunt;
543 3586 575 3640 et
597 3579 626 3641 in
650 3579 809 3641 momentis
832 3602 891 3641 rme
914 3600 1097 3655 carroperae
1120 3595 1211 3656 saepe
1235 3574 1330 3647 horis,
1356 3592 1427 3651 non¹

66 3665 147 3727 etiarn
169 3684 321 3746 nunquam
344 3665 449 3727 diebus
476 3667 552 3728 totis
579 3668 732 3730 aberrant.
781 3670 845 3731 Hoc
874 3668 1011 3729 nimirum
1038 3676 1104 3735 est,
1137 3665 1215 3744 qnod
1244 3664 1275 3724 in
1303 3660 1413 3722 fabulis

65 3750 216 3836 descpicis
238 3755 334 3817 dtab
357 3773 402 3828 eo,
428 3755 477 3834 qui
501 3758 600 3835 jussus
624 3757 729 3818 bovem
753 3758 896 3820 amissum
919 3757 1076 3829 reducere,
1103 3755 1171 3815 dum
1196 3751 1320 3814 aviculis
1344 3749 1412 3829 qni-

62 3834 181 3905 busdam
205 3844 365 3923 captandis
388 3844 509 3919 studet,
543 3864 637 3925 neque
667 3847 713 3907 his
744 3847 858 3926 potitur
890 3854 922 3907 et
954 3846 1030 3907 bove
1061 3845 1154 3906 etiam
1177 3843 1243 3921 ipso
1266 3840 1412 3919 privatur.
1533 3921 1537 3928 Ι

56 3920 210 3993 Recordru
233 3950 300 3995 cnm
324 3940 356 3994 et
380 3932 444 4013 ipse
463 3933 590 4013 juvenili
615 3935 792 3997 curiositate
816 3935 1002 4014 impellebar,
1028 3942 1058 3996 et
1082 3931 1168 4013 quasi
1192 3931 1222 3992 in
1245 3927 1415 4010 penetralia

49 4013 186 4083 ⁸¹'derum
212 4020 369 4101 pervenire
399 4023 565 4102 cupiebam.
613 4023 718 4105 Itaque
751 4024 788 4086 de
820 4026 877 4085 hac
910 4023 1107 4103 exquisitione
1139 4019 1288 4081 interdum
1322 4016 1414 4078 etiarn

41 4100 177 4173 rixabar
200 4129 269 4173 cum
291 4110 403 4191 optimo
427 4120 459 4173 et
482 4113 612 4175 maximo
627 4114 690 4175 viro
707 4110 883 4192 Copemico.
921 4111 984 4175 Sed
1007 4113 1069 4183 ille,
1092 4130 1158 4172 curn
1183 4108 1301 4190 quidem
1325 4106 1414 4168 animi

36 4198 116 4261 met
137 4198 267 4263 honesta
289 4199 455 4282 cupiditate
480 4202 698 4276 delectaretur,
729 4202 812 4264 molli
840 4203 962 4264 brachio
987 4203 1145 4282 objurgare
1169 4217 1216 4260 me
1245 4205 1277 4258 et
1298 4195 1434 4283 hortari·

26 4287 190 4364 “olebat
219 4298 254 4352 ut
276 4307 399 4353 manum
421 4290 513 4353 etiam
536 4290 573 4352 de
597 4292 704 4354 tabula
732 4293 838 4355 tollere
864 4293 1027 4354 discerem:
1066 4289 1151 4369 Ego,
1182 4286 1296 4368 inquit,
1325 4286 1351 4346 si
1375 4284 1414 4345 ad

22 4378 223 4445 texentes.
247 4396 325 4458 quae
348 4387 420 4440 sunt
442 4380 583 4457 scrupula
605 4381 719 4453 decem,
745 4382 905 4443 veritatem
924 4381 1072 4442 adducere
1094 4386 1210 4458 potero,
1235 4394 1293 4436 non
1317 4372 1414 4436 minus

20 4466 208 4528 exultabo
223 4467 339 4542 animis,
364 4486 453 4549 quam
477 4469 594 4530 ratione
618 4488 740 4531 normae
765 4480 886 4550 reperta
904 4470 1109 4550 Pythagoram
1133 4465 1312 4545 accepimus.
1351 4460 1413 4520 Mi-

17 4550 143 4616 ‘aare
175 4574 223 4617 me
251 4563 284 4617 et
312 4556 507 4618 annitendum
535 4576 603 4619 esee
633 4559 670 4618 ad
695 4559 826 4620 certiora
849 4558 987 4633 dicente,
1020 4558 1077 4618 huc
1101 4555 1219 4637 quidem
1243 4570 1309 4612 cnm
1333 4549 1413 4611 diffi-

17 4640 170 4704 eultate
194 4645 286 4706 etiam
309 4653 486 4725 perventum
510 4647 546 4708 iri
570 4648 808 4722 demonstrabat,
833 4666 899 4710 cnm
923 4647 1001 4721 aliis,
1027 4654 1089 4708 tum
1105 4644 1201 4706 tribus
1224 4640 1414 4720 potissimum

21 4714 228 4795 decausis.
266 4732 382 4796 Harum
405 4733 533 4815 primam
557 4754 625 4797 esse
650 4738 761 4817 ajebat,
787 4737 866 4817 qnod
886 4736 1147 4807 animadverteret,
1173 4731 1332 4811 plerasque
1356 4728 1412 4790 ob-

29 4821 397 4887 *servationesveterom
416 4823 552 4887 sinceras
573 4844 724 4901 necesse,
749 4826 803 4889 sed
827 4825 1071 4889 accommodatas
1095 4822 1132 4885 ad
1158 4839 1226 4883 eam
1248 4818 1415 4883 doctrinam
