<?xml version="1.0" encoding="UTF-8"?>
<!DOCTYPE html PUBLIC "-//W3C//DTD XHTML 1.0 Transitional//EN"
    "http://www.w3.org/TR/xhtml1/DTD/xhtml1-transitional.dtd">
<html xmlns="http://www.w3.org/1999/xhtml" xml:lang="en" lang="en">
 <head>
  <title>
</title>
<meta http-equiv="Content-Type" content="text/html;charset=utf-8" />
  <meta name='ocr-system' content='tesseract 3.04.00' />
  <meta name='ocr-capabilities' content='ocr_page ocr_carea ocr_par ocr_line ocrx_word'/>
</head>
<body>
  <div class='ocr_page' id='page_1' title='image "./joanniskepleria17frisgoog_0341.png"; bbox 0 0 3278 5542; ppageno 0'>
   <div class='ocr_carea' id='block_1_1' title="bbox 139 272 1079 361">
    <p class='ocr_par' dir='ltr' id='par_1_1' title="bbox 139 272 1079 361">
     <span class='ocr_line' id='line_1_1' title="bbox 139 272 1079 361; baseline -0.012 -12"><span class='ocrx_word' id='word_1_1' title='bbox 139 281 205 349; x_wconf 79' lang='grc'><strong>318</strong></span> <span class='ocrx_word' id='word_1_2' title='bbox 409 348 414 361; x_wconf 54' lang='grc'>,</span> <span class='ocrx_word' id='word_1_3' title='bbox 562 272 784 349; x_wconf 60' lang='lat' dir='ltr'><strong>uacuaque</strong></span> <span class='ocrx_word' id='word_1_4' title='bbox 806 283 959 354; x_wconf 61' lang='lat' dir='ltr'><strong>snm</strong></span> <span class='ocrx_word' id='word_1_5' title='bbox 975 290 1079 339; x_wconf 76' lang='lat' dir='ltr'><strong>uuas·</strong></span> 
     </span>
    </p>
   </div>
   <div class='ocr_carea' id='block_1_2' title="bbox 138 440 1489 613">
    <p class='ocr_par' dir='ltr' id='par_1_2' title="bbox 138 440 1489 613">
     <span class='ocr_line' id='line_1_2' title="bbox 138 440 1487 525; baseline 0 -20"><span class='ocrx_word' id='word_1_6' title='bbox 138 441 214 505; x_wconf 90' lang='lat' dir='ltr'><strong>haec</strong></span> <span class='ocrx_word' id='word_1_7' title='bbox 236 440 317 503; x_wconf 89' lang='lat' dir='ltr'><strong>vires</strong></span> <span class='ocrx_word' id='word_1_8' title='bbox 345 440 444 503; x_wconf 91' lang='lat' dir='ltr'><strong>nullas</strong></span> <span class='ocrx_word' id='word_1_9' title='bbox 468 442 518 513; x_wconf 92' lang='grc' dir='ltr'><strong>(ιι</strong></span> <span class='ocrx_word' id='word_1_10' title='bbox 539 440 676 522; x_wconf 77' lang='lat' dir='ltr'><strong>eclipsis)</strong></span> <span class='ocrx_word' id='word_1_11' title='bbox 701 441 804 504; x_wconf 89' lang='lat' dir='ltr'><strong>babet.</strong></span> <span class='ocrx_word' id='word_1_12' title='bbox 851 442 960 524; x_wconf 86' lang='lat' dir='ltr'><strong>Itaque</strong></span> <span class='ocrx_word' id='word_1_13' title='bbox 992 442 1224 523; x_wconf 85' lang='lat' dir='ltr'><strong>significationis</strong></span> <span class='ocrx_word' id='word_1_14' title='bbox 1253 442 1435 525; x_wconf 83' lang='lat' dir='ltr'><strong>principium</strong></span> <span class='ocrx_word' id='word_1_15' title='bbox 1462 442 1487 505; x_wconf 89' lang='lat' dir='ltr'><strong>iu</strong></span> 
     </span>
     <span class='ocr_line' id='line_1_3' title="bbox 139 528 1489 613; baseline 0.001 -20"><span class='ocrx_word' id='word_1_16' title='bbox 139 528 354 610; x_wconf 75' lang='lat' dir='ltr'>imaginatione</span> <span class='ocrx_word' id='word_1_17' title='bbox 378 529 521 592; x_wconf 77' lang='lat' dir='ltr'><strong>consistit</strong></span> <span class='ocrx_word' id='word_1_18' title='bbox 544 529 673 606; x_wconf 89' lang='lat' dir='ltr'><strong>animae,</strong></span> <span class='ocrx_word' id='word_1_19' title='bbox 697 531 746 593; x_wconf 91' lang='lat' dir='ltr'><strong>vel</strong></span> <span class='ocrx_word' id='word_1_20' title='bbox 772 531 939 595; x_wconf 91' lang='lat' dir='ltr'><strong>animarum</strong></span> <span class='ocrx_word' id='word_1_21' title='bbox 953 532 1168 607; x_wconf 86' lang='lat' dir='ltr'><strong>sublunarinm,</strong></span> <span class='ocrx_word' id='word_1_22' title='bbox 1192 533 1269 597; x_wconf 84' lang='lat' dir='ltr'><strong>locis</strong></span> <span class='ocrx_word' id='word_1_23' title='bbox 1291 532 1331 595; x_wconf 88' lang='lat' dir='ltr'><strong>iis</strong></span> <span class='ocrx_word' id='word_1_24' title='bbox 1353 531 1489 613; x_wconf 79' lang='lat' dir='ltr'><strong>siiigru-</strong></span> 
     </span>
    </p>
   </div>
   <div class='ocr_carea' id='block_1_3' title="bbox 139 618 609 695">
    <p class='ocr_par' dir='ltr' id='par_1_3' title="bbox 139 618 609 695">
     <span class='ocr_line' id='line_1_4' title="bbox 139 618 609 695; baseline -0.002 -14"><span class='ocrx_word' id='word_1_25' title='bbox 139 639 213 695; x_wconf 91' lang='lat' dir='ltr'><strong>mm,</strong></span> <span class='ocrx_word' id='word_1_26' title='bbox 234 619 284 681; x_wconf 93' lang='lat' dir='ltr'><strong>ubi</strong></span> <span class='ocrx_word' id='word_1_27' title='bbox 308 618 445 680; x_wconf 88' lang='lat' dir='ltr'><strong>defectus</strong></span> <span class='ocrx_word' id='word_1_28' title='bbox 469 619 609 681; x_wconf 87' lang='grc' dir='ltr'>ιιιιίιιι</span> 
     </span>
    </p>
   </div>
   <div class='ocr_carea' id='block_1_4' title="bbox 137 707 1492 989">
    <p class='ocr_par' dir='ltr' id='par_1_4' title="bbox 137 707 1491 989">
     <span class='ocr_line' id='line_1_5' title="bbox 211 707 1489 775; baseline 0.002 -19"><span class='ocrx_word' id='word_1_29' title='bbox 211 707 390 765; x_wconf 60' lang='lat' dir='ltr'><strong>Fabricium</strong></span> <span class='ocrx_word' id='word_1_30' title='bbox 418 707 591 758; x_wconf 79' lang='lat' dir='ltr'><strong>Resolutio</strong></span> <span class='ocrx_word' id='word_1_31' title='bbox 610 707 763 758; x_wconf 83' lang='lat' dir='ltr'><strong>Vernalis</strong></span> <span class='ocrx_word' id='word_1_32' title='bbox 780 707 857 758; x_wconf 85' lang='lat' dir='ltr'><strong>babet</strong></span> <span class='ocrx_word' id='word_1_33' title='bbox 876 708 984 772; x_wconf 81' lang='lat' dir='ltr'><strong>aliquam</strong></span> <span class='ocrx_word' id='word_1_34' title='bbox 1003 709 1229 775; x_wconf 72' lang='lat' dir='ltr'><strong>significationem·</strong></span> <span class='ocrx_word' id='word_1_35' title='bbox 1256 717 1299 760; x_wconf 84' lang='lat' dir='ltr'><strong>ast</strong></span> <span class='ocrx_word' id='word_1_36' title='bbox 1318 710 1386 760; x_wconf 64' lang='lat' dir='ltr'><strong>affl</strong></span> <span class='ocrx_word' id='word_1_37' title='bbox 1403 708 1444 758; x_wconf 86' lang='lat' dir='ltr'><strong>iiis</strong></span> <span class='ocrx_word' id='word_1_38' title='bbox 1458 708 1489 759; x_wconf 77' lang='grc' dir='ltr'><strong>ιιι</strong></span> 
     </span>
     <span class='ocr_line' id='line_1_6' title="bbox 140 777 1491 845; baseline 0.001 -16"><span class='ocrx_word' id='word_1_39' title='bbox 140 781 227 830; x_wconf 88' lang='lat' dir='ltr'><strong>troitus</strong></span> <span class='ocrx_word' id='word_1_40' title='bbox 241 777 305 829; x_wconf 83' lang='lat' dir='ltr'><strong>Solis</strong></span> <span class='ocrx_word' id='word_1_41' title='bbox 322 781 349 828; x_wconf 90' lang='lat' dir='ltr'><strong>iu</strong></span> <span class='ocrx_word' id='word_1_42' title='bbox 367 781 471 843; x_wconf 89' lang='lat' dir='ltr'><strong>primum</strong></span> <span class='ocrx_word' id='word_1_43' title='bbox 488 787 608 845; x_wconf 88' lang='lat' dir='ltr'><strong>puuctum</strong></span> <span class='ocrx_word' id='word_1_44' title='bbox 627 779 654 842; x_wconf 77' lang='grc' dir='ltr'>Υ</span> <span class='ocrx_word' id='word_1_45' title='bbox 673 781 744 844; x_wconf 88' lang='lat' dir='ltr'><strong>quasi</strong></span> <span class='ocrx_word' id='word_1_46' title='bbox 762 781 860 844; x_wconf 87' lang='lat' dir='ltr'><strong>genesis</strong></span> <span class='ocrx_word' id='word_1_47' title='bbox 878 779 1002 845; x_wconf 82' lang='lat' dir='ltr'><strong>quaedam</strong></span> <span class='ocrx_word' id='word_1_48' title='bbox 1020 781 1096 830; x_wconf 86' lang='lat' dir='ltr'><strong>totius</strong></span> <span class='ocrx_word' id='word_1_49' title='bbox 1108 783 1184 840; x_wconf 81' lang='lat' dir='ltr'><strong>anui,</strong></span> <span class='ocrx_word' id='word_1_50' title='bbox 1204 787 1230 844; x_wconf 80' lang='grc' dir='ltr'><strong>ιι</strong></span> <span class='ocrx_word' id='word_1_51' title='bbox 1247 779 1318 833; x_wconf 73' lang='lat' dir='ltr'><strong>baud</strong></span> <span class='ocrx_word' id='word_1_52' title='bbox 1331 780 1407 832; x_wconf 79' lang='lat' dir='ltr'><strong>auiis</strong></span> <span class='ocrx_word' id='word_1_53' title='bbox 1430 780 1491 830; x_wconf 75' lang='lat' dir='ltr'><strong>initis</strong></span> 
     </span>
     <span class='ocr_line' id='line_1_7' title="bbox 138 816 1489 916; baseline 0.001 -16"><span class='ocrx_word' id='word_1_54' title='bbox 138 846 224 900; x_wconf 84' lang='lat' dir='ltr'><strong>mundi</strong></span> <span class='ocrx_word' id='word_1_55' title='bbox 236 848 278 900; x_wconf 85' lang='lat' dir='ltr'><strong>Sol</strong></span> <span class='ocrx_word' id='word_1_56' title='bbox 297 849 357 901; x_wconf 89' lang='lat' dir='ltr'><strong>illud</strong></span> <span class='ocrx_word' id='word_1_57' title='bbox 374 852 520 915; x_wconf 90' lang='lat' dir='ltr'><strong>principium</strong></span> <span class='ocrx_word' id='word_1_58' title='bbox 532 853 638 902; x_wconf 80' lang='lat' dir='ltr'><strong>obtinuit</strong></span> <span class='ocrx_word' id='word_1_59' title='bbox 650 858 676 901; x_wconf 89' lang='grc' dir='ltr'><strong>ιι</strong></span> <span class='ocrx_word' id='word_1_60' title='bbox 688 851 758 915; x_wconf 86' lang='lat' dir='ltr'><strong>qussi</strong></span> <span class='ocrx_word' id='word_1_61' title='bbox 771 851 880 901; x_wconf 89' lang='lat' dir='ltr'><strong>radicem</strong></span> <span class='ocrx_word' id='word_1_62' title='bbox 893 850 980 901; x_wconf 86' lang='lat' dir='ltr'><strong>babuit</strong></span> <span class='ocrx_word' id='word_1_63' title='bbox 997 853 1034 901; x_wconf 90' lang='lat' dir='ltr'><strong>sui</strong></span> <span class='ocrx_word' id='word_1_64' title='bbox 1048 858 1137 902; x_wconf 72' lang='lat' dir='ltr'><strong>mobis.</strong></span> <span class='ocrx_word' id='word_1_65' title='bbox 1175 816 1249 913; x_wconf 53' lang='lat' dir='ltr'><strong>’Quod</strong></span> <span class='ocrx_word' id='word_1_66' title='bbox 1261 853 1335 903; x_wconf 79' lang='lat' dir='ltr'><strong>multi</strong></span> <span class='ocrx_word' id='word_1_67' title='bbox 1348 866 1381 902; x_wconf 87' lang='grc' dir='ltr'><strong>ιι</strong></span> <span class='ocrx_word' id='word_1_68' title='bbox 1393 852 1489 916; x_wconf 69' lang='grc' dir='ltr'>ιιριιιι</span> 
     </span>
     <span class='ocr_line' id='line_1_8' title="bbox 137 920 1492 989; baseline 0.001 -18"><span class='ocrx_word' id='word_1_69' title='bbox 137 921 182 972; x_wconf 86' lang='lat' dir='ltr'><strong>bus</strong></span> <span class='ocrx_word' id='word_1_70' title='bbox 200 920 317 971; x_wconf 82' lang='grc' dir='ltr'>ιιιιιιιιιι</span> <span class='ocrx_word' id='word_1_71' title='bbox 336 922 467 972; x_wconf 84' lang='lat' dir='ltr'><strong>introitalis</strong></span> <span class='ocrx_word' id='word_1_72' title='bbox 485 922 629 988; x_wconf 87' lang='lat' dir='ltr'><strong>generalem</strong></span> <span class='ocrx_word' id='word_1_73' title='bbox 646 922 773 988; x_wconf 88' lang='lat' dir='ltr'><strong>quandam</strong></span> <span class='ocrx_word' id='word_1_74' title='bbox 791 922 957 972; x_wconf 87' lang='lat' dir='ltr'><strong>conditionem</strong></span> <span class='ocrx_word' id='word_1_75' title='bbox 976 925 1051 981; x_wconf 92' lang='lat' dir='ltr'><strong>auui,</strong></span> <span class='ocrx_word' id='word_1_76' title='bbox 1071 923 1169 989; x_wconf 88' lang='lat' dir='ltr'><strong>irugum</strong></span> <span class='ocrx_word' id='word_1_77' title='bbox 1187 922 1234 974; x_wconf 69' lang='grc' dir='ltr'><strong>ιι</strong></span> <span class='ocrx_word' id='word_1_78' title='bbox 1254 924 1492 986; x_wconf 66' lang='lat' dir='ltr'><strong>continuamus</strong></span> 
     </span>
    </p>
   </div>
   <div class='ocr_carea' id='block_1_5' title="bbox 40 992 1219 1060">
    <p class='ocr_par' dir='ltr' id='par_1_5' title="bbox 40 992 1219 1060">
     <span class='ocr_line' id='line_1_9' title="bbox 40 992 1219 1060; baseline 0.003 -17"><span class='ocrx_word' id='word_1_79' title='bbox 40 1000 42 1005; x_wconf 85' lang='lat'>&#39;</span> <span class='ocrx_word' id='word_1_80' title='bbox 137 993 220 1058; x_wconf 80' lang='lat' dir='ltr'><strong>probo</strong></span> <span class='ocrx_word' id='word_1_81' title='bbox 240 993 284 1042; x_wconf 92' lang='grc' dir='ltr'><strong>ιιι</strong></span> <span class='ocrx_word' id='word_1_82' title='bbox 302 994 401 1059; x_wconf 88' lang='lat' dir='ltr'><strong>singola</strong></span> <span class='ocrx_word' id='word_1_83' title='bbox 418 994 476 1044; x_wconf 86' lang='lat' dir='ltr'><strong>loca</strong></span> <span class='ocrx_word' id='word_1_84' title='bbox 492 994 594 1060; x_wconf 87' lang='lat' dir='ltr'><strong>singulis</strong></span> <span class='ocrx_word' id='word_1_85' title='bbox 612 994 762 1059; x_wconf 71' lang='lat' dir='ltr'><strong>temporibus</strong></span> <span class='ocrx_word' id='word_1_86' title='bbox 781 993 937 1057; x_wconf 86' lang='lat' dir='ltr'><strong>inspicienda</strong></span> <span class='ocrx_word' id='word_1_87' title='bbox 954 1009 1009 1045; x_wconf 88' lang='lat' dir='ltr'><strong>essa</strong></span> <span class='ocrx_word' id='word_1_88' title='bbox 1027 1001 1086 1060; x_wconf 86' lang='lat' dir='ltr'><strong>puto</strong></span> <span class='ocrx_word' id='word_1_89' title='bbox 1105 992 1151 1045; x_wconf 69' lang='lat' dir='ltr'><strong>bc.</strong></span> <span class='ocrx_word' id='word_1_90' title='bbox 1171 992 1219 1046; x_wconf 66' lang='lat' dir='ltr'><strong>&amp;c</strong></span> 
     </span>
    </p>
   </div>
   <div class='ocr_carea' id='block_1_6' title="bbox 138 1064 1489 3822">
    <p class='ocr_par' dir='ltr' id='par_1_6' title="bbox 138 1064 1489 3822">
     <span class='ocr_line' id='line_1_10' title="bbox 228 1064 1489 1147; baseline 0.002 -21"><span class='ocrx_word' id='word_1_91' title='bbox 228 1066 435 1146; x_wconf 86' lang='lat' dir='ltr'><strong>Keplerus:</strong></span> <span class='ocrx_word' id='word_1_92' title='bbox 470 1066 584 1128; x_wconf 80' lang='lat' dir='ltr'><strong>Thema</strong></span> <span class='ocrx_word' id='word_1_93' title='bbox 607 1067 801 1128; x_wconf 84' lang='lat' dir='ltr'><strong>revolutionis</strong></span> <span class='ocrx_word' id='word_1_94' title='bbox 825 1065 939 1140; x_wconf 91' lang='lat' dir='ltr'><strong>mnndi,</strong></span> <span class='ocrx_word' id='word_1_95' title='bbox 972 1074 1005 1128; x_wconf 93' lang='lat' dir='ltr'><strong>ut</strong></span> <span class='ocrx_word' id='word_1_96' title='bbox 1036 1068 1126 1147; x_wconf 91' lang='lat' dir='ltr'><strong>plane</strong></span> <span class='ocrx_word' id='word_1_97' title='bbox 1158 1067 1249 1129; x_wconf 89' lang='lat' dir='ltr'><strong>claris</strong></span> <span class='ocrx_word' id='word_1_98' title='bbox 1273 1064 1379 1128; x_wconf 86' lang='lat' dir='ltr'><strong>verbis</strong></span> <span class='ocrx_word' id='word_1_99' title='bbox 1401 1084 1489 1128; x_wconf 90' lang='lat' dir='ltr'><strong>meam</strong></span> 
     </span>
     <span class='ocr_line' id='line_1_11' title="bbox 138 1154 1488 1238; baseline -0.001 -21"><span class='ocrx_word' id='word_1_100' title='bbox 138 1154 322 1217; x_wconf 90' lang='lat' dir='ltr'><strong>sententiam</strong></span> <span class='ocrx_word' id='word_1_101' title='bbox 354 1155 467 1231; x_wconf 87' lang='lat' dir='ltr'><strong>dicam,</strong></span> <span class='ocrx_word' id='word_1_102' title='bbox 502 1155 667 1238; x_wconf 85' lang='lat' dir='ltr'><strong>sisyphium</strong></span> <span class='ocrx_word' id='word_1_103' title='bbox 696 1163 769 1237; x_wconf 90' lang='lat' dir='ltr'><strong>pnto</strong></span> <span class='ocrx_word' id='word_1_104' title='bbox 798 1155 928 1234; x_wconf 81' lang='lat' dir='ltr'><strong>lapidem</strong></span> <span class='ocrx_word' id='word_1_105' title='bbox 957 1173 1011 1235; x_wconf 93' lang='lat' dir='ltr'><strong>pro</strong></span> <span class='ocrx_word' id='word_1_106' title='bbox 1036 1155 1244 1219; x_wconf 77' lang='lat' dir='ltr'><strong>excruciandis</strong></span> <span class='ocrx_word' id='word_1_107' title='bbox 1273 1155 1488 1236; x_wconf 76' lang='lat' dir='ltr'><strong>astrologorum</strong></span> 
     </span>
     <span class='ocr_line' id='line_1_12' title="bbox 145 1240 1489 1323; baseline 0.001 -18"><span class='ocrx_word' id='word_1_108' title='bbox 145 1242 282 1322; x_wconf 90' lang='lat' dir='ltr'><strong>ingeniis,</strong></span> <span class='ocrx_word' id='word_1_109' title='bbox 308 1261 365 1322; x_wconf 90' lang='lat' dir='ltr'><strong>quo</strong></span> <span class='ocrx_word' id='word_1_110' title='bbox 389 1244 463 1306; x_wconf 94' lang='lat' dir='ltr'><strong>nibil</strong></span> <span class='ocrx_word' id='word_1_111' title='bbox 486 1245 648 1323; x_wconf 87' lang='lat' dir='ltr'><strong>pmticitur.</strong></span> <span class='ocrx_word' id='word_1_112' title='bbox 694 1243 763 1306; x_wconf 84' lang='lat' dir='ltr'><strong>Etsi</strong></span> <span class='ocrx_word' id='word_1_113' title='bbox 787 1244 866 1305; x_wconf 92' lang='lat' dir='ltr'><strong>enim</strong></span> <span class='ocrx_word' id='word_1_114' title='bbox 881 1244 1085 1321; x_wconf 84' lang='lat' dir='ltr'><strong>concederem,</strong></span> <span class='ocrx_word' id='word_1_115' title='bbox 1111 1244 1254 1308; x_wconf 91' lang='lat' dir='ltr'><strong>mnndum</strong></span> <span class='ocrx_word' id='word_1_116' title='bbox 1269 1243 1300 1307; x_wconf 91' lang='lat' dir='ltr'><strong>in</strong></span> <span class='ocrx_word' id='word_1_117' title='bbox 1315 1240 1365 1308; x_wconf 84' lang='lat'><strong>0⁰</strong></span> <span class='ocrx_word' id='word_1_118' title='bbox 1386 1242 1423 1322; x_wconf 81' lang='grc' dir='ltr'>Υ</span> <span class='ocrx_word' id='word_1_119' title='bbox 1443 1263 1489 1307; x_wconf 86' lang='grc' dir='ltr'><strong>ιι·</strong></span> 
     </span>
     <span class='ocr_line' id='line_1_13' title="bbox 139 1330 1488 1415; baseline 0.001 -22"><span class='ocrx_word' id='word_1_120' title='bbox 139 1332 248 1407; x_wconf 86' lang='lat' dir='ltr'><strong>titisse,</strong></span> <span class='ocrx_word' id='word_1_121' title='bbox 274 1332 344 1413; x_wconf 89' lang='lat' dir='ltr'><strong>quid</strong></span> <span class='ocrx_word' id='word_1_122' title='bbox 369 1333 424 1395; x_wconf 90' lang='lat' dir='ltr'><strong>boc</strong></span> <span class='ocrx_word' id='word_1_123' title='bbox 439 1333 478 1394; x_wconf 89' lang='grc' dir='ltr'><strong>ιι</strong></span> <span class='ocrx_word' id='word_1_124' title='bbox 492 1343 620 1414; x_wconf 86' lang='lat' dir='ltr'><strong>pestem,</strong></span> <span class='ocrx_word' id='word_1_125' title='bbox 644 1333 755 1395; x_wconf 92' lang='lat' dir='ltr'><strong>bellum</strong></span> <span class='ocrx_word' id='word_1_126' title='bbox 779 1332 859 1395; x_wconf 80' lang='lat' dir='ltr'><strong>&amp;ci</strong></span> <span class='ocrx_word' id='word_1_127' title='bbox 906 1330 987 1404; x_wconf 84' lang='lat' dir='ltr'><strong>Quid</strong></span> <span class='ocrx_word' id='word_1_128' title='bbox 1001 1334 1054 1395; x_wconf 85' lang='lat' dir='ltr'><strong>fiet</strong></span> <span class='ocrx_word' id='word_1_129' title='bbox 1068 1334 1263 1409; x_wconf 86' lang='lat' dir='ltr'><strong>australibus,</strong></span> <span class='ocrx_word' id='word_1_130' title='bbox 1290 1332 1364 1414; x_wconf 90' lang='lat' dir='ltr'><strong>quid</strong></span> <span class='ocrx_word' id='word_1_131' title='bbox 1383 1353 1488 1415; x_wconf 86' lang='lat' dir='ltr'><strong>aequa·</strong></span> 
     </span>
     <span class='ocr_line' id='line_1_14' title="bbox 139 1417 1486 1504; baseline 0 -21"><span class='ocrx_word' id='word_1_132' title='bbox 139 1417 214 1483; x_wconf 85' lang='lat' dir='ltr'><strong>ioris</strong></span> <span class='ocrx_word' id='word_1_133' title='bbox 238 1420 359 1496; x_wconf 89' lang='lat' dir='ltr'><strong>incolis,</strong></span> <span class='ocrx_word' id='word_1_134' title='bbox 394 1423 500 1502; x_wconf 87' lang='lat' dir='ltr'><strong>quibus</strong></span> <span class='ocrx_word' id='word_1_135' title='bbox 529 1430 600 1485; x_wconf 93' lang='lat' dir='ltr'><strong>tunc</strong></span> <span class='ocrx_word' id='word_1_136' title='bbox 625 1421 750 1484; x_wconf 87' lang='lat' dir='ltr'><strong>aestas?</strong></span> <span class='ocrx_word' id='word_1_137' title='bbox 796 1422 884 1483; x_wconf 85' lang='lat' dir='ltr'><strong>Anne</strong></span> <span class='ocrx_word' id='word_1_138' title='bbox 913 1430 1018 1484; x_wconf 89' lang='lat' dir='ltr'><strong>nostra</strong></span> <span class='ocrx_word' id='word_1_139' title='bbox 1045 1421 1142 1504; x_wconf 70' lang='lat' dir='ltr'><strong>pes‘iis</strong></span> <span class='ocrx_word' id='word_1_140' title='bbox 1176 1422 1278 1485; x_wconf 87' lang='lat' dir='ltr'><strong>mundi</strong></span> <span class='ocrx_word' id='word_1_141' title='bbox 1301 1423 1401 1503; x_wconf 88' lang='lat' dir='ltr'><strong>pestis</strong></span> <span class='ocrx_word' id='word_1_142' title='bbox 1425 1422 1486 1484; x_wconf 85' lang='lat' dir='ltr'><strong>est?</strong></span> 
     </span>
     <span class='ocr_line' id='line_1_15' title="bbox 141 1504 1487 1594; baseline -0.001 -21"><span class='ocrx_word' id='word_1_143' title='bbox 141 1513 228 1573; x_wconf 88' lang='lat' dir='ltr'><strong>Anne</strong></span> <span class='ocrx_word' id='word_1_144' title='bbox 246 1527 301 1590; x_wconf 90' lang='lat' dir='ltr'><strong>per</strong></span> <span class='ocrx_word' id='word_1_145' title='bbox 324 1511 472 1573; x_wconf 92' lang='lat' dir='ltr'><strong>bominem</strong></span> <span class='ocrx_word' id='word_1_146' title='bbox 496 1512 591 1593; x_wconf 92' lang='lat' dir='ltr'><strong>ipsius</strong></span> <span class='ocrx_word' id='word_1_147' title='bbox 615 1511 727 1573; x_wconf 86' lang='lat' dir='ltr'><strong>Terrae</strong></span> <span class='ocrx_word' id='word_1_148' title='bbox 749 1511 887 1590; x_wconf 92' lang='lat' dir='ltr'><strong>jugulum</strong></span> <span class='ocrx_word' id='word_1_149' title='bbox 910 1512 939 1573; x_wconf 94' lang='lat' dir='ltr'><strong>in</strong></span> <span class='ocrx_word' id='word_1_150' title='bbox 965 1511 1043 1574; x_wconf 91' lang='lat' dir='ltr'><strong>bello</strong></span> <span class='ocrx_word' id='word_1_151' title='bbox 1067 1512 1131 1592; x_wconf 92' lang='lat' dir='ltr'><strong>peti</strong></span> <span class='ocrx_word' id='word_1_152' title='bbox 1154 1512 1278 1594; x_wconf 83' lang='lat' dir='ltr'><strong>potest?</strong></span> <span class='ocrx_word' id='word_1_153' title='bbox 1301 1509 1345 1573; x_wconf 85' lang='lat' dir='ltr'><strong>Et</strong></span> <span class='ocrx_word' id='word_1_154' title='bbox 1363 1504 1487 1592; x_wconf 80' lang='lat' dir='ltr'><strong>qnando,</strong></span> 
     </span>
     <span class='ocr_line' id='line_1_16' title="bbox 140 1600 1487 1682; baseline 0 -21"><span class='ocrx_word' id='word_1_155' title='bbox 140 1615 266 1679; x_wconf 89' lang='lat' dir='ltr'><strong>quaeso,</strong></span> <span class='ocrx_word' id='word_1_156' title='bbox 291 1600 502 1662; x_wconf 89' lang='lat' dir='ltr'><strong>universaliter</strong></span> <span class='ocrx_word' id='word_1_157' title='bbox 527 1602 630 1682; x_wconf 91' lang='lat' dir='ltr'><strong>fruges</strong></span> <span class='ocrx_word' id='word_1_158' title='bbox 655 1608 719 1663; x_wconf 89' lang='lat' dir='ltr'><strong>toto</strong></span> <span class='ocrx_word' id='word_1_159' title='bbox 744 1600 904 1663; x_wconf 88' lang='lat' dir='ltr'><strong>Terrarum</strong></span> <span class='ocrx_word' id='word_1_160' title='bbox 933 1600 1004 1663; x_wconf 89' lang='lat' dir='ltr'><strong>orbe</strong></span> <span class='ocrx_word' id='word_1_161' title='bbox 1034 1600 1232 1664; x_wconf 83' lang='lat' dir='ltr'><strong>defecemni?</strong></span> <span class='ocrx_word' id='word_1_162' title='bbox 1278 1601 1346 1663; x_wconf 86' lang='lat' dir='ltr'><strong>Hoc</strong></span> <span class='ocrx_word' id='word_1_163' title='bbox 1369 1600 1487 1662; x_wconf 86' lang='lat' dir='ltr'><strong>annoin</strong></span> 
     </span>
     <span class='ocr_line' id='line_1_17' title="bbox 139 1688 1486 1770; baseline 0.001 -19"><span class='ocrx_word' id='word_1_164' title='bbox 139 1688 277 1751; x_wconf 86' lang='lat' dir='ltr'><strong>Lovonia</strong></span> <span class='ocrx_word' id='word_1_165' title='bbox 308 1690 417 1751; x_wconf 88' lang='lat' dir='ltr'><strong>messis</strong></span> <span class='ocrx_word' id='word_1_166' title='bbox 451 1690 576 1765; x_wconf 87' lang='lat' dir='ltr'><strong>interiit,</strong></span> <span class='ocrx_word' id='word_1_167' title='bbox 611 1708 757 1770; x_wconf 89' lang='lat' dir='ltr'><strong>oppressa</strong></span> <span class='ocrx_word' id='word_1_168' title='bbox 789 1690 856 1751; x_wconf 90' lang='lat' dir='ltr'><strong>nive</strong></span> <span class='ocrx_word' id='word_1_169' title='bbox 894 1689 1055 1770; x_wconf 80' lang='lat' dir='ltr'><strong>bellisque3</strong></span> <span class='ocrx_word' id='word_1_170' title='bbox 1089 1691 1117 1752; x_wconf 92' lang='lat' dir='ltr'><strong>in</strong></span> <span class='ocrx_word' id='word_1_171' title='bbox 1151 1689 1300 1752; x_wconf 88' lang='lat' dir='ltr'><strong>Bobemia</strong></span> <span class='ocrx_word' id='word_1_172' title='bbox 1327 1690 1404 1752; x_wconf 89' lang='lat' dir='ltr'><strong>uber</strong></span> <span class='ocrx_word' id='word_1_173' title='bbox 1432 1689 1486 1752; x_wconf 85' lang='lat' dir='ltr'><strong>fnit</strong></span> 
     </span>
     <span class='ocr_line' id='line_1_18' title="bbox 143 1776 1488 1862; baseline 0 -24"><span class='ocrx_word' id='word_1_174' title='bbox 143 1776 307 1839; x_wconf 88' lang='lat' dir='ltr'><strong>Vindemia</strong></span> <span class='ocrx_word' id='word_1_175' title='bbox 328 1777 359 1838; x_wconf 92' lang='lat' dir='ltr'><strong>in</strong></span> <span class='ocrx_word' id='word_1_176' title='bbox 382 1777 489 1840; x_wconf 85' lang='lat' dir='ltr'><strong>Rheno</strong></span> <span class='ocrx_word' id='word_1_177' title='bbox 513 1778 632 1858; x_wconf 83' lang='lat' dir='ltr'><strong>exigua,</strong></span> <span class='ocrx_word' id='word_1_178' title='bbox 658 1778 749 1840; x_wconf 83' lang='lat' dir='ltr'><strong>Nicro</strong></span> <span class='ocrx_word' id='word_1_179' title='bbox 765 1779 855 1852; x_wconf 88' lang='lat' dir='ltr'><strong>nulla,</strong></span> <span class='ocrx_word' id='word_1_180' title='bbox 885 1779 1015 1840; x_wconf 79' lang='lat' dir='ltr'><strong>Austris</strong></span> <span class='ocrx_word' id='word_1_181' title='bbox 1028 1779 1172 1859; x_wconf 90' lang='lat' dir='ltr'><strong>maligna,</strong></span> <span class='ocrx_word' id='word_1_182' title='bbox 1195 1777 1384 1842; x_wconf 79' lang='lat' dir='ltr'><strong>vicinissime</strong></span> <span class='ocrx_word' id='word_1_183' title='bbox 1397 1776 1488 1862; x_wconf 77' lang='lat' dir='ltr'><strong>Styria</strong></span> 
     </span>
     <span class='ocr_line' id='line_1_19' title="bbox 140 1865 1484 1949; baseline 0.001 -22"><span class='ocrx_word' id='word_1_184' title='bbox 140 1867 262 1948; x_wconf 89' lang='lat' dir='ltr'><strong>copiosa</strong></span> <span class='ocrx_word' id='word_1_185' title='bbox 290 1873 322 1928; x_wconf 94' lang='lat' dir='ltr'><strong>et</strong></span> <span class='ocrx_word' id='word_1_186' title='bbox 347 1867 517 1931; x_wconf 88' lang='lat' dir='ltr'><strong>laudabilis.</strong></span> <span class='ocrx_word' id='word_1_187' title='bbox 566 1865 705 1930; x_wconf 83' lang='lat' dir='ltr'><strong>Concede</strong></span> <span class='ocrx_word' id='word_1_188' title='bbox 725 1868 807 1946; x_wconf 88' lang='lat' dir='ltr'><strong>jam,</strong></span> <span class='ocrx_word' id='word_1_189' title='bbox 841 1887 909 1928; x_wconf 90' lang='lat' dir='ltr'><strong>esse</strong></span> <span class='ocrx_word' id='word_1_190' title='bbox 934 1868 1047 1930; x_wconf 91' lang='lat' dir='ltr'><strong>Terrae</strong></span> <span class='ocrx_word' id='word_1_191' title='bbox 1072 1887 1159 1930; x_wconf 90' lang='lat' dir='ltr'><strong>suam</strong></span> <span class='ocrx_word' id='word_1_192' title='bbox 1186 1866 1329 1949; x_wconf 88' lang='lat' dir='ltr'><strong>genesin,</strong></span> <span class='ocrx_word' id='word_1_193' title='bbox 1367 1869 1432 1931; x_wconf 89' lang='lat' dir='ltr'><strong>loca</strong></span> <span class='ocrx_word' id='word_1_194' title='bbox 1450 1886 1484 1929; x_wconf 89' lang='lat' dir='ltr'><strong>sc.</strong></span> 
     </span>
     <span class='ocr_line' id='line_1_20' title="bbox 139 1954 1486 2037; baseline -0.001 -19"><span class='ocrx_word' id='word_1_195' title='bbox 139 1957 328 2037; x_wconf 88' lang='lat' dir='ltr'><strong>planetarum</strong></span> <span class='ocrx_word' id='word_1_196' title='bbox 352 1965 487 2037; x_wconf 91' lang='lat' dir='ltr'><strong>tempore</strong></span> <span class='ocrx_word' id='word_1_197' title='bbox 502 1957 681 2031; x_wconf 89' lang='lat' dir='ltr'><strong>creationis;</strong></span> <span class='ocrx_word' id='word_1_198' title='bbox 705 1957 784 2030; x_wconf 85' lang='lat' dir='ltr'><strong>vide,</strong></span> <span class='ocrx_word' id='word_1_199' title='bbox 810 1956 880 2036; x_wconf 92' lang='lat' dir='ltr'><strong>quid</strong></span> <span class='ocrx_word' id='word_1_200' title='bbox 895 1965 1048 2037; x_wconf 87' lang='lat' dir='ltr'><strong>sequatur.</strong></span> <span class='ocrx_word' id='word_1_201' title='bbox 1096 1954 1306 2020; x_wconf 83' lang='lat' dir='ltr'><strong>Profectiones</strong></span> <span class='ocrx_word' id='word_1_202' title='bbox 1325 1963 1398 2019; x_wconf 86' lang='lat' dir='ltr'><strong>tuae</strong></span> <span class='ocrx_word' id='word_1_203' title='bbox 1412 1965 1486 2018; x_wconf 86' lang='lat' dir='ltr'><strong>erunt</strong></span> 
     </span>
     <span class='ocr_line' id='line_1_21' title="bbox 140 2045 1484 2127; baseline -0.001 -18"><span class='ocrx_word' id='word_1_204' title='bbox 140 2045 345 2109; x_wconf 85' lang='lat' dir='ltr'><strong>instituendae</strong></span> <span class='ocrx_word' id='word_1_205' title='bbox 375 2046 414 2108; x_wconf 90' lang='lat' dir='ltr'><strong>ad</strong></span> <span class='ocrx_word' id='word_1_206' title='bbox 438 2047 534 2108; x_wconf 90' lang='lat' dir='ltr'><strong>locum</strong></span> <span class='ocrx_word' id='word_1_207' title='bbox 557 2047 747 2127; x_wconf 90' lang='lat' dir='ltr'><strong>planetamm</strong></span> <span class='ocrx_word' id='word_1_208' title='bbox 772 2045 898 2119; x_wconf 91' lang='lat' dir='ltr'><strong>radicis;</strong></span> <span class='ocrx_word' id='word_1_209' title='bbox 932 2056 999 2121; x_wconf 91' lang='lat' dir='ltr'><strong>aut,</strong></span> <span class='ocrx_word' id='word_1_210' title='bbox 1037 2047 1064 2109; x_wconf 93' lang='lat' dir='ltr'><strong>si</strong></span> <span class='ocrx_word' id='word_1_211' title='bbox 1093 2046 1172 2108; x_wconf 91' lang='lat' dir='ltr'><strong>bnnc</strong></span> <span class='ocrx_word' id='word_1_212' title='bbox 1194 2046 1330 2109; x_wconf 91' lang='lat' dir='ltr'><strong>laborem</strong></span> <span class='ocrx_word' id='word_1_213' title='bbox 1353 2045 1484 2109; x_wconf 88' lang='lat' dir='ltr'><strong>etiamin</strong></span> 
     </span>
     <span class='ocr_line' id='line_1_22' title="bbox 139 2133 1483 2217; baseline 0.001 -21"><span class='ocrx_word' id='word_1_214' title='bbox 139 2135 287 2197; x_wconf 83' lang='lat' dir='ltr'><strong>humanae</strong></span> <span class='ocrx_word' id='word_1_215' title='bbox 311 2135 431 2214; x_wconf 82' lang='lat' dir='ltr'><strong>genesis</strong></span> <span class='ocrx_word' id='word_1_216' title='bbox 456 2135 589 2198; x_wconf 89' lang='lat' dir='ltr'><strong>themate</strong></span> <span class='ocrx_word' id='word_1_217' title='bbox 614 2135 722 2207; x_wconf 90' lang='lat' dir='ltr'><strong>sumis,</strong></span> <span class='ocrx_word' id='word_1_218' title='bbox 747 2143 780 2196; x_wconf 93' lang='lat' dir='ltr'><strong>ut</strong></span> <span class='ocrx_word' id='word_1_219' title='bbox 803 2142 835 2196; x_wconf 93' lang='lat' dir='ltr'><strong>et</strong></span> <span class='ocrx_word' id='word_1_220' title='bbox 857 2135 1071 2210; x_wconf 86' lang='lat' dir='ltr'><strong>revolutionis,</strong></span> <span class='ocrx_word' id='word_1_221' title='bbox 1096 2144 1240 2217; x_wconf 89' lang='lat' dir='ltr'><strong>tanquam</strong></span> <span class='ocrx_word' id='word_1_222' title='bbox 1263 2133 1392 2209; x_wconf 88' lang='lat' dir='ltr'><strong>radicis,</strong></span> <span class='ocrx_word' id='word_1_223' title='bbox 1423 2154 1483 2215; x_wconf 91' lang='lat' dir='ltr'><strong>pro·</strong></span> 
     </span>
     <span class='ocr_line' id='line_1_23' title="bbox 141 2223 1482 2305; baseline 0.001 -20"><span class='ocrx_word' id='word_1_224' title='bbox 141 2224 286 2286; x_wconf 82' lang='lat' dir='ltr'><strong>lectiones</strong></span> <span class='ocrx_word' id='word_1_225' title='bbox 311 2223 453 2285; x_wconf 88' lang='lat' dir='ltr'><strong>instituas</strong></span> <span class='ocrx_word' id='word_1_226' title='bbox 472 2225 539 2304; x_wconf 87' lang='lat' dir='ltr'><strong>jam</strong></span> <span class='ocrx_word' id='word_1_227' title='bbox 563 2224 618 2287; x_wconf 91' lang='lat' dir='ltr'><strong>tibi</strong></span> <span class='ocrx_word' id='word_1_228' title='bbox 642 2230 691 2287; x_wconf 88' lang='lat' dir='ltr'><strong>est</strong></span> <span class='ocrx_word' id='word_1_229' title='bbox 713 2224 839 2286; x_wconf 89' lang='lat' dir='ltr'><strong>confusa</strong></span> <span class='ocrx_word' id='word_1_230' title='bbox 863 2224 940 2285; x_wconf 88' lang='lat' dir='ltr'><strong>ratio</strong></span> <span class='ocrx_word' id='word_1_231' title='bbox 970 2223 1190 2302; x_wconf 82' lang='lat' dir='ltr'><strong>experientiae,</strong></span> <span class='ocrx_word' id='word_1_232' title='bbox 1231 2224 1302 2305; x_wconf 91' lang='lat' dir='ltr'><strong>quia</strong></span> <span class='ocrx_word' id='word_1_233' title='bbox 1323 2224 1403 2286; x_wconf 85' lang='lat' dir='ltr'><strong>dnae</strong></span> <span class='ocrx_word' id='word_1_234' title='bbox 1423 2241 1482 2304; x_wconf 91' lang='lat' dir='ltr'><strong>pro·</strong></span> 
     </span>
     <span class='ocr_line' id='line_1_24' title="bbox 140 2312 1483 2395; baseline 0.001 -21"><span class='ocrx_word' id='word_1_235' title='bbox 140 2313 302 2375; x_wconf 91' lang='lat' dir='ltr'><strong>fectionnm</strong></span> <span class='ocrx_word' id='word_1_236' title='bbox 327 2313 431 2387; x_wconf 89' lang='lat' dir='ltr'><strong>series,</strong></span> <span class='ocrx_word' id='word_1_237' title='bbox 456 2313 637 2394; x_wconf 91' lang='lat' dir='ltr'><strong>insuperque</strong></span> <span class='ocrx_word' id='word_1_238' title='bbox 662 2321 803 2392; x_wconf 88' lang='lat' dir='ltr'><strong>aspectus</strong></span> <span class='ocrx_word' id='word_1_239' title='bbox 827 2320 1016 2375; x_wconf 92' lang='lat' dir='ltr'><strong>concurrunt.</strong></span> <span class='ocrx_word' id='word_1_240' title='bbox 1063 2313 1190 2377; x_wconf 89' lang='lat' dir='ltr'><strong>Nitetur</strong></span> <span class='ocrx_word' id='word_1_241' title='bbox 1217 2313 1322 2395; x_wconf 86' lang='lat' dir='ltr'><strong>itaque</strong></span> <span class='ocrx_word' id='word_1_242' title='bbox 1346 2312 1483 2393; x_wconf 82' lang='lat' dir='ltr'><strong>negotium</strong></span> 
     </span>
     <span class='ocr_line' id='line_1_25' title="bbox 141 2398 1482 2483; baseline -0.001 -19"><span class='ocrx_word' id='word_1_243' title='bbox 141 2401 308 2464; x_wconf 84' lang='lat' dir='ltr'><strong>nudissims</strong></span> <span class='ocrx_word' id='word_1_244' title='bbox 339 2402 487 2483; x_wconf 89' lang='lat' dir='ltr'><strong>opinione.</strong></span> <span class='ocrx_word' id='word_1_245' title='bbox 535 2401 596 2465; x_wconf 88' lang='lat' dir='ltr'><strong>Sed</strong></span> <span class='ocrx_word' id='word_1_246' title='bbox 629 2410 661 2464; x_wconf 93' lang='grc' dir='ltr'><strong>ιι</strong></span> <span class='ocrx_word' id='word_1_247' title='bbox 689 2408 794 2481; x_wconf 88' lang='lat' dir='ltr'><strong>putas,</strong></span> <span class='ocrx_word' id='word_1_248' title='bbox 828 2401 955 2481; x_wconf 90' lang='lat' dir='ltr'><strong>siugulis</strong></span> <span class='ocrx_word' id='word_1_249' title='bbox 979 2401 1080 2476; x_wconf 90' lang='lat' dir='ltr'><strong>annis,</strong></span> <span class='ocrx_word' id='word_1_250' title='bbox 1115 2401 1187 2465; x_wconf 91' lang='lat' dir='ltr'><strong>Sole</strong></span> <span class='ocrx_word' id='word_1_251' title='bbox 1215 2401 1245 2464; x_wconf 91' lang='lat' dir='ltr'><strong>in</strong></span> <span class='ocrx_word' id='word_1_252' title='bbox 1269 2398 1315 2465; x_wconf 77' lang='grc' dir='ltr'><strong>0ο</strong></span> <span class='ocrx_word' id='word_1_253' title='bbox 1337 2400 1375 2479; x_wconf 76' lang='lat' dir='ltr'><strong>‘i‘</strong></span> <span class='ocrx_word' id='word_1_254' title='bbox 1397 2411 1482 2476; x_wconf 90' lang='lat' dir='ltr'><strong>eunte,</strong></span> 
     </span>
     <span class='ocr_line' id='line_1_26' title="bbox 141 2488 1482 2571; baseline 0 -19"><span class='ocrx_word' id='word_1_255' title='bbox 141 2509 249 2552; x_wconf 93' lang='lat' dir='ltr'><strong>novam</strong></span> <span class='ocrx_word' id='word_1_256' title='bbox 279 2509 347 2552; x_wconf 91' lang='lat' dir='ltr'><strong>esse</strong></span> <span class='ocrx_word' id='word_1_257' title='bbox 370 2491 493 2571; x_wconf 90' lang='lat' dir='ltr'><strong>genesin</strong></span> <span class='ocrx_word' id='word_1_258' title='bbox 519 2491 599 2553; x_wconf 91' lang='lat' dir='ltr'><strong>anni.</strong></span> <span class='ocrx_word' id='word_1_259' title='bbox 647 2488 726 2562; x_wconf 84' lang='lat' dir='ltr'><strong>Quid</strong></span> <span class='ocrx_word' id='word_1_260' title='bbox 751 2508 822 2569; x_wconf 85' lang='lat' dir='ltr'><strong>ergo</strong></span> <span class='ocrx_word' id='word_1_261' title='bbox 851 2491 985 2553; x_wconf 88' lang='lat' dir='ltr'><strong>nascitur</strong></span> <span class='ocrx_word' id='word_1_262' title='bbox 1008 2509 1043 2553; x_wconf 94' lang='lat' dir='ltr'><strong>eo</strong></span> <span class='ocrx_word' id='word_1_263' title='bbox 1067 2491 1241 2554; x_wconf 83' lang='lat' dir='ltr'><strong>momento?</strong></span> <span class='ocrx_word' id='word_1_264' title='bbox 1288 2490 1367 2555; x_wconf 82' lang='lat' dir='ltr'><strong>Cum</strong></span> <span class='ocrx_word' id='word_1_265' title='bbox 1391 2492 1482 2553; x_wconf 89' lang='lat' dir='ltr'><strong>homo</strong></span> 
     </span>
     <span class='ocr_line' id='line_1_27' title="bbox 142 2579 1482 2661; baseline 0 -19"><span class='ocrx_word' id='word_1_266' title='bbox 142 2579 288 2654; x_wconf 90' lang='lat' dir='ltr'><strong>nascitur,</strong></span> <span class='ocrx_word' id='word_1_267' title='bbox 314 2579 384 2660; x_wconf 92' lang='lat' dir='ltr'><strong>quid</strong></span> <span class='ocrx_word' id='word_1_268' title='bbox 408 2590 551 2643; x_wconf 87' lang='lat' dir='ltr'><strong>nascatur</strong></span> <span class='ocrx_word' id='word_1_269' title='bbox 575 2581 672 2642; x_wconf 90' lang='lat' dir='ltr'><strong>video.</strong></span> <span class='ocrx_word' id='word_1_270' title='bbox 720 2580 832 2641; x_wconf 87' lang='lat' dir='ltr'><strong>Vivere</strong></span> <span class='ocrx_word' id='word_1_271' title='bbox 856 2598 893 2640; x_wconf 89' lang='lat' dir='ltr'><strong>ex</strong></span> <span class='ocrx_word' id='word_1_272' title='bbox 917 2600 950 2641; x_wconf 92' lang='lat' dir='ltr'><strong>se</strong></span> <span class='ocrx_word' id='word_1_273' title='bbox 979 2581 1045 2659; x_wconf 93' lang='lat' dir='ltr'><strong>ipso</strong></span> <span class='ocrx_word' id='word_1_274' title='bbox 1069 2580 1188 2661; x_wconf 90' lang='lat' dir='ltr'><strong>incipit,</strong></span> <span class='ocrx_word' id='word_1_275' title='bbox 1223 2589 1316 2643; x_wconf 86' lang='lat' dir='ltr'><strong>antea</strong></span> <span class='ocrx_word' id='word_1_276' title='bbox 1339 2599 1378 2642; x_wconf 87' lang='lat' dir='ltr'><strong>ex</strong></span> <span class='ocrx_word' id='word_1_277' title='bbox 1400 2588 1482 2643; x_wconf 86' lang='lat' dir='ltr'><strong>matre</strong></span> 
     </span>
     <span class='ocr_line' id='line_1_28' title="bbox 141 2668 1483 2749; baseline 0.001 -20"><span class='ocrx_word' id='word_1_278' title='bbox 141 2669 274 2730; x_wconf 87' lang='lat' dir='ltr'><strong>vivebat.</strong></span> <span class='ocrx_word' id='word_1_279' title='bbox 321 2668 404 2732; x_wconf 74' lang='lat' dir='ltr'><strong>liihil</strong></span> <span class='ocrx_word' id='word_1_280' title='bbox 432 2670 494 2731; x_wconf 88' lang='lat' dir='ltr'><strong>tale</strong></span> <span class='ocrx_word' id='word_1_281' title='bbox 527 2671 556 2731; x_wconf 94' lang='lat' dir='ltr'><strong>in</strong></span> <span class='ocrx_word' id='word_1_282' title='bbox 581 2689 681 2732; x_wconf 88' lang='lat' dir='ltr'><strong>annua</strong></span> <span class='ocrx_word' id='word_1_283' title='bbox 705 2668 918 2731; x_wconf 85' lang='lat' dir='ltr'><strong>foecunditate.</strong></span> <span class='ocrx_word' id='word_1_284' title='bbox 966 2670 1045 2731; x_wconf 80' lang='lat' dir='ltr'><strong>Nam</strong></span> <span class='ocrx_word' id='word_1_285' title='bbox 1068 2671 1171 2732; x_wconf 89' lang='lat' dir='ltr'><strong>multis</strong></span> <span class='ocrx_word' id='word_1_286' title='bbox 1200 2669 1275 2733; x_wconf 90' lang='lat' dir='ltr'><strong>locis</strong></span> <span class='ocrx_word' id='word_1_287' title='bbox 1299 2676 1373 2731; x_wconf 87' lang='lat' dir='ltr'><strong>anie</strong></span> <span class='ocrx_word' id='word_1_288' title='bbox 1396 2671 1483 2749; x_wconf 87' lang='lat' dir='ltr'><strong>fruges</strong></span> 
     </span>
     <span class='ocr_line' id='line_1_29' title="bbox 141 2755 1484 2841; baseline -0.001 -22"><span class='ocrx_word' id='word_1_289' title='bbox 141 2766 220 2834; x_wconf 90' lang='lat' dir='ltr'><strong>sunt,</strong></span> <span class='ocrx_word' id='word_1_290' title='bbox 246 2757 352 2819; x_wconf 92' lang='lat' dir='ltr'><strong>humor</strong></span> <span class='ocrx_word' id='word_1_291' title='bbox 369 2759 435 2838; x_wconf 80' lang='lat' dir='ltr'><strong>jam</strong></span> <span class='ocrx_word' id='word_1_292' title='bbox 459 2778 477 2819; x_wconf 87' lang='lat' dir='ltr'><strong>a</strong></span> <span class='ocrx_word' id='word_1_293' title='bbox 500 2755 546 2822; x_wconf 82' lang='grc' dir='ltr'><strong>0ο</strong></span> <span class='ocrx_word' id='word_1_294' title='bbox 567 2763 602 2836; x_wconf 60' lang='grc' dir='ltr'><em>ᾖ</em></span> <span class='ocrx_word' id='word_1_295' title='bbox 625 2777 741 2820; x_wconf 90' lang='lat' dir='ltr'><strong>rursum</strong></span> <span class='ocrx_word' id='word_1_296' title='bbox 775 2758 875 2837; x_wconf 92' lang='lat' dir='ltr'><strong>colligi</strong></span> <span class='ocrx_word' id='word_1_297' title='bbox 899 2757 1005 2838; x_wconf 90' lang='lat' dir='ltr'><strong>incipit</strong></span> <span class='ocrx_word' id='word_1_298' title='bbox 1036 2759 1241 2841; x_wconf 91' lang='lat' dir='ltr'><strong>paulatimque</strong></span> <span class='ocrx_word' id='word_1_299' title='bbox 1273 2778 1308 2820; x_wconf 88' lang='lat' dir='ltr'><strong>se</strong></span> <span class='ocrx_word' id='word_1_300' title='bbox 1342 2758 1373 2821; x_wconf 92' lang='lat' dir='ltr'><strong>iu</strong></span> <span class='ocrx_word' id='word_1_301' title='bbox 1406 2776 1484 2819; x_wconf 85' lang='lat' dir='ltr'><strong>venas</strong></span> 
     </span>
     <span class='ocr_line' id='line_1_30' title="bbox 140 2846 1484 2928; baseline -0.001 -18"><span class='ocrx_word' id='word_1_302' title='bbox 140 2847 232 2910; x_wconf 89' lang='lat' dir='ltr'><strong>infert</strong></span> <span class='ocrx_word' id='word_1_303' title='bbox 255 2855 287 2908; x_wconf 89' lang='lat' dir='ltr'><strong>ct</strong></span> <span class='ocrx_word' id='word_1_304' title='bbox 310 2866 344 2909; x_wconf 90' lang='lat' dir='ltr'><strong>se</strong></span> <span class='ocrx_word' id='word_1_305' title='bbox 368 2866 434 2910; x_wconf 93' lang='lat' dir='ltr'><strong>cum</strong></span> <span class='ocrx_word' id='word_1_306' title='bbox 449 2846 521 2910; x_wconf 89' lang='lat' dir='ltr'><strong>Sole</strong></span> <span class='ocrx_word' id='word_1_307' title='bbox 545 2847 635 2910; x_wconf 87' lang='lat' dir='ltr'><strong>tollit.</strong></span> <span class='ocrx_word' id='word_1_308' title='bbox 681 2847 793 2927; x_wconf 85' lang='lat' dir='ltr'><strong>Aliqua</strong></span> <span class='ocrx_word' id='word_1_309' title='bbox 817 2846 872 2908; x_wconf 89' lang='lat' dir='ltr'><strong>tibi</strong></span> <span class='ocrx_word' id='word_1_310' title='bbox 897 2848 1037 2920; x_wconf 90' lang='lat' dir='ltr'><strong>concedo,</strong></span> <span class='ocrx_word' id='word_1_311' title='bbox 1065 2848 1119 2909; x_wconf 89' lang='lat' dir='ltr'><strong>sed</strong></span> <span class='ocrx_word' id='word_1_312' title='bbox 1136 2848 1190 2910; x_wconf 92' lang='lat' dir='ltr'><strong>illa</strong></span> <span class='ocrx_word' id='word_1_313' title='bbox 1208 2849 1247 2910; x_wconf 91' lang='lat' dir='ltr'><strong>ad</strong></span> <span class='ocrx_word' id='word_1_314' title='bbox 1266 2855 1411 2928; x_wconf 89' lang='lat' dir='ltr'><strong>aspectus</strong></span> <span class='ocrx_word' id='word_1_315' title='bbox 1424 2865 1484 2927; x_wconf 89' lang='lat' dir='ltr'><strong>per-</strong></span> 
     </span>
     <span class='ocr_line' id='line_1_31' title="bbox 141 2932 1485 3018; baseline -0.001 -19"><span class='ocrx_word' id='word_1_316' title='bbox 141 2937 255 3011; x_wconf 81' lang='lat' dir='ltr'><strong>tinent3</strong></span> <span class='ocrx_word' id='word_1_317' title='bbox 279 2936 398 3000; x_wconf 89' lang='lat' dir='ltr'><strong>scilicet</strong></span> <span class='ocrx_word' id='word_1_318' title='bbox 419 2936 446 2998; x_wconf 88' lang='lat' dir='ltr'><strong>si</strong></span> <span class='ocrx_word' id='word_1_319' title='bbox 469 2932 504 3015; x_wconf 70' lang='lat' dir='ltr'><strong>ij,</strong></span> <span class='ocrx_word' id='word_1_320' title='bbox 529 2939 555 3000; x_wconf 91' lang='lat' dir='ltr'><strong>si</strong></span> <span class='ocrx_word' id='word_1_321' title='bbox 578 2936 624 3011; x_wconf 76' lang='lat' dir='ltr'><strong>li,</strong></span> <span class='ocrx_word' id='word_1_322' title='bbox 646 2937 672 2998; x_wconf 91' lang='lat' dir='ltr'><strong>si</strong></span> <span class='ocrx_word' id='word_1_323' title='bbox 695 2943 720 3006; x_wconf 77' lang='lat' dir='ltr'><strong>&lt;i</strong></span> <span class='ocrx_word' id='word_1_324' title='bbox 744 2936 773 2997; x_wconf 95' lang='lat' dir='ltr'><strong>in</strong></span> <span class='ocrx_word' id='word_1_325' title='bbox 798 2934 838 3013; x_wconf 66' lang='grc' dir='ltr'><strong>ὅ,</strong></span> <span class='ocrx_word' id='word_1_326' title='bbox 863 2937 1023 3016; x_wconf 88' lang='lat' dir='ltr'><strong>praecipue</strong></span> <span class='ocrx_word' id='word_1_327' title='bbox 1047 2943 1086 3010; x_wconf 76' lang='lat' dir='ltr'><strong>d,</strong></span> <span class='ocrx_word' id='word_1_328' title='bbox 1120 2938 1207 2999; x_wconf 87' lang='lat' dir='ltr'><strong>tarde</strong></span> <span class='ocrx_word' id='word_1_329' title='bbox 1231 2956 1250 2998; x_wconf 88' lang='lat' dir='ltr'><strong>a</strong></span> <span class='ocrx_word' id='word_1_330' title='bbox 1273 2934 1348 2999; x_wconf 89' lang='lat' dir='ltr'><strong>Sole</strong></span> <span class='ocrx_word' id='word_1_331' title='bbox 1372 2955 1485 3018; x_wconf 87' lang='lat' dir='ltr'><strong>separa-</strong></span> 
     </span>
     <span class='ocr_line' id='line_1_32' title="bbox 141 3025 1485 3107; baseline -0.002 -19"><span class='ocrx_word' id='word_1_332' title='bbox 141 3025 222 3089; x_wconf 91' lang='lat' dir='ltr'><strong>bitur</strong></span> <span class='ocrx_word' id='word_1_333' title='bbox 245 3025 415 3107; x_wconf 87' lang='lat' dir='ltr'><strong>efficietque</strong></span> <span class='ocrx_word' id='word_1_334' title='bbox 440 3026 552 3090; x_wconf 90' lang='lat' dir='ltr'><strong>siccum</strong></span> <span class='ocrx_word' id='word_1_335' title='bbox 576 3034 609 3087; x_wconf 94' lang='lat' dir='ltr'><strong>et</strong></span> <span class='ocrx_word' id='word_1_336' title='bbox 632 3026 784 3088; x_wconf 89' lang='lat' dir='ltr'><strong>aestivum</strong></span> <span class='ocrx_word' id='word_1_337' title='bbox 807 3043 870 3086; x_wconf 90' lang='lat' dir='ltr'><strong>ver.</strong></span> <span class='ocrx_word' id='word_1_338' title='bbox 918 3025 1013 3086; x_wconf 87' lang='lat' dir='ltr'><strong>Tuam</strong></span> <span class='ocrx_word' id='word_1_339' title='bbox 1028 3034 1129 3089; x_wconf 88' lang='lat' dir='ltr'><strong>antem</strong></span> <span class='ocrx_word' id='word_1_340' title='bbox 1152 3027 1217 3106; x_wconf 90' lang='lat' dir='ltr'><strong>ipse</strong></span> <span class='ocrx_word' id='word_1_341' title='bbox 1237 3026 1351 3088; x_wconf 88' lang='lat' dir='ltr'><strong>evertis</strong></span> <span class='ocrx_word' id='word_1_342' title='bbox 1374 3044 1485 3107; x_wconf 88' lang='lat' dir='ltr'><strong>perma-</strong></span> 
     </span>
     <span class='ocr_line' id='line_1_33' title="bbox 141 3112 1486 3197; baseline -0.001 -20"><span class='ocrx_word' id='word_1_343' title='bbox 141 3123 260 3177; x_wconf 87' lang='lat' dir='ltr'><strong>nentem</strong></span> <span class='ocrx_word' id='word_1_344' title='bbox 292 3115 353 3177; x_wconf 93' lang='lat' dir='ltr'><strong>vim</strong></span> <span class='ocrx_word' id='word_1_345' title='bbox 382 3115 541 3192; x_wconf 91' lang='lat' dir='ltr'><strong>thematis,</strong></span> <span class='ocrx_word' id='word_1_346' title='bbox 575 3114 791 3177; x_wconf 91' lang='lat' dir='ltr'><strong>revolutionem</strong></span> <span class='ocrx_word' id='word_1_347' title='bbox 813 3113 879 3193; x_wconf 92' lang='lat' dir='ltr'><strong>ipse</strong></span> <span class='ocrx_word' id='word_1_348' title='bbox 908 3114 1049 3190; x_wconf 90' lang='lat' dir='ltr'><strong>damnas,</strong></span> <span class='ocrx_word' id='word_1_349' title='bbox 1083 3123 1115 3176; x_wconf 91' lang='lat' dir='ltr'><strong>et</strong></span> <span class='ocrx_word' id='word_1_350' title='bbox 1138 3123 1238 3177; x_wconf 89' lang='lat' dir='ltr'><strong>tamen</strong></span> <span class='ocrx_word' id='word_1_351' title='bbox 1267 3115 1312 3178; x_wconf 91' lang='lat' dir='ltr'><strong>ita</strong></span> <span class='ocrx_word' id='word_1_352' title='bbox 1336 3112 1486 3197; x_wconf 86' lang='lat' dir='ltr'><strong>scripsisti,</strong></span> 
     </span>
     <span class='ocr_line' id='line_1_34' title="bbox 141 3202 1486 3289; baseline -0.001 -22"><span class='ocrx_word' id='word_1_353' title='bbox 141 3223 177 3267; x_wconf 92' lang='lat' dir='ltr'><strong>ac</strong></span> <span class='ocrx_word' id='word_1_354' title='bbox 201 3203 227 3265; x_wconf 91' lang='lat' dir='ltr'><strong>ai</strong></span> <span class='ocrx_word' id='word_1_355' title='bbox 250 3213 458 3284; x_wconf 87' lang='lat' dir='ltr'><strong>permaneret:</strong></span> <span class='ocrx_word' id='word_1_356' title='bbox 493 3205 536 3267; x_wconf 88' lang='lat' dir='ltr'><strong>ita</strong></span> <span class='ocrx_word' id='word_1_357' title='bbox 561 3203 729 3266; x_wconf 88' lang='lat' dir='ltr'><strong>ascendens</strong></span> <span class='ocrx_word' id='word_1_358' title='bbox 753 3203 949 3265; x_wconf 87' lang='lat' dir='ltr'><strong>revolutionis</strong></span> <span class='ocrx_word' id='word_1_359' title='bbox 973 3202 1091 3289; x_wconf 34' lang='lat' dir='ltr'><strong>tibi-ad</strong></span> <span class='ocrx_word' id='word_1_360' title='bbox 1115 3202 1183 3267; x_wconf 85' lang='lat' dir='ltr'><strong>loca</strong></span> <span class='ocrx_word' id='word_1_361' title='bbox 1204 3205 1397 3285; x_wconf 89' lang='lat' dir='ltr'><strong>planetarum</strong></span> <span class='ocrx_word' id='word_1_362' title='bbox 1418 3213 1486 3267; x_wconf 89' lang='lat' dir='ltr'><strong>tem·</strong></span> 
     </span>
     <span class='ocr_line' id='line_1_35' title="bbox 141 3290 1486 3375; baseline 0.001 -22"><span class='ocrx_word' id='word_1_363' title='bbox 141 3311 215 3373; x_wconf 91' lang='lat' dir='ltr'><strong>pore</strong></span> <span class='ocrx_word' id='word_1_364' title='bbox 238 3292 379 3355; x_wconf 91' lang='lat' dir='ltr'><strong>introitus</strong></span> <span class='ocrx_word' id='word_1_365' title='bbox 405 3293 518 3366; x_wconf 91' lang='lat' dir='ltr'><strong>(cernis</strong></span> <span class='ocrx_word' id='word_1_366' title='bbox 541 3293 749 3375; x_wconf 90' lang='lat' dir='ltr'><strong>permanentia</strong></span> <span class='ocrx_word' id='word_1_367' title='bbox 776 3293 844 3354; x_wconf 91' lang='lat' dir='ltr'><strong>loca</strong></span> <span class='ocrx_word' id='word_1_368' title='bbox 867 3291 1024 3367; x_wconf 90' lang='lat' dir='ltr'><strong>introitus)</strong></span> <span class='ocrx_word' id='word_1_369' title='bbox 1049 3293 1257 3373; x_wconf 88' lang='lat' dir='ltr'><strong>proficiscitur.</strong></span> <span class='ocrx_word' id='word_1_370' title='bbox 1306 3290 1398 3365; x_wconf 87' lang='lat' dir='ltr'><strong>Quod</strong></span> <span class='ocrx_word' id='word_1_371' title='bbox 1425 3310 1486 3355; x_wconf 87' lang='lat' dir='ltr'><strong>vero</strong></span> 
     </span>
     <span class='ocr_line' id='line_1_36' title="bbox 142 3380 1486 3463; baseline -0.001 -19"><span class='ocrx_word' id='word_1_372' title='bbox 142 3390 174 3444; x_wconf 94' lang='lat' dir='ltr'><strong>et</strong></span> <span class='ocrx_word' id='word_1_373' title='bbox 196 3380 392 3463; x_wconf 86' lang='lat' dir='ltr'><strong>particularia</strong></span> <span class='ocrx_word' id='word_1_374' title='bbox 415 3382 517 3457; x_wconf 91' lang='lat' dir='ltr'><strong>addis,</strong></span> <span class='ocrx_word' id='word_1_375' title='bbox 542 3383 686 3463; x_wconf 88' lang='lat' dir='ltr'><strong>optimum</strong></span> <span class='ocrx_word' id='word_1_376' title='bbox 711 3402 783 3443; x_wconf 91' lang='lat' dir='ltr'><strong>sane</strong></span> <span class='ocrx_word' id='word_1_377' title='bbox 807 3381 893 3461; x_wconf 91' lang='lat' dir='ltr'><strong>piper</strong></span> <span class='ocrx_word' id='word_1_378' title='bbox 916 3381 1057 3457; x_wconf 91' lang='lat' dir='ltr'><strong>adhibes,</strong></span> <span class='ocrx_word' id='word_1_379' title='bbox 1082 3383 1137 3445; x_wconf 91' lang='lat' dir='ltr'><strong>sed</strong></span> <span class='ocrx_word' id='word_1_380' title='bbox 1160 3382 1234 3446; x_wconf 91' lang='lat' dir='ltr'><strong>illnd</strong></span> <span class='ocrx_word' id='word_1_381' title='bbox 1256 3382 1342 3463; x_wconf 89' lang='lat' dir='ltr'><strong>prius</strong></span> <span class='ocrx_word' id='word_1_382' title='bbox 1365 3383 1486 3446; x_wconf 87' lang='lat' dir='ltr'><strong>miscen-</strong></span> 
     </span>
     <span class='ocr_line' id='line_1_37' title="bbox 143 3470 1487 3553; baseline -0.001 -20"><span class='ocrx_word' id='word_1_383' title='bbox 143 3472 212 3535; x_wconf 92' lang='lat' dir='ltr'><strong>dum</strong></span> <span class='ocrx_word' id='word_1_384' title='bbox 235 3471 310 3547; x_wconf 87' lang='lat' dir='ltr'><strong>erit;</strong></span> <span class='ocrx_word' id='word_1_385' title='bbox 343 3472 441 3553; x_wconf 91' lang='lat' dir='ltr'><strong>qualis</strong></span> <span class='ocrx_word' id='word_1_386' title='bbox 466 3471 557 3552; x_wconf 90' lang='lat' dir='ltr'><strong>igitur</strong></span> <span class='ocrx_word' id='word_1_387' title='bbox 579 3473 648 3545; x_wconf 84' lang='lat' dir='ltr'><strong>fiet,</strong></span> <span class='ocrx_word' id='word_1_388' title='bbox 680 3490 751 3544; x_wconf 91' lang='lat' dir='ltr'><strong>oro,</strong></span> <span class='ocrx_word' id='word_1_389' title='bbox 777 3471 929 3532; x_wconf 83' lang='lat' dir='ltr'><strong>mixtura?</strong></span> <span class='ocrx_word' id='word_1_390' title='bbox 975 3471 1074 3533; x_wconf 88' lang='lat' dir='ltr'><strong>Multa</strong></span> <span class='ocrx_word' id='word_1_391' title='bbox 1097 3472 1298 3553; x_wconf 85' lang='lat' dir='ltr'><strong>repugnantia</strong></span> <span class='ocrx_word' id='word_1_392' title='bbox 1319 3472 1352 3534; x_wconf 92' lang='lat' dir='ltr'><strong>in</strong></span> <span class='ocrx_word' id='word_1_393' title='bbox 1376 3470 1487 3536; x_wconf 87' lang='lat' dir='ltr'><strong>ferendo</strong></span> 
     </span>
     <span class='ocr_line' id='line_1_38' title="bbox 138 3557 1487 3642; baseline -0.003 -18"><span class='ocrx_word' id='word_1_394' title='bbox 138 3561 269 3642; x_wconf 88' lang='lat' dir='ltr'><strong>judicio,</strong></span> <span class='ocrx_word' id='word_1_395' title='bbox 302 3561 491 3642; x_wconf 84' lang='lat' dir='ltr'><strong>experientia</strong></span> <span class='ocrx_word' id='word_1_396' title='bbox 514 3562 609 3624; x_wconf 89' lang='lat' dir='ltr'><strong>omnis</strong></span> <span class='ocrx_word' id='word_1_397' title='bbox 633 3560 750 3622; x_wconf 91' lang='lat' dir='ltr'><strong>abolita</strong></span> <span class='ocrx_word' id='word_1_398' title='bbox 783 3567 814 3620; x_wconf 92' lang='lat' dir='ltr'><strong>et</strong></span> <span class='ocrx_word' id='word_1_399' title='bbox 844 3560 912 3638; x_wconf 91' lang='lat' dir='ltr'><strong>plus</strong></span> <span class='ocrx_word' id='word_1_400' title='bbox 936 3578 1026 3640; x_wconf 92' lang='lat' dir='ltr'><strong>quam</strong></span> <span class='ocrx_word' id='word_1_401' title='bbox 1049 3561 1189 3635; x_wconf 89' lang='lat' dir='ltr'><strong>confusa,</strong></span> <span class='ocrx_word' id='word_1_402' title='bbox 1224 3561 1303 3642; x_wconf 89' lang='lat' dir='ltr'><strong>qnod</strong></span> <span class='ocrx_word' id='word_1_403' title='bbox 1327 3580 1348 3622; x_wconf 88' lang='lat' dir='ltr'><strong>a</strong></span> <span class='ocrx_word' id='word_1_404' title='bbox 1370 3557 1487 3641; x_wconf 74' lang='lat' dir='ltr'><strong>medici</strong></span> 
     </span>
     <span class='ocr_line' id='line_1_39' title="bbox 143 3648 1486 3731; baseline 0.001 -19"><span class='ocrx_word' id='word_1_405' title='bbox 143 3669 234 3731; x_wconf 91' lang='lat' dir='ltr'><strong>aegre</strong></span> <span class='ocrx_word' id='word_1_406' title='bbox 257 3651 335 3713; x_wconf 84' lang='lat' dir='ltr'><strong>alias</strong></span> <span class='ocrx_word' id='word_1_407' title='bbox 360 3652 431 3714; x_wconf 89' lang='lat' dir='ltr'><strong>fers.</strong></span> <span class='ocrx_word' id='word_1_408' title='bbox 479 3651 607 3714; x_wconf 88' lang='lat' dir='ltr'><strong>Perinde</strong></span> <span class='ocrx_word' id='word_1_409' title='bbox 631 3658 689 3724; x_wconf 87' lang='lat' dir='ltr'><strong>est,</strong></span> <span class='ocrx_word' id='word_1_410' title='bbox 715 3667 750 3710; x_wconf 89' lang='lat' dir='ltr'><strong>ac</strong></span> <span class='ocrx_word' id='word_1_411' title='bbox 775 3648 801 3709; x_wconf 92' lang='lat' dir='ltr'><strong>si</strong></span> <span class='ocrx_word' id='word_1_412' title='bbox 826 3648 952 3724; x_wconf 90' lang='lat' dir='ltr'><strong>diceres,</strong></span> <span class='ocrx_word' id='word_1_413' title='bbox 976 3658 1007 3710; x_wconf 90' lang='lat' dir='ltr'><strong>te</strong></span> <span class='ocrx_word' id='word_1_414' title='bbox 1023 3668 1095 3711; x_wconf 89' lang='lat' dir='ltr'><strong>vera</strong></span> <span class='ocrx_word' id='word_1_415' title='bbox 1118 3658 1150 3711; x_wconf 94' lang='lat' dir='ltr'><strong>et</strong></span> <span class='ocrx_word' id='word_1_416' title='bbox 1169 3650 1342 3713; x_wconf 84' lang='lat' dir='ltr'><strong>falsavelle</strong></span> <span class='ocrx_word' id='word_1_417' title='bbox 1362 3651 1486 3722; x_wconf 83' lang='lat' dir='ltr'><strong>miscere,</strong></span> 
     </span>
     <span class='ocr_line' id='line_1_40' title="bbox 141 3738 1114 3822; baseline -0.003 -19"><span class='ocrx_word' id='word_1_418' title='bbox 141 3741 247 3822; x_wconf 89' lang='lat' dir='ltr'><strong>quodsi</strong></span> <span class='ocrx_word' id='word_1_419' title='bbox 270 3760 343 3804; x_wconf 87' lang='lat' dir='ltr'><strong>vera</strong></span> <span class='ocrx_word' id='word_1_420' title='bbox 366 3742 498 3812; x_wconf 89' lang='lat' dir='ltr'><strong>vincant,</strong></span> <span class='ocrx_word' id='word_1_421' title='bbox 523 3760 596 3803; x_wconf 89' lang='lat' dir='ltr'><strong>vera</strong></span> <span class='ocrx_word' id='word_1_422' title='bbox 620 3740 779 3813; x_wconf 92' lang='lat' dir='ltr'><strong>dictumm,</strong></span> <span class='ocrx_word' id='word_1_423' title='bbox 804 3739 831 3800; x_wconf 93' lang='lat' dir='ltr'><strong>si</strong></span> <span class='ocrx_word' id='word_1_424' title='bbox 855 3738 1000 3800; x_wconf 87' lang='lat' dir='ltr'><strong>falsa-</strong></span> <span class='ocrx_word' id='word_1_425' title='bbox 1025 3739 1114 3802; x_wconf 90' lang='lat' dir='ltr'><strong>falsa.</strong></span> 
     </span>
    </p>
   </div>
   <div class='ocr_carea' id='block_1_7' title="bbox 141 3844 1488 4267">
    <p class='ocr_par' dir='ltr' id='par_1_7' title="bbox 141 3844 1488 4267">
     <span class='ocr_line' id='line_1_41' title="bbox 212 3844 1484 3917; baseline -0.002 -20"><span class='ocrx_word' id='word_1_426' title='bbox 212 3847 398 3899; x_wconf 85' lang='lat' dir='ltr'><strong>Fabricius.</strong></span> <span class='ocrx_word' id='word_1_427' title='bbox 424 3849 568 3914; x_wconf 89' lang='lat' dir='ltr'><strong>Tupntas,</strong></span> <span class='ocrx_word' id='word_1_428' title='bbox 596 3844 877 3928; x_wconf 82' lang='lat' dir='ltr'><strong>experientismin</strong></span> <span class='ocrx_word' id='word_1_429' title='bbox 895 3844 1102 3909; x_wconf 84' lang='lat' dir='ltr'><strong>astrologicis</strong></span> <span class='ocrx_word' id='word_1_430' title='bbox 1130 3859 1185 3894; x_wconf 91' lang='lat' dir='ltr'><strong>esse</strong></span> <span class='ocrx_word' id='word_1_431' title='bbox 1203 3845 1376 3897; x_wconf 85' lang='lat' dir='ltr'><strong>coniurans</strong></span> <span class='ocrx_word' id='word_1_432' title='bbox 1402 3844 1484 3896; x_wconf 78' lang='lat' dir='ltr'><strong>stiur</strong></span> 
     </span>
     <span class='ocr_line' id='line_1_42' title="bbox 142 3904 1487 3984; baseline 0.001 -17"><span class='ocrx_word' id='word_1_433' title='bbox 142 3918 232 3968; x_wconf 87' lang='lat' dir='ltr'><strong>tultam</strong></span> <span class='ocrx_word' id='word_1_434' title='bbox 251 3920 344 3982; x_wconf 85' lang='lat' dir='ltr'><strong>potius,</strong></span> <span class='ocrx_word' id='word_1_435' title='bbox 370 3934 444 3984; x_wconf 85' lang='lat' dir='ltr'><strong>qnam</strong></span> <span class='ocrx_word' id='word_1_436' title='bbox 462 3934 554 3970; x_wconf 82' lang='lat' dir='ltr'><strong>voram·</strong></span> <span class='ocrx_word' id='word_1_437' title='bbox 591 3917 655 3968; x_wconf 81' lang='lat' dir='ltr'><strong>Puto</strong></span> <span class='ocrx_word' id='word_1_438' title='bbox 674 3923 771 3973; x_wconf 87' lang='lat' dir='ltr'><strong>autem,</strong></span> <span class='ocrx_word' id='word_1_439' title='bbox 797 3917 831 3964; x_wconf 89' lang='lat' dir='ltr'><strong>mi</strong></span> <span class='ocrx_word' id='word_1_440' title='bbox 854 3904 949 3966; x_wconf 88' lang='lat' dir='ltr'><strong>erudite</strong></span> <span class='ocrx_word' id='word_1_441' title='bbox 967 3915 1089 3980; x_wconf 88' lang='lat' dir='ltr'><strong>Keplere,</strong></span> <span class='ocrx_word' id='word_1_442' title='bbox 1117 3917 1295 3981; x_wconf 84' lang='lat' dir='ltr'><strong>experientiam</strong></span> <span class='ocrx_word' id='word_1_443' title='bbox 1312 3916 1382 3969; x_wconf 79' lang='lat' dir='ltr'><strong>iiiam</strong></span> <span class='ocrx_word' id='word_1_444' title='bbox 1399 3918 1487 3968; x_wconf 78' lang='lat' dir='ltr'><strong>minimi</strong></span> 
     </span>
     <span class='ocr_line' id='line_1_43' title="bbox 143 3987 1486 4055; baseline 0.001 -17"><span class='ocrx_word' id='word_1_445' title='bbox 143 3991 270 4039; x_wconf 73' lang='lat' dir='ltr'><strong>fortuitam</strong></span> <span class='ocrx_word' id='word_1_446' title='bbox 289 4004 351 4050; x_wconf 88' lang='lat' dir='ltr'><strong>esse,</strong></span> <span class='ocrx_word' id='word_1_447' title='bbox 371 3991 415 4040; x_wconf 89' lang='grc' dir='ltr'><strong>ιιι</strong></span> <span class='ocrx_word' id='word_1_448' title='bbox 434 3997 504 4041; x_wconf 88' lang='lat' dir='ltr'><strong>certa</strong></span> <span class='ocrx_word' id='word_1_449' title='bbox 521 3991 618 4040; x_wconf 88' lang='lat' dir='ltr'><strong>ratione</strong></span> <span class='ocrx_word' id='word_1_450' title='bbox 638 3987 835 4052; x_wconf 73' lang='lat' dir='ltr'><strong>commendere,</strong></span> <span class='ocrx_word' id='word_1_451' title='bbox 855 3992 884 4036; x_wconf 88' lang='grc' dir='ltr'><strong>ιι</strong></span> <span class='ocrx_word' id='word_1_452' title='bbox 902 3990 1030 4052; x_wconf 84' lang='lat' dir='ltr'><strong>apparet</strong></span> <span class='ocrx_word' id='word_1_453' title='bbox 1023 4004 1049 4037; x_wconf 91' lang='lat' dir='ltr'><strong>m</strong></span> <span class='ocrx_word' id='word_1_454' title='bbox 1068 3988 1214 4053; x_wconf 75' lang='lat' dir='ltr'><strong>generibus,</strong></span> <span class='ocrx_word' id='word_1_455' title='bbox 1232 3989 1258 4038; x_wconf 92' lang='lat' dir='ltr'><strong>in</strong></span> <span class='ocrx_word' id='word_1_456' title='bbox 1277 3989 1486 4055; x_wconf 70' lang='lat' dir='ltr'><strong>quibuspiam</strong></span> 
     </span>
     <span class='ocr_line' id='line_1_44' title="bbox 142 4057 1487 4126; baseline 0.001 -16"><span class='ocrx_word' id='word_1_457' title='bbox 142 4076 198 4110; x_wconf 89' lang='lat' dir='ltr'><strong>rum</strong></span> <span class='ocrx_word' id='word_1_458' title='bbox 216 4061 273 4110; x_wconf 88' lang='lat' dir='ltr'><strong>loca</strong></span> <span class='ocrx_word' id='word_1_459' title='bbox 290 4075 335 4124; x_wconf 87' lang='lat' dir='ltr'><strong>per</strong></span> <span class='ocrx_word' id='word_1_460' title='bbox 353 4068 447 4112; x_wconf 86' lang='lat' dir='ltr'><strong>coriam</strong></span> <span class='ocrx_word' id='word_1_461' title='bbox 467 4063 662 4112; x_wconf 83' lang='lat' dir='ltr'><strong>observationem</strong></span> <span class='ocrx_word' id='word_1_462' title='bbox 681 4061 782 4125; x_wconf 88' lang='lat' dir='ltr'><strong>cognita</strong></span> <span class='ocrx_word' id='word_1_463' title='bbox 800 4057 923 4109; x_wconf 87' lang='lat' dir='ltr'><strong>habentur</strong></span> <span class='ocrx_word' id='word_1_464' title='bbox 924 4091 1039 4108; x_wconf 91' lang='lat'><strong>.....</strong></span> <span class='ocrx_word' id='word_1_465' title='bbox 1067 4059 1141 4110; x_wconf 88' lang='lat' dir='ltr'><strong>Licet</strong></span> <span class='ocrx_word' id='word_1_466' title='bbox 1158 4075 1208 4110; x_wconf 90' lang='lat' dir='ltr'><strong>nou</strong></span> <span class='ocrx_word' id='word_1_467' title='bbox 1224 4075 1323 4124; x_wconf 84' lang='lat' dir='ltr'><strong>sempor</strong></span> <span class='ocrx_word' id='word_1_468' title='bbox 1341 4068 1410 4112; x_wconf 86' lang='grc' dir='ltr'>ιιιιι</span> <span class='ocrx_word' id='word_1_469' title='bbox 1425 4071 1487 4126; x_wconf 82' lang='lat' dir='ltr'><strong>pras·</strong></span> 
     </span>
     <span class='ocr_line' id='line_1_45' title="bbox 142 4129 1488 4199; baseline 0.002 -18"><span class='ocrx_word' id='word_1_470' title='bbox 142 4131 225 4183; x_wconf 81' lang='lat' dir='ltr'><strong>dicere</strong></span> <span class='ocrx_word' id='word_1_471' title='bbox 242 4134 362 4197; x_wconf 85' lang='lat' dir='ltr'><strong>possimus</strong></span> <span class='ocrx_word' id='word_1_472' title='bbox 381 4141 492 4190; x_wconf 79' lang='lat' dir='ltr'><strong>eventus.</strong></span> <span class='ocrx_word' id='word_1_473' title='bbox 512 4138 654 4188; x_wconf 83' lang='lat' dir='ltr'><strong>causaest,</strong></span> <span class='ocrx_word' id='word_1_474' title='bbox 677 4132 742 4198; x_wconf 92' lang='lat' dir='ltr'><strong>quod</strong></span> <span class='ocrx_word' id='word_1_475' title='bbox 761 4129 912 4195; x_wconf 82' lang='lat' dir='ltr'><strong>astrologum</strong></span> <span class='ocrx_word' id='word_1_476' title='bbox 929 4145 979 4181; x_wconf 89' lang='lat' dir='ltr'><strong>non</strong></span> <span class='ocrx_word' id='word_1_477' title='bbox 997 4137 1096 4181; x_wconf 84' lang='grc' dir='ltr'>ιιιιιιιι</span> <span class='ocrx_word' id='word_1_478' title='bbox 1114 4136 1183 4182; x_wconf 84' lang='grc' dir='ltr'>ιιιιι</span> <span class='ocrx_word' id='word_1_479' title='bbox 1200 4132 1361 4185; x_wconf 83' lang='grc' dir='ltr'>ιιιιιιιιιιι</span> <span class='ocrx_word' id='word_1_480' title='bbox 1378 4137 1488 4199; x_wconf 62' lang='lat' dir='ltr'><strong>eportatis</strong></span> 
     </span>
     <span class='ocr_line' id='line_1_46' title="bbox 141 4201 635 4267; baseline 0 -15"><span class='ocrx_word' id='word_1_481' title='bbox 141 4204 186 4254; x_wconf 89' lang='lat' dir='ltr'><strong>sed</strong></span> <span class='ocrx_word' id='word_1_482' title='bbox 205 4210 231 4253; x_wconf 88' lang='lat' dir='ltr'><strong>et</strong></span> <span class='ocrx_word' id='word_1_483' title='bbox 249 4205 449 4254; x_wconf 88' lang='lat' dir='ltr'><strong>constitutionem</strong></span> <span class='ocrx_word' id='word_1_484' title='bbox 468 4204 573 4267; x_wconf 81' lang='lat' dir='ltr'><strong>subjecti</strong></span> <span class='ocrx_word' id='word_1_485' title='bbox 591 4201 635 4253; x_wconf 79' lang='lat' dir='ltr'><strong>tre.</strong></span> 
     </span>
    </p>
   </div>
   <div class='ocr_carea' id='block_1_8' title="bbox 60 4272 1493 4898">
    <p class='ocr_par' dir='ltr' id='par_1_8' title="bbox 60 4272 1493 4898">
     <span class='ocr_line' id='line_1_47' title="bbox 230 4272 1487 4356; baseline -0.002 -19"><span class='ocrx_word' id='word_1_486' title='bbox 230 4275 431 4356; x_wconf 88' lang='lat' dir='ltr'><strong>Keplerus:</strong></span> <span class='ocrx_word' id='word_1_487' title='bbox 457 4276 499 4339; x_wconf 90' lang='lat' dir='ltr'><strong>Ut</strong></span> <span class='ocrx_word' id='word_1_488' title='bbox 522 4294 624 4356; x_wconf 88' lang='lat' dir='ltr'><strong>neges,</strong></span> <span class='ocrx_word' id='word_1_489' title='bbox 649 4272 864 4354; x_wconf 88' lang='lat' dir='ltr'><strong>experientiam</strong></span> <span class='ocrx_word' id='word_1_490' title='bbox 888 4273 917 4335; x_wconf 95' lang='lat' dir='ltr'><strong>in</strong></span> <span class='ocrx_word' id='word_1_491' title='bbox 933 4273 1124 4354; x_wconf 86' lang='lat' dir='ltr'><strong>astrologicis</strong></span> <span class='ocrx_word' id='word_1_492' title='bbox 1148 4293 1216 4336; x_wconf 89' lang='lat' dir='ltr'><strong>esse</strong></span> <span class='ocrx_word' id='word_1_493' title='bbox 1231 4274 1399 4354; x_wconf 88' lang='lat' dir='ltr'><strong>confusam,</strong></span> <span class='ocrx_word' id='word_1_494' title='bbox 1421 4293 1487 4337; x_wconf 91' lang='lat' dir='ltr'><strong>con-</strong></span> 
     </span>
     <span class='ocr_line' id='line_1_48' title="bbox 142 4362 1487 4446; baseline -0.003 -18"><span class='ocrx_word' id='word_1_495' title='bbox 142 4375 191 4428; x_wconf 89' lang='lat' dir='ltr'><strong>tra</strong></span> <span class='ocrx_word' id='word_1_496' title='bbox 214 4363 340 4446; x_wconf 90' lang='lat' dir='ltr'><strong>opponis</strong></span> <span class='ocrx_word' id='word_1_497' title='bbox 363 4366 514 4445; x_wconf 89' lang='lat' dir='ltr'><strong>exempla,</strong></span> <span class='ocrx_word' id='word_1_498' title='bbox 547 4363 598 4426; x_wconf 93' lang='lat' dir='ltr'><strong>ubi</strong></span> <span class='ocrx_word' id='word_1_499' title='bbox 622 4371 747 4425; x_wconf 90' lang='lat' dir='ltr'><strong>eventus</strong></span> <span class='ocrx_word' id='word_1_500' title='bbox 771 4371 856 4424; x_wconf 88' lang='lat' dir='ltr'><strong>certa</strong></span> <span class='ocrx_word' id='word_1_501' title='bbox 879 4362 995 4425; x_wconf 90' lang='lat' dir='ltr'><strong>ratione</strong></span> <span class='ocrx_word' id='word_1_502' title='bbox 1026 4364 1262 4444; x_wconf 82' lang='lat' dir='ltr'><strong>correspondere</strong></span> <span class='ocrx_word' id='word_1_503' title='bbox 1285 4364 1331 4428; x_wconf 87' lang='lat' dir='ltr'><strong>ais</strong></span> <span class='ocrx_word' id='word_1_504' title='bbox 1351 4363 1487 4430; x_wconf 86' lang='lat' dir='ltr'><strong>directio·</strong></span> 
     </span>
     <span class='ocr_line' id='line_1_49' title="bbox 60 4449 1490 4535; baseline -0.003 -18"><span class='ocrx_word' id='word_1_505' title='bbox 60 4482 68 4491; x_wconf 94' lang='lat'>·</span> <span class='ocrx_word' id='word_1_506' title='bbox 142 4454 241 4531; x_wconf 91' lang='lat' dir='ltr'><strong>uibus,</strong></span> <span class='ocrx_word' id='word_1_507' title='bbox 265 4453 502 4535; x_wconf 87' lang='lat' dir='ltr'><strong>profectionibus</strong></span> <span class='ocrx_word' id='word_1_508' title='bbox 526 4463 558 4516; x_wconf 91' lang='lat' dir='ltr'><strong>et</strong></span> <span class='ocrx_word' id='word_1_509' title='bbox 580 4451 770 4516; x_wconf 90' lang='lat' dir='ltr'><strong>transitibus.</strong></span> <span class='ocrx_word' id='word_1_510' title='bbox 816 4449 887 4513; x_wconf 87' lang='lat' dir='ltr'><strong>Jam</strong></span> <span class='ocrx_word' id='word_1_511' title='bbox 917 4452 1021 4514; x_wconf 88' lang='lat' dir='ltr'><strong>statim</strong></span> <span class='ocrx_word' id='word_1_512' title='bbox 1050 4460 1081 4513; x_wconf 92' lang='lat' dir='ltr'><strong>te</strong></span> <span class='ocrx_word' id='word_1_513' title='bbox 1104 4453 1267 4534; x_wconf 91' lang='lat' dir='ltr'><strong>prodidisti</strong></span> <span class='ocrx_word' id='word_1_514' title='bbox 1290 4474 1397 4531; x_wconf 90' lang='lat' dir='ltr'><strong>sorex,</strong></span> <span class='ocrx_word' id='word_1_515' title='bbox 1428 4453 1490 4515; x_wconf 91' lang='lat' dir='ltr'><strong>dnm</strong></span> 
     </span>
     <span class='ocr_line' id='line_1_50' title="bbox 142 4539 1490 4624; baseline 0.001 -19"><span class='ocrx_word' id='word_1_516' title='bbox 142 4544 243 4607; x_wconf 86' lang='lat' dir='ltr'><strong>omnia</strong></span> <span class='ocrx_word' id='word_1_517' title='bbox 266 4543 326 4606; x_wconf 89' lang='lat' dir='ltr'><strong>tria</strong></span> <span class='ocrx_word' id='word_1_518' title='bbox 348 4550 514 4624; x_wconf 91' lang='lat' dir='ltr'><strong>computas.</strong></span> <span class='ocrx_word' id='word_1_519' title='bbox 562 4541 672 4605; x_wconf 85' lang='lat' dir='ltr'><strong>Certus</strong></span> <span class='ocrx_word' id='word_1_520' title='bbox 691 4560 766 4612; x_wconf 90' lang='lat' dir='ltr'><strong>sum,</strong></span> <span class='ocrx_word' id='word_1_521' title='bbox 790 4540 862 4602; x_wconf 92' lang='lat' dir='ltr'><strong>nibil</strong></span> <span class='ocrx_word' id='word_1_522' title='bbox 887 4539 916 4602; x_wconf 93' lang='lat' dir='ltr'><strong>in</strong></span> <span class='ocrx_word' id='word_1_523' title='bbox 941 4541 1081 4603; x_wconf 88' lang='lat' dir='ltr'><strong>universa</strong></span> <span class='ocrx_word' id='word_1_524' title='bbox 1101 4543 1165 4606; x_wconf 89' lang='lat' dir='ltr'><strong>vita</strong></span> <span class='ocrx_word' id='word_1_525' title='bbox 1189 4542 1318 4605; x_wconf 85' lang='lat' dir='ltr'><strong>maxime</strong></span> <span class='ocrx_word' id='word_1_526' title='bbox 1343 4544 1490 4608; x_wconf 85' lang='lat' dir='ltr'><strong>fortuitum</strong></span> 
     </span>
     <span class='ocr_line' id='line_1_51' title="bbox 143 4629 1492 4716; baseline 0.001 -22"><span class='ocrx_word' id='word_1_527' title='bbox 143 4633 263 4696; x_wconf 90' lang='lat' dir='ltr'><strong>evenire</strong></span> <span class='ocrx_word' id='word_1_528' title='bbox 287 4651 388 4713; x_wconf 86' lang='lat' dir='ltr'><strong>posse,</strong></span> <span class='ocrx_word' id='word_1_529' title='bbox 413 4632 493 4713; x_wconf 91' lang='lat' dir='ltr'><strong>qnod</strong></span> <span class='ocrx_word' id='word_1_530' title='bbox 510 4651 569 4695; x_wconf 91' lang='lat' dir='ltr'><strong>non</strong></span> <span class='ocrx_word' id='word_1_531' title='bbox 592 4633 639 4695; x_wconf 90' lang='lat' dir='ltr'><strong>vel</strong></span> <span class='ocrx_word' id='word_1_532' title='bbox 664 4629 740 4705; x_wconf 91' lang='lat' dir='ltr'><strong>huic,</strong></span> <span class='ocrx_word' id='word_1_533' title='bbox 765 4631 814 4692; x_wconf 92' lang='lat' dir='ltr'><strong>vel</strong></span> <span class='ocrx_word' id='word_1_534' title='bbox 828 4629 881 4705; x_wconf 91' lang='lat' dir='ltr'><strong>illi,</strong></span> <span class='ocrx_word' id='word_1_535' title='bbox 907 4630 957 4691; x_wconf 90' lang='lat' dir='ltr'><strong>vel</strong></span> <span class='ocrx_word' id='word_1_536' title='bbox 971 4631 1060 4693; x_wconf 92' lang='lat' dir='ltr'><strong>tertio</strong></span> <span class='ocrx_word' id='word_1_537' title='bbox 1081 4651 1148 4694; x_wconf 90' lang='lat' dir='ltr'><strong>sese</strong></span> <span class='ocrx_word' id='word_1_538' title='bbox 1170 4632 1313 4713; x_wconf 87' lang='lat' dir='ltr'><strong>applicet,</strong></span> <span class='ocrx_word' id='word_1_539' title='bbox 1339 4633 1492 4716; x_wconf 76' lang='lat' dir='ltr'><strong>quiriaco</strong></span> 
     </span>
     <span class='ocr_line' id='line_1_52' title="bbox 142 4720 1492 4801; baseline -0.002 -16"><span class='ocrx_word' id='word_1_540' title='bbox 142 4723 203 4787; x_wconf 89' lang='lat' dir='ltr'><strong>tria</strong></span> <span class='ocrx_word' id='word_1_541' title='bbox 224 4722 445 4785; x_wconf 90' lang='lat' dir='ltr'><strong>multitudinem</strong></span> <span class='ocrx_word' id='word_1_542' title='bbox 470 4723 619 4801; x_wconf 90' lang='lat' dir='ltr'><strong>quandam</strong></span> <span class='ocrx_word' id='word_1_543' title='bbox 642 4737 800 4782; x_wconf 87' lang='lat' dir='ltr'><strong>cansamm</strong></span> <span class='ocrx_word' id='word_1_544' title='bbox 824 4726 978 4781; x_wconf 89' lang='lat' dir='ltr'><strong>acervant.</strong></span> <span class='ocrx_word' id='word_1_545' title='bbox 1025 4720 1066 4781; x_wconf 85' lang='lat' dir='ltr'><strong>Et</strong></span> <span class='ocrx_word' id='word_1_546' title='bbox 1097 4728 1199 4783; x_wconf 89' lang='lat' dir='ltr'><strong>tamen</strong></span> <span class='ocrx_word' id='word_1_547' title='bbox 1227 4721 1258 4784; x_wconf 93' lang='lat' dir='ltr'><strong>iu</strong></span> <span class='ocrx_word' id='word_1_548' title='bbox 1282 4729 1373 4786; x_wconf 82' lang='lat' dir='ltr'><strong>tanta</strong></span> <span class='ocrx_word' id='word_1_549' title='bbox 1395 4720 1492 4786; x_wconf 90' lang='lat' dir='ltr'><strong>mulii·</strong></span> 
     </span>
     <span class='ocr_line' id='line_1_53' title="bbox 141 4808 1493 4898; baseline -0.001 -22"><span class='ocrx_word' id='word_1_550' title='bbox 141 4812 246 4877; x_wconf 87' lang='lat' dir='ltr'><strong>tudine</strong></span> <span class='ocrx_word' id='word_1_551' title='bbox 269 4819 417 4894; x_wconf 88' lang='lat' dir='ltr'><strong>superest,</strong></span> <span class='ocrx_word' id='word_1_552' title='bbox 442 4811 522 4894; x_wconf 89' lang='lat' dir='ltr'><strong>quod</strong></span> <span class='ocrx_word' id='word_1_553' title='bbox 536 4810 686 4894; x_wconf 84' lang='lat' dir='ltr'><strong>excipias:</strong></span> <span class='ocrx_word' id='word_1_554' title='bbox 711 4826 770 4871; x_wconf 92' lang='lat' dir='ltr'><strong>non</strong></span> <span class='ocrx_word' id='word_1_555' title='bbox 785 4826 903 4889; x_wconf 91' lang='lat' dir='ltr'><strong>semper</strong></span> <span class='ocrx_word' id='word_1_556' title='bbox 916 4808 1051 4894; x_wconf 88' lang='lat' dir='ltr'><strong>praedici</strong></span> <span class='ocrx_word' id='word_1_557' title='bbox 1064 4827 1166 4890; x_wconf 85' lang='lat' dir='ltr'><strong>posse,</strong></span> <span class='ocrx_word' id='word_1_558' title='bbox 1187 4811 1399 4898; x_wconf 82' lang='lat' dir='ltr'><strong>rationemque</strong></span> <span class='ocrx_word' id='word_1_559' title='bbox 1412 4812 1493 4895; x_wconf 87' lang='lat' dir='ltr'><strong>bnjus</strong></span> 
     </span>
    </p>
   </div>
   <div class='ocr_carea' id='block_1_9' title="bbox 0 0 1649 5542">
    <p class='ocr_par' dir='ltr' id='par_1_9' title="bbox 0 0 1649 5542">
     <span class='ocr_line' id='line_1_54' title="bbox 0 0 1649 5542; baseline 0 0"><span class='ocrx_word' id='word_1_560' title='bbox 0 0 1649 5542; x_wconf 95' lang='lat' dir='ltr'><strong> </strong></span> 
     </span>
    </p>
   </div>
  </div>
 </body>
</html>
