<?xml version="1.0" encoding="UTF-8"?>
<!DOCTYPE html PUBLIC "-//W3C//DTD XHTML 1.0 Transitional//EN"
    "http://www.w3.org/TR/xhtml1/DTD/xhtml1-transitional.dtd">
<html xmlns="http://www.w3.org/1999/xhtml" xml:lang="en" lang="en">
 <head>
  <title>
</title>
<meta http-equiv="Content-Type" content="text/html;charset=utf-8" />
  <meta name='ocr-system' content='tesseract 3.04.00' />
  <meta name='ocr-capabilities' content='ocr_page ocr_carea ocr_par ocr_line ocrx_word'/>
</head>
<body>
  <div class='ocr_page' id='page_1' title='image "./joanniskepleria17frisgoog_0675.png"; bbox 0 0 3278 5542; ppageno 0'>
   <div class='ocr_carea' id='block_1_1' title="bbox 208 334 1039 406">
    <p class='ocr_par' dir='ltr' id='par_1_1' title="bbox 208 334 1039 406">
     <span class='ocr_line' id='line_1_1' title="bbox 208 334 1039 406; baseline -0.023 -1"><span class='ocrx_word' id='word_1_1' title='bbox 208 334 273 406; x_wconf 80' lang='grc'>654</span> <span class='ocrx_word' id='word_1_2' title='bbox 539 386 545 396; x_wconf 96' lang='grc'><strong><em>.</em></strong></span> <span class='ocrx_word' id='word_1_3' title='bbox 732 335 763 389; x_wconf 79' lang='grc' dir='ltr'>[ιι</span> <span class='ocrx_word' id='word_1_4' title='bbox 780 335 866 402; x_wconf 81' lang='lat' dir='ltr'>Opera</span> <span class='ocrx_word' id='word_1_5' title='bbox 882 335 1039 402; x_wconf 75' lang='lat' dir='ltr'>Astrologioa</span> 
     </span>
    </p>
   </div>
   <div class='ocr_carea' id='block_1_2' title="bbox 208 493 1574 4240">
    <p class='ocr_par' dir='ltr' id='par_1_2' title="bbox 208 493 1574 3689">
     <span class='ocr_line' id='line_1_2' title="bbox 208 493 1565 569; baseline -0.006 -13"><span class='ocrx_word' id='word_1_6' title='bbox 208 499 343 556; x_wconf 87' lang='lat' dir='ltr'>manibus.</span> <span class='ocrx_word' id='word_1_7' title='bbox 384 498 446 568; x_wconf 86' lang='lat' dir='ltr'>Ego</span> <span class='ocrx_word' id='word_1_8' title='bbox 468 500 501 551; x_wconf 87' lang='lat' dir='ltr'>de</span> <span class='ocrx_word' id='word_1_9' title='bbox 522 514 584 552; x_wconf 91' lang='lat' dir='ltr'>mea</span> <span class='ocrx_word' id='word_1_10' title='bbox 604 498 743 552; x_wconf 76' lang='lat' dir='ltr'>tenuitate</span> <span class='ocrx_word' id='word_1_11' title='bbox 764 501 875 562; x_wconf 88' lang='lat' dir='ltr'>addam,</span> <span class='ocrx_word' id='word_1_12' title='bbox 905 515 976 569; x_wconf 88' lang='lat' dir='ltr'>quae</span> <span class='ocrx_word' id='word_1_13' title='bbox 998 500 1032 553; x_wconf 88' lang='lat' dir='ltr'>ad</span> <span class='ocrx_word' id='word_1_14' title='bbox 1053 499 1222 552; x_wconf 72' lang='lat' dir='ltr'><strong>formandam</strong></span> <span class='ocrx_word' id='word_1_15' title='bbox 1243 493 1477 550; x_wconf 71' lang='lat' dir='ltr'>deliberationem</span> <span class='ocrx_word' id='word_1_16' title='bbox 1498 496 1565 550; x_wconf 87' lang='lat' dir='ltr'>hanc</span> 
     </span>
     <span class='ocr_line' id='line_1_3' title="bbox 208 576 1566 652; baseline -0.004 -18"><span class='ocrx_word' id='word_1_17' title='bbox 208 580 347 652; x_wconf 88' lang='lat' dir='ltr'>pertinere</span> <span class='ocrx_word' id='word_1_18' title='bbox 368 578 521 632; x_wconf 80' lang='lat' dir='ltr'><strong>arbitratus</strong></span> <span class='ocrx_word' id='word_1_19' title='bbox 544 580 629 632; x_wconf 82' lang='lat' dir='ltr'>luero.</span> <span class='ocrx_word' id='word_1_20' title='bbox 673 580 812 641; x_wconf 76' lang='lat' dir='ltr'>Quaedam</span> <span class='ocrx_word' id='word_1_21' title='bbox 841 586 906 633; x_wconf 88' lang='lat' dir='ltr'>suut</span> <span class='ocrx_word' id='word_1_22' title='bbox 935 578 1057 648; x_wconf 78' lang='lat' dir='ltr'>majora,</span> <span class='ocrx_word' id='word_1_23' title='bbox 1087 594 1167 649; x_wconf 90' lang='lat' dir='ltr'>quam</span> <span class='ocrx_word' id='word_1_24' title='bbox 1197 583 1230 630; x_wconf 89' lang='lat' dir='ltr'>ut</span> <span class='ocrx_word' id='word_1_25' title='bbox 1257 576 1437 646; x_wconf 69' lang='lat' dir='ltr'>providentia</span> <span class='ocrx_word' id='word_1_26' title='bbox 1463 577 1566 646; x_wconf 86' lang='lat' dir='ltr'>possint</span> 
     </span>
     <span class='ocr_line' id='line_1_4' title="bbox 209 655 1565 731; baseline -0.005 -16"><span class='ocrx_word' id='word_1_27' title='bbox 209 661 313 716; x_wconf 83' lang='lat' dir='ltr'>averti:</span> <span class='ocrx_word' id='word_1_28' title='bbox 344 666 374 712; x_wconf 92' lang='lat' dir='ltr'>et</span> <span class='ocrx_word' id='word_1_29' title='bbox 400 658 445 711; x_wconf 91' lang='lat' dir='ltr'>ubi</span> <span class='ocrx_word' id='word_1_30' title='bbox 475 659 714 728; x_wconf 78' lang='lat' dir='ltr'>deprecationibus</span> <span class='ocrx_word' id='word_1_31' title='bbox 745 660 834 731; x_wconf 89' lang='lat' dir='ltr'>magis</span> <span class='ocrx_word' id='word_1_32' title='bbox 861 661 1006 731; x_wconf 89' lang='lat' dir='ltr'>agendum.</span> <span class='ocrx_word' id='word_1_33' title='bbox 1049 659 1119 713; x_wconf 87' lang='lat' dir='ltr'>Nam</span> <span class='ocrx_word' id='word_1_34' title='bbox 1150 659 1173 713; x_wconf 91' lang='lat' dir='ltr'>si</span> <span class='ocrx_word' id='word_1_35' title='bbox 1203 656 1312 711; x_wconf 90' lang='lat' dir='ltr'>coelum</span> <span class='ocrx_word' id='word_1_36' title='bbox 1341 663 1424 721; x_wconf 86' lang='lat' dir='ltr'>ruat,</span> <span class='ocrx_word' id='word_1_37' title='bbox 1455 656 1513 725; x_wconf 90' lang='lat' dir='ltr'>quis</span> <span class='ocrx_word' id='word_1_38' title='bbox 1540 655 1565 709; x_wconf 90' lang='lat' dir='ltr'>in</span> 
     </span>
     <span class='ocr_line' id='line_1_5' title="bbox 209 735 1564 809; baseline -0.003 -15"><span class='ocrx_word' id='word_1_39' title='bbox 209 740 300 795; x_wconf 85' lang='lat' dir='ltr'>Terris</span> <span class='ocrx_word' id='word_1_40' title='bbox 323 746 399 792; x_wconf 90' lang='lat' dir='ltr'>tutus</span> <span class='ocrx_word' id='word_1_41' title='bbox 421 755 482 791; x_wconf 89' lang='lat' dir='ltr'>esse</span> <span class='ocrx_word' id='word_1_42' title='bbox 503 739 625 807; x_wconf 78' lang='lat' dir='ltr'>poterit?</span> <span class='ocrx_word' id='word_1_43' title='bbox 660 744 698 792; x_wconf 86' lang='lat' dir='ltr'>At</span> <span class='ocrx_word' id='word_1_44' title='bbox 719 739 741 792; x_wconf 90' lang='lat' dir='ltr'>si</span> <span class='ocrx_word' id='word_1_45' title='bbox 763 742 833 793; x_wconf 88' lang='lat' dir='ltr'>haec</span> <span class='ocrx_word' id='word_1_46' title='bbox 853 739 937 802; x_wconf 81' lang='lat' dir='ltr'>ratis,</span> <span class='ocrx_word' id='word_1_47' title='bbox 964 738 992 792; x_wconf 92' lang='lat' dir='ltr'>in</span> <span class='ocrx_word' id='word_1_48' title='bbox 1021 755 1076 809; x_wconf 91' lang='lat' dir='ltr'>qua</span> <span class='ocrx_word' id='word_1_49' title='bbox 1106 755 1166 793; x_wconf 92' lang='lat' dir='ltr'>cum</span> <span class='ocrx_word' id='word_1_50' title='bbox 1194 736 1289 807; x_wconf 90' lang='lat' dir='ltr'>aliqua</span> <span class='ocrx_word' id='word_1_51' title='bbox 1320 752 1405 790; x_wconf 88' lang='lat' dir='ltr'>manu</span> <span class='ocrx_word' id='word_1_52' title='bbox 1431 735 1564 790; x_wconf 88' lang='lat' dir='ltr'>hominum</span> 
     </span>
     <span class='ocr_line' id='line_1_6' title="bbox 209 816 1566 890; baseline -0.005 -15"><span class='ocrx_word' id='word_1_53' title='bbox 209 821 328 890; x_wconf 77' lang='lat' dir='ltr'>navigo,</span> <span class='ocrx_word' id='word_1_54' title='bbox 360 836 489 888; x_wconf 89' lang='lat' dir='ltr'>superum</span> <span class='ocrx_word' id='word_1_55' title='bbox 515 819 558 872; x_wconf 86' lang='lat' dir='ltr'>ira</span> <span class='ocrx_word' id='word_1_56' title='bbox 583 828 740 890; x_wconf 83' lang='lat' dir='ltr'>mergatur:</span> <span class='ocrx_word' id='word_1_57' title='bbox 765 821 824 889; x_wconf 84' lang='lat' dir='ltr'>jam</span> <span class='ocrx_word' id='word_1_58' title='bbox 845 822 878 872; x_wconf 91' lang='lat' dir='ltr'>de</span> <span class='ocrx_word' id='word_1_59' title='bbox 900 819 1058 884; x_wconf 85' lang='lat' dir='ltr'>natatione,</span> <span class='ocrx_word' id='word_1_60' title='bbox 1091 818 1196 873; x_wconf 85' lang='lat' dir='ltr'>tabulis</span> <span class='ocrx_word' id='word_1_61' title='bbox 1226 824 1257 869; x_wconf 90' lang='lat' dir='ltr'>et</span> <span class='ocrx_word' id='word_1_62' title='bbox 1277 825 1360 886; x_wconf 89' lang='lat' dir='ltr'>portu</span> <span class='ocrx_word' id='word_1_63' title='bbox 1383 816 1566 888; x_wconf 84' lang='lat' dir='ltr'>cogitandum</span> 
     </span>
     <span class='ocr_line' id='line_1_7' title="bbox 208 896 1568 968; baseline -0.007 -13"><span class='ocrx_word' id='word_1_64' title='bbox 208 899 385 955; x_wconf 88' lang='lat' dir='ltr'>Natationem</span> <span class='ocrx_word' id='word_1_65' title='bbox 403 898 464 966; x_wconf 87' lang='lat' dir='ltr'>jam</span> <span class='ocrx_word' id='word_1_66' title='bbox 485 899 569 952; x_wconf 90' lang='lat' dir='ltr'>semel</span> <span class='ocrx_word' id='word_1_67' title='bbox 590 899 777 953; x_wconf 84' lang='lat' dir='ltr'>difficillimam</span> <span class='ocrx_word' id='word_1_68' title='bbox 798 917 857 953; x_wconf 91' lang='lat' dir='ltr'>sum</span> <span class='ocrx_word' id='word_1_69' title='bbox 878 905 1025 968; x_wconf 62' lang='lat' dir='ltr'>expertum</span> <span class='ocrx_word' id='word_1_70' title='bbox 1057 900 1172 954; x_wconf 90' lang='lat' dir='ltr'>tabulae</span> <span class='ocrx_word' id='word_1_71' title='bbox 1202 896 1269 952; x_wconf 87' lang='lat' dir='ltr'>mihi</span> <span class='ocrx_word' id='word_1_72' title='bbox 1289 906 1320 950; x_wconf 90' lang='lat' dir='ltr'>et</span> <span class='ocrx_word' id='word_1_73' title='bbox 1344 897 1428 960; x_wconf 86' lang='lat' dir='ltr'>remi,</span> <span class='ocrx_word' id='word_1_74' title='bbox 1455 896 1509 948; x_wconf 92' lang='lat' dir='ltr'>hoc</span> <span class='ocrx_word' id='word_1_75' title='bbox 1529 905 1568 947; x_wconf 84' lang='lat' dir='ltr'>est</span> 
     </span>
     <span class='ocr_line' id='line_1_8' title="bbox 209 977 1566 1048; baseline -0.003 -15"><span class='ocrx_word' id='word_1_76' title='bbox 209 978 380 1041; x_wconf 88' lang='lat' dir='ltr'>substantia,</span> <span class='ocrx_word' id='word_1_77' title='bbox 409 980 457 1030; x_wconf 92' lang='lat' dir='ltr'>dos</span> <span class='ocrx_word' id='word_1_78' title='bbox 487 987 517 1032; x_wconf 89' lang='lat' dir='ltr'>et</span> <span class='ocrx_word' id='word_1_79' title='bbox 541 979 700 1033; x_wconf 89' lang='lat' dir='ltr'>haereditas</span> <span class='ocrx_word' id='word_1_80' title='bbox 729 980 824 1034; x_wconf 84' lang='lat' dir='ltr'>uxoris</span> <span class='ocrx_word' id='word_1_81' title='bbox 851 979 936 1033; x_wconf 91' lang='lat' dir='ltr'>omnis</span> <span class='ocrx_word' id='word_1_82' title='bbox 959 996 1029 1048; x_wconf 90' lang='lat' dir='ltr'>pene</span> <span class='ocrx_word' id='word_1_83' title='bbox 1050 980 1142 1034; x_wconf 58' lang='lat' dir='ltr'>&amp;huo</span> <span class='ocrx_word' id='word_1_84' title='bbox 1160 987 1206 1032; x_wconf 86' lang='lat' dir='ltr'>est</span> <span class='ocrx_word' id='word_1_85' title='bbox 1225 979 1253 1032; x_wconf 91' lang='lat' dir='ltr'>in</span> <span class='ocrx_word' id='word_1_86' title='bbox 1273 977 1380 1046; x_wconf 74' lang='lat' dir='ltr'>Styria</span> <span class='ocrx_word' id='word_1_87' title='bbox 1423 977 1468 1030; x_wconf 93' lang='lat' dir='ltr'>De</span> <span class='ocrx_word' id='word_1_88' title='bbox 1489 981 1566 1045; x_wconf 86' lang='lat' dir='ltr'>portu</span> 
     </span>
     <span class='ocr_line' id='line_1_9' title="bbox 210 1056 1565 1129; baseline -0.003 -17"><span class='ocrx_word' id='word_1_89' title='bbox 210 1059 266 1112; x_wconf 87' lang='lat' dir='ltr'>scio</span> <span class='ocrx_word' id='word_1_90' title='bbox 288 1066 315 1112; x_wconf 90' lang='lat' dir='ltr'>te</span> <span class='ocrx_word' id='word_1_91' title='bbox 337 1057 487 1111; x_wconf 77' lang='lat' dir='ltr'>rectissime</span> <span class='ocrx_word' id='word_1_92' title='bbox 508 1060 704 1123; x_wconf 85' lang='lat' dir='ltr'>consulturum,</span> <span class='ocrx_word' id='word_1_93' title='bbox 727 1061 771 1129; x_wconf 91' lang='lat' dir='ltr'>qui</span> <span class='ocrx_word' id='word_1_94' title='bbox 793 1067 840 1113; x_wconf 87' lang='lat' dir='ltr'>sat</span> <span class='ocrx_word' id='word_1_95' title='bbox 860 1059 945 1122; x_wconf 82' lang='lat' dir='ltr'>nosti,</span> <span class='ocrx_word' id='word_1_96' title='bbox 969 1077 1020 1112; x_wconf 90' lang='lat' dir='ltr'>nec</span> <span class='ocrx_word' id='word_1_97' title='bbox 1040 1077 1146 1114; x_wconf 89' lang='lat' dir='ltr'>omnem</span> <span class='ocrx_word' id='word_1_98' title='bbox 1167 1059 1233 1113; x_wconf 84' lang='lat' dir='ltr'>milri</span> <span class='ocrx_word' id='word_1_99' title='bbox 1253 1058 1338 1112; x_wconf 84' lang='lat' dir='ltr'>licere</span> <span class='ocrx_word' id='word_1_100' title='bbox 1360 1056 1449 1120; x_wconf 83' lang='lat' dir='ltr'>adire,</span> <span class='ocrx_word' id='word_1_101' title='bbox 1470 1063 1502 1109; x_wconf 90' lang='lat' dir='ltr'>et</span> <span class='ocrx_word' id='word_1_102' title='bbox 1520 1073 1565 1108; x_wconf 86' lang='lat' dir='ltr'>ex·</span> 
     </span>
     <span class='ocr_line' id='line_1_10' title="bbox 208 1135 1567 1209; baseline -0.004 -17"><span class='ocrx_word' id='word_1_103' title='bbox 208 1139 303 1209; x_wconf 89' lang='lat' dir='ltr'>pedire</span> <span class='ocrx_word' id='word_1_104' title='bbox 324 1138 390 1191; x_wconf 92' lang='lat' dir='ltr'>meis</span> <span class='ocrx_word' id='word_1_105' title='bbox 413 1138 528 1202; x_wconf 86' lang='lat' dir='ltr'>studiis,</span> <span class='ocrx_word' id='word_1_106' title='bbox 559 1148 591 1192; x_wconf 92' lang='lat' dir='ltr'>ut</span> <span class='ocrx_word' id='word_1_107' title='bbox 616 1155 697 1209; x_wconf 90' lang='lat' dir='ltr'>quam</span> <span class='ocrx_word' id='word_1_108' title='bbox 725 1139 862 1194; x_wconf 88' lang='lat' dir='ltr'>minimum</span> <span class='ocrx_word' id='word_1_109' title='bbox 883 1138 987 1193; x_wconf 85' lang='lat' dir='ltr'>talibus</span> <span class='ocrx_word' id='word_1_110' title='bbox 1008 1138 1216 1194; x_wconf 86' lang='lat' dir='ltr'>inundationum</span> <span class='ocrx_word' id='word_1_111' title='bbox 1236 1137 1368 1209; x_wconf 84' lang='lat' dir='ltr'>procellis</span> <span class='ocrx_word' id='word_1_112' title='bbox 1390 1136 1523 1197; x_wconf 74' lang='lat' dir='ltr'>feriatur,</span> <span class='ocrx_word' id='word_1_113' title='bbox 1544 1135 1567 1187; x_wconf 91' lang='lat' dir='ltr'>in</span> 
     </span>
     <span class='ocr_line' id='line_1_11' title="bbox 211 1215 1568 1288; baseline -0.004 -16"><span class='ocrx_word' id='word_1_114' title='bbox 211 1236 292 1288; x_wconf 90' lang='lat' dir='ltr'>quem</span> <span class='ocrx_word' id='word_1_115' title='bbox 312 1236 355 1271; x_wconf 87' lang='lat' dir='ltr'>me</span> <span class='ocrx_word' id='word_1_116' title='bbox 376 1235 435 1272; x_wconf 89' lang='lat' dir='ltr'>sum</span> <span class='ocrx_word' id='word_1_117' title='bbox 456 1227 627 1288; x_wconf 88' lang='lat' dir='ltr'>recepturus.</span> <span class='ocrx_word' id='word_1_118' title='bbox 669 1220 723 1273; x_wconf 89' lang='lat' dir='ltr'>Sed</span> <span class='ocrx_word' id='word_1_119' title='bbox 753 1221 786 1273; x_wconf 89' lang='lat' dir='ltr'>de</span> <span class='ocrx_word' id='word_1_120' title='bbox 807 1219 862 1274; x_wconf 90' lang='lat' dir='ltr'>illis</span> <span class='ocrx_word' id='word_1_121' title='bbox 888 1218 955 1274; x_wconf 91' lang='lat' dir='ltr'>meis</span> <span class='ocrx_word' id='word_1_122' title='bbox 983 1219 1080 1284; x_wconf 85' lang='lat' dir='ltr'>remis,</span> <span class='ocrx_word' id='word_1_123' title='bbox 1110 1220 1163 1273; x_wconf 91' lang='lat' dir='ltr'>hoc</span> <span class='ocrx_word' id='word_1_124' title='bbox 1190 1226 1235 1274; x_wconf 87' lang='lat' dir='ltr'>est</span> <span class='ocrx_word' id='word_1_125' title='bbox 1263 1221 1298 1272; x_wconf 92' lang='lat' dir='ltr'>de</span> <span class='ocrx_word' id='word_1_126' title='bbox 1325 1217 1432 1271; x_wconf 86' lang='lat' dir='ltr'>dilecta</span> <span class='ocrx_word' id='word_1_127' title='bbox 1458 1215 1568 1286; x_wconf 82' lang='lat' dir='ltr'>pecunia</span> 
     </span>
     <span class='ocr_line' id='line_1_12' title="bbox 209 1296 1566 1366; baseline -0.003 -14"><span class='ocrx_word' id='word_1_128' title='bbox 209 1300 296 1353; x_wconf 83' lang='lat' dir='ltr'>dicam</span> <span class='ocrx_word' id='word_1_129' title='bbox 311 1299 399 1366; x_wconf 89' lang='lat' dir='ltr'>plura.</span> <span class='ocrx_word' id='word_1_130' title='bbox 429 1299 555 1352; x_wconf 77' lang='lat' dir='ltr'>Mortuus</span> <span class='ocrx_word' id='word_1_131' title='bbox 570 1306 613 1352; x_wconf 90' lang='lat' dir='ltr'>est</span> <span class='ocrx_word' id='word_1_132' title='bbox 629 1307 695 1353; x_wconf 88' lang='lat' dir='ltr'>ante</span> <span class='ocrx_word' id='word_1_133' title='bbox 712 1299 849 1354; x_wconf 88' lang='lat' dir='ltr'>biennium</span> <span class='ocrx_word' id='word_1_134' title='bbox 863 1314 941 1353; x_wconf 88' lang='lat' dir='ltr'>socer</span> <span class='ocrx_word' id='word_1_135' title='bbox 961 1315 1046 1362; x_wconf 89' lang='lat' dir='ltr'>meus,</span> <span class='ocrx_word' id='word_1_136' title='bbox 1067 1300 1172 1354; x_wconf 89' lang='lat' dir='ltr'>relictis</span> <span class='ocrx_word' id='word_1_137' title='bbox 1194 1298 1272 1353; x_wconf 90' lang='lat' dir='ltr'>bonis</span> <span class='ocrx_word' id='word_1_138' title='bbox 1293 1296 1482 1351; x_wconf 73' lang='lat' dir='ltr'>immobilibus</span> <span class='ocrx_word' id='word_1_139' title='bbox 1504 1311 1566 1349; x_wconf 88' lang='lat' dir='ltr'>sane</span> 
     </span>
     <span class='ocr_line' id='line_1_13' title="bbox 210 1376 1569 1447; baseline -0.003 -14"><span class='ocrx_word' id='word_1_140' title='bbox 210 1395 264 1445; x_wconf 88' lang='lat' dir='ltr'>non</span> <span class='ocrx_word' id='word_1_141' title='bbox 285 1378 488 1431; x_wconf 82' lang='lat' dir='ltr'>contemnendis</span> <span class='ocrx_word' id='word_1_142' title='bbox 515 1396 568 1431; x_wconf 93' lang='lat' dir='ltr'>uno</span> <span class='ocrx_word' id='word_1_143' title='bbox 594 1380 704 1433; x_wconf 87' lang='lat' dir='ltr'>milliari</span> <span class='ocrx_word' id='word_1_144' title='bbox 727 1379 799 1434; x_wconf 84' lang='lat' dir='ltr'>infra</span> <span class='ocrx_word' id='word_1_145' title='bbox 820 1379 972 1434; x_wconf 83' lang='lat' dir='ltr'>Graetiurn.</span> <span class='ocrx_word' id='word_1_146' title='bbox 1004 1377 1073 1433; x_wconf 86' lang='lat' dir='ltr'>Nam</span> <span class='ocrx_word' id='word_1_147' title='bbox 1096 1379 1177 1433; x_wconf 86' lang='lat' dir='ltr'>uxori</span> <span class='ocrx_word' id='word_1_148' title='bbox 1198 1395 1277 1432; x_wconf 87' lang='lat' dir='ltr'>meae</span> <span class='ocrx_word' id='word_1_149' title='bbox 1299 1392 1350 1447; x_wconf 92' lang='lat' dir='ltr'>pro</span> <span class='ocrx_word' id='word_1_150' title='bbox 1372 1376 1475 1447; x_wconf 85' lang='lat' dir='ltr'>quinta</span> <span class='ocrx_word' id='word_1_151' title='bbox 1494 1382 1569 1444; x_wconf 76' lang='lat' dir='ltr'>parte</span> 
     </span>
     <span class='ocr_line' id='line_1_14' title="bbox 209 1456 1569 1525; baseline -0.004 -14"><span class='ocrx_word' id='word_1_152' title='bbox 209 1474 315 1511; x_wconf 90' lang='lat' dir='ltr'>summa</span> <span class='ocrx_word' id='word_1_153' title='bbox 336 1457 416 1510; x_wconf 89' lang='lat' dir='ltr'>trium</span> <span class='ocrx_word' id='word_1_154' title='bbox 437 1458 551 1512; x_wconf 91' lang='lat' dir='ltr'>millium</span> <span class='ocrx_word' id='word_1_155' title='bbox 573 1477 608 1513; x_wconf 85' lang='lat' dir='ltr'>ex</span> <span class='ocrx_word' id='word_1_156' title='bbox 631 1460 824 1513; x_wconf 85' lang='lat' dir='ltr'>aestimatione</span> <span class='ocrx_word' id='word_1_157' title='bbox 845 1460 995 1513; x_wconf 83' lang='lat' dir='ltr'>haeredum</span> <span class='ocrx_word' id='word_1_158' title='bbox 1016 1460 1140 1512; x_wconf 88' lang='lat' dir='ltr'>debetur.</span> <span class='ocrx_word' id='word_1_159' title='bbox 1174 1461 1253 1513; x_wconf 90' lang='lat' dir='ltr'>Bona</span> <span class='ocrx_word' id='word_1_160' title='bbox 1273 1456 1357 1511; x_wconf 81' lang='lat' dir='ltr'>dividi</span> <span class='ocrx_word' id='word_1_161' title='bbox 1379 1474 1436 1510; x_wconf 91' lang='lat' dir='ltr'>non</span> <span class='ocrx_word' id='word_1_162' title='bbox 1458 1462 1569 1525; x_wconf 85' lang='lat' dir='ltr'>possunt</span> 
     </span>
     <span class='ocr_line' id='line_1_15' title="bbox 209 1535 1569 1608; baseline -0.003 -17"><span class='ocrx_word' id='word_1_163' title='bbox 209 1555 258 1591; x_wconf 92' lang='lat' dir='ltr'>seu</span> <span class='ocrx_word' id='word_1_164' title='bbox 280 1538 433 1591; x_wconf 90' lang='lat' dir='ltr'>conditione</span> <span class='ocrx_word' id='word_1_165' title='bbox 456 1554 508 1592; x_wconf 91' lang='lat' dir='ltr'>sua</span> <span class='ocrx_word' id='word_1_166' title='bbox 528 1555 576 1592; x_wconf 91' lang='lat' dir='ltr'>seu</span> <span class='ocrx_word' id='word_1_167' title='bbox 599 1540 753 1608; x_wconf 88' lang='lat' dir='ltr'>pertinacia</span> <span class='ocrx_word' id='word_1_168' title='bbox 768 1556 888 1594; x_wconf 88' lang='lat' dir='ltr'>meorum</span> <span class='ocrx_word' id='word_1_169' title='bbox 903 1538 1034 1593; x_wconf 83' lang='lat' dir='ltr'>affinium.</span> <span class='ocrx_word' id='word_1_170' title='bbox 1062 1538 1090 1592; x_wconf 88' lang='lat' dir='ltr'>Si</span> <span class='ocrx_word' id='word_1_171' title='bbox 1111 1540 1275 1604; x_wconf 76' lang='lat' dir='ltr'>vendantur,</span> <span class='ocrx_word' id='word_1_172' title='bbox 1298 1537 1420 1607; x_wconf 84' lang='lat' dir='ltr'>pretium</span> <span class='ocrx_word' id='word_1_173' title='bbox 1442 1535 1500 1588; x_wconf 75' lang='lat' dir='ltr'>vile</span> <span class='ocrx_word' id='word_1_174' title='bbox 1521 1535 1569 1588; x_wconf 88' lang='lat' dir='ltr'>erit</span> 
     </span>
     <span class='ocr_line' id='line_1_16' title="bbox 211 1615 1569 1690; baseline -0.003 -19"><span class='ocrx_word' id='word_1_175' title='bbox 211 1619 238 1671; x_wconf 95' lang='lat' dir='ltr'>in</span> <span class='ocrx_word' id='word_1_176' title='bbox 260 1626 341 1671; x_wconf 85' lang='lat' dir='ltr'>tanta</span> <span class='ocrx_word' id='word_1_177' title='bbox 362 1618 478 1685; x_wconf 87' lang='lat' dir='ltr'>penuria</span> <span class='ocrx_word' id='word_1_178' title='bbox 499 1628 631 1673; x_wconf 85' lang='lat' dir='ltr'>emturum</span> <span class='ocrx_word' id='word_1_179' title='bbox 654 1621 705 1674; x_wconf 88' lang='lat' dir='ltr'>hoc</span> <span class='ocrx_word' id='word_1_180' title='bbox 728 1629 859 1689; x_wconf 89' lang='lat' dir='ltr'>tempore.</span> <span class='ocrx_word' id='word_1_181' title='bbox 904 1618 1033 1681; x_wconf 84' lang='lat' dir='ltr'>Quamvis</span> <span class='ocrx_word' id='word_1_182' title='bbox 1054 1619 1108 1673; x_wconf 91' lang='lat' dir='ltr'>huo</span> <span class='ocrx_word' id='word_1_183' title='bbox 1127 1636 1183 1690; x_wconf 88' lang='lat' dir='ltr'>ego</span> <span class='ocrx_word' id='word_1_184' title='bbox 1204 1618 1347 1682; x_wconf 82' lang='lat' dir='ltr'>inclinem,</span> <span class='ocrx_word' id='word_1_185' title='bbox 1378 1617 1401 1669; x_wconf 88' lang='lat' dir='ltr'>si</span> <span class='ocrx_word' id='word_1_186' title='bbox 1424 1615 1569 1687; x_wconf 86' lang='lat' dir='ltr'>magistra·</span> 
     </span>
     <span class='ocr_line' id='line_1_17' title="bbox 211 1695 1569 1769; baseline -0.004 -18"><span class='ocrx_word' id='word_1_187' title='bbox 211 1705 268 1751; x_wconf 90' lang='lat' dir='ltr'>tum</span> <span class='ocrx_word' id='word_1_188' title='bbox 289 1699 421 1751; x_wconf 87' lang='lat' dir='ltr'>haberem</span> <span class='ocrx_word' id='word_1_189' title='bbox 442 1699 581 1752; x_wconf 79' lang='lat' dir='ltr'>faventem</span> <span class='ocrx_word' id='word_1_190' title='bbox 604 1701 638 1753; x_wconf 92' lang='lat' dir='ltr'>ad</span> <span class='ocrx_word' id='word_1_191' title='bbox 661 1700 859 1769; x_wconf 86' lang='lat' dir='ltr'>impetrandam</span> <span class='ocrx_word' id='word_1_192' title='bbox 881 1698 1050 1754; x_wconf 86' lang='lat' dir='ltr'>divisionem.</span> <span class='ocrx_word' id='word_1_193' title='bbox 1083 1699 1153 1754; x_wconf 90' lang='lat' dir='ltr'>Nam</span> <span class='ocrx_word' id='word_1_194' title='bbox 1175 1697 1325 1754; x_wconf 85' lang='lat' dir='ltr'>communio</span> <span class='ocrx_word' id='word_1_195' title='bbox 1342 1695 1505 1768; x_wconf 88' lang='lat' dir='ltr'>perniciosa</span> <span class='ocrx_word' id='word_1_196' title='bbox 1518 1702 1569 1747; x_wconf 85' lang='lat' dir='ltr'>est:</span> 
     </span>
     <span class='ocr_line' id='line_1_18' title="bbox 211 1772 1569 1851; baseline -0.003 -21"><span class='ocrx_word' id='word_1_197' title='bbox 211 1785 276 1830; x_wconf 90' lang='lat' dir='ltr'>sunt</span> <span class='ocrx_word' id='word_1_198' title='bbox 297 1778 368 1831; x_wconf 89' lang='lat' dir='ltr'>enim</span> <span class='ocrx_word' id='word_1_199' title='bbox 388 1779 552 1834; x_wconf 86' lang='lat' dir='ltr'>molendina.</span> <span class='ocrx_word' id='word_1_200' title='bbox 595 1780 719 1841; x_wconf 82' lang='lat' dir='ltr'>Quonam</span> <span class='ocrx_word' id='word_1_201' title='bbox 740 1780 827 1851; x_wconf 88' lang='lat' dir='ltr'>igitur</span> <span class='ocrx_word' id='word_1_202' title='bbox 847 1785 931 1850; x_wconf 88' lang='lat' dir='ltr'>pacto</span> <span class='ocrx_word' id='word_1_203' title='bbox 953 1780 1027 1833; x_wconf 87' lang='lat' dir='ltr'>bona</span> <span class='ocrx_word' id='word_1_204' title='bbox 1048 1772 1120 1842; x_wconf 88' lang='lat' dir='ltr'>ista,</span> <span class='ocrx_word' id='word_1_205' title='bbox 1143 1795 1225 1850; x_wconf 87' lang='lat' dir='ltr'>quam</span> <span class='ocrx_word' id='word_1_206' title='bbox 1244 1778 1303 1834; x_wconf 84' lang='lat' dir='ltr'>lieri</span> <span class='ocrx_word' id='word_1_207' title='bbox 1323 1783 1440 1848; x_wconf 85' lang='lat' dir='ltr'>potest,</span> <span class='ocrx_word' id='word_1_208' title='bbox 1468 1775 1569 1829; x_wconf 87' lang='lat' dir='ltr'>minimo</span> 
     </span>
     <span class='ocr_line' id='line_1_19' title="bbox 211 1854 1570 1931; baseline -0.004 -19"><span class='ocrx_word' id='word_1_209' title='bbox 211 1859 310 1912; x_wconf 88' lang='lat' dir='ltr'>damno</span> <span class='ocrx_word' id='word_1_210' title='bbox 333 1858 360 1911; x_wconf 92' lang='lat' dir='ltr'>in</span> <span class='ocrx_word' id='word_1_211' title='bbox 381 1875 469 1911; x_wconf 88' lang='lat' dir='ltr'>meam</span> <span class='ocrx_word' id='word_1_212' title='bbox 489 1866 659 1928; x_wconf 86' lang='lat' dir='ltr'>potestatem</span> <span class='ocrx_word' id='word_1_213' title='bbox 680 1861 821 1931; x_wconf 78' lang='lat' dir='ltr'>redigam,</span> <span class='ocrx_word' id='word_1_214' title='bbox 853 1860 899 1913; x_wconf 92' lang='lat' dir='ltr'>diu</span> <span class='ocrx_word' id='word_1_215' title='bbox 916 1858 976 1928; x_wconf 87' lang='lat' dir='ltr'>jam</span> <span class='ocrx_word' id='word_1_216' title='bbox 1006 1861 1054 1913; x_wconf 91' lang='lat' dir='ltr'>sed</span> <span class='ocrx_word' id='word_1_217' title='bbox 1081 1859 1187 1914; x_wconf 80' lang='lat' dir='ltr'>frustra</span> <span class='ocrx_word' id='word_1_218' title='bbox 1214 1858 1347 1912; x_wconf 87' lang='lat' dir='ltr'>delibero.</span> <span class='ocrx_word' id='word_1_219' title='bbox 1392 1854 1481 1910; x_wconf 71' lang='lat' dir='ltr'>Video</span> <span class='ocrx_word' id='word_1_220' title='bbox 1514 1854 1570 1907; x_wconf 88' lang='lat' dir='ltr'>mihi</span> 
     </span>
     <span class='ocr_line' id='line_1_20' title="bbox 213 1938 1570 2008; baseline -0.004 -17"><span class='ocrx_word' id='word_1_221' title='bbox 213 1938 371 2007; x_wconf 82' lang='lat' dir='ltr'>adjumento</span> <span class='ocrx_word' id='word_1_222' title='bbox 400 1939 522 1994; x_wconf 82' lang='lat' dir='ltr'>futuram</span> <span class='ocrx_word' id='word_1_223' title='bbox 551 1940 623 1993; x_wconf 86' lang='lat' dir='ltr'>hanc</span> <span class='ocrx_word' id='word_1_224' title='bbox 650 1957 739 1994; x_wconf 90' lang='lat' dir='ltr'>meam</span> <span class='ocrx_word' id='word_1_225' title='bbox 760 1940 941 1994; x_wconf 91' lang='lat' dir='ltr'>conditionem</span> <span class='ocrx_word' id='word_1_226' title='bbox 966 1939 1085 1993; x_wconf 85' lang='lat' dir='ltr'>aulicam</span> <span class='ocrx_word' id='word_1_227' title='bbox 1106 1946 1136 1993; x_wconf 89' lang='lat' dir='ltr'>et</span> <span class='ocrx_word' id='word_1_228' title='bbox 1155 1939 1179 1992; x_wconf 91' lang='lat' dir='ltr'>si</span> <span class='ocrx_word' id='word_1_229' title='bbox 1200 1940 1263 2008; x_wconf 93' lang='lat' dir='ltr'>quid</span> <span class='ocrx_word' id='word_1_230' title='bbox 1283 1938 1479 2006; x_wconf 70' lang='lat' dir='ltr'>inceptum,</span> <span class='ocrx_word' id='word_1_231' title='bbox 1507 1951 1570 1986; x_wconf 88' lang='lat' dir='ltr'>oon·</span> 
     </span>
     <span class='ocr_line' id='line_1_21' title="bbox 213 2015 1570 2090; baseline -0.004 -18"><span class='ocrx_word' id='word_1_232' title='bbox 213 2018 401 2072; x_wconf 87' lang='lat' dir='ltr'>mendationes</span> <span class='ocrx_word' id='word_1_233' title='bbox 423 2018 502 2072; x_wconf 88' lang='lat' dir='ltr'>inde:</span> <span class='ocrx_word' id='word_1_234' title='bbox 533 2021 581 2073; x_wconf 89' lang='lat' dir='ltr'>sed</span> <span class='ocrx_word' id='word_1_235' title='bbox 603 2021 745 2074; x_wconf 86' lang='lat' dir='ltr'>consilium</span> <span class='ocrx_word' id='word_1_236' title='bbox 766 2020 825 2089; x_wconf 89' lang='lat' dir='ltr'>ipse</span> <span class='ocrx_word' id='word_1_237' title='bbox 847 2021 965 2073; x_wconf 81' lang='lat' dir='ltr'>formare</span> <span class='ocrx_word' id='word_1_238' title='bbox 986 2027 1016 2073; x_wconf 89' lang='lat' dir='ltr'>et</span> <span class='ocrx_word' id='word_1_239' title='bbox 1037 2018 1199 2088; x_wconf 85' lang='lat' dir='ltr'>principium</span> <span class='ocrx_word' id='word_1_240' title='bbox 1221 2017 1323 2090; x_wconf 86' lang='lat' dir='ltr'>agendi</span> <span class='ocrx_word' id='word_1_241' title='bbox 1348 2015 1479 2070; x_wconf 76' lang='lat' dir='ltr'>invenire</span> <span class='ocrx_word' id='word_1_242' title='bbox 1499 2015 1527 2068; x_wconf 88' lang='lat' dir='ltr'>in</span> <span class='ocrx_word' id='word_1_243' title='bbox 1544 2031 1570 2066; x_wconf 89' lang='lat' dir='ltr'>re</span> 
     </span>
     <span class='ocr_line' id='line_1_22' title="bbox 213 2093 1570 2169; baseline -0.004 -17"><span class='ocrx_word' id='word_1_244' title='bbox 213 2107 270 2152; x_wconf 87' lang='lat' dir='ltr'>tam</span> <span class='ocrx_word' id='word_1_245' title='bbox 291 2099 429 2167; x_wconf 83' lang='lat' dir='ltr'>perplexa</span> <span class='ocrx_word' id='word_1_246' title='bbox 450 2116 503 2152; x_wconf 90' lang='lat' dir='ltr'>non</span> <span class='ocrx_word' id='word_1_247' title='bbox 524 2101 644 2167; x_wconf 86' lang='lat' dir='ltr'>possum.</span> <span class='ocrx_word' id='word_1_248' title='bbox 672 2101 758 2154; x_wconf 89' lang='lat' dir='ltr'>Nulla</span> <span class='ocrx_word' id='word_1_249' title='bbox 778 2100 884 2169; x_wconf 88' lang='lat' dir='ltr'>quidem</span> <span class='ocrx_word' id='word_1_250' title='bbox 905 2099 1018 2169; x_wconf 83' lang='lat' dir='ltr'>privata</span> <span class='ocrx_word' id='word_1_251' title='bbox 1038 2098 1140 2152; x_wconf 80' lang='lat' dir='ltr'>invidia</span> <span class='ocrx_word' id='word_1_252' title='bbox 1159 2115 1264 2169; x_wconf 85' lang='lat' dir='ltr'>gravor</span> <span class='ocrx_word' id='word_1_253' title='bbox 1283 2098 1312 2151; x_wconf 92' lang='lat' dir='ltr'>in</span> <span class='ocrx_word' id='word_1_254' title='bbox 1333 2097 1405 2150; x_wconf 82' lang='lat' dir='ltr'>aula</span> <span class='ocrx_word' id='word_1_255' title='bbox 1425 2093 1570 2150; x_wconf 80' lang='lat' dir='ltr'>Graeoensi</span> 
     </span>
     <span class='ocr_line' id='line_1_23' title="bbox 212 2177 1571 2250; baseline -0.002 -20"><span class='ocrx_word' id='word_1_256' title='bbox 212 2185 243 2231; x_wconf 91' lang='lat' dir='ltr'>et</span> <span class='ocrx_word' id='word_1_257' title='bbox 263 2195 352 2247; x_wconf 86' lang='lat' dir='ltr'>spero,</span> <span class='ocrx_word' id='word_1_258' title='bbox 376 2178 398 2230; x_wconf 90' lang='lat' dir='ltr'>si</span> <span class='ocrx_word' id='word_1_259' title='bbox 420 2196 502 2232; x_wconf 90' lang='lat' dir='ltr'>unum</span> <span class='ocrx_word' id='word_1_260' title='bbox 524 2180 643 2249; x_wconf 89' lang='lat' dir='ltr'>aliquem</span> <span class='ocrx_word' id='word_1_261' title='bbox 664 2199 700 2234; x_wconf 83' lang='lat' dir='ltr'>ex</span> <span class='ocrx_word' id='word_1_262' title='bbox 722 2180 878 2250; x_wconf 87' lang='lat' dir='ltr'>praecipuis</span> <span class='ocrx_word' id='word_1_263' title='bbox 900 2179 1064 2248; x_wconf 87' lang='lat' dir='ltr'>praesertim</span> <span class='ocrx_word' id='word_1_264' title='bbox 1085 2196 1123 2232; x_wconf 89' lang='lat' dir='ltr'>ex</span> <span class='ocrx_word' id='word_1_265' title='bbox 1143 2178 1284 2250; x_wconf 86' lang='lat' dir='ltr'>regiminis</span> <span class='ocrx_word' id='word_1_266' title='bbox 1305 2177 1442 2231; x_wconf 77' lang='lat' dir='ltr'>haberem</span> <span class='ocrx_word' id='word_1_267' title='bbox 1462 2192 1513 2245; x_wconf 74' lang='lat' dir='ltr'>per</span> <span class='ocrx_word' id='word_1_268' title='bbox 1531 2191 1571 2227; x_wconf 86' lang='lat' dir='ltr'>ou·</span> 
     </span>
     <span class='ocr_line' id='line_1_24' title="bbox 212 2257 1572 2331; baseline -0.004 -21"><span class='ocrx_word' id='word_1_269' title='bbox 212 2259 364 2328; x_wconf 83' lang='lat' dir='ltr'>J&#39;uscunque</span> <span class='ocrx_word' id='word_1_270' title='bbox 386 2259 438 2312; x_wconf 92' lang='lat' dir='ltr'>mei</span> <span class='ocrx_word' id='word_1_271' title='bbox 459 2260 575 2313; x_wconf 79' lang='lat' dir='ltr'>fautoris</span> <span class='ocrx_word' id='word_1_272' title='bbox 596 2261 734 2330; x_wconf 84' lang='lat' dir='ltr'>privatam</span> <span class='ocrx_word' id='word_1_273' title='bbox 755 2259 1022 2322; x_wconf 79' lang='lat' dir='ltr'>commendationem,</span> <span class='ocrx_word' id='word_1_274' title='bbox 1045 2275 1064 2312; x_wconf 91' lang='lat' dir='ltr'>a</span> <span class='ocrx_word' id='word_1_275' title='bbox 1083 2259 1149 2313; x_wconf 92' lang='lat' dir='ltr'>meis</span> <span class='ocrx_word' id='word_1_276' title='bbox 1168 2259 1293 2331; x_wconf 89' lang='lat' dir='ltr'>partibus</span> <span class='ocrx_word' id='word_1_277' title='bbox 1313 2257 1504 2311; x_wconf 84' lang='lat' dir='ltr'>astronomiae</span> <span class='ocrx_word' id='word_1_278' title='bbox 1522 2269 1572 2306; x_wconf 91' lang='lat' dir='ltr'>una</span> 
     </span>
     <span class='ocr_line' id='line_1_25' title="bbox 214 2336 1570 2411; baseline -0.004 -20"><span class='ocrx_word' id='word_1_279' title='bbox 214 2338 370 2392; x_wconf 78' lang='lat' dir='ltr'>faventem:</span> <span class='ocrx_word' id='word_1_280' title='bbox 399 2356 481 2410; x_wconf 90' lang='lat' dir='ltr'>posse</span> <span class='ocrx_word' id='word_1_281' title='bbox 503 2341 646 2411; x_wconf 83' lang='lat' dir='ltr'>negotium</span> <span class='ocrx_word' id='word_1_282' title='bbox 667 2340 775 2404; x_wconf 86' lang='lat' dir='ltr'>confici,</span> <span class='ocrx_word' id='word_1_283' title='bbox 806 2356 856 2409; x_wconf 92' lang='lat' dir='ltr'>pro</span> <span class='ocrx_word' id='word_1_284' title='bbox 884 2356 937 2409; x_wconf 91' lang='lat' dir='ltr'>quo</span> <span class='ocrx_word' id='word_1_285' title='bbox 966 2356 1020 2410; x_wconf 90' lang='lat' dir='ltr'>ego</span> <span class='ocrx_word' id='word_1_286' title='bbox 1042 2357 1095 2393; x_wconf 90' lang='lat' dir='ltr'>non</span> <span class='ocrx_word' id='word_1_287' title='bbox 1116 2355 1205 2394; x_wconf 89' lang='lat' dir='ltr'>essem</span> <span class='ocrx_word' id='word_1_288' title='bbox 1225 2339 1364 2410; x_wconf 86' lang='lat' dir='ltr'>ingratus.</span> <span class='ocrx_word' id='word_1_289' title='bbox 1407 2336 1494 2389; x_wconf 83' lang='lat' dir='ltr'>Alter</span> <span class='ocrx_word' id='word_1_290' title='bbox 1514 2350 1570 2386; x_wconf 89' lang='lat' dir='ltr'>rere</span> 
     </span>
     <span class='ocr_line' id='line_1_26' title="bbox 212 2417 1571 2491; baseline -0.004 -19"><span class='ocrx_word' id='word_1_291' title='bbox 212 2417 302 2487; x_wconf 88' lang='lat' dir='ltr'>major</span> <span class='ocrx_word' id='word_1_292' title='bbox 321 2435 364 2471; x_wconf 90' lang='lat' dir='ltr'>me</span> <span class='ocrx_word' id='word_1_293' title='bbox 385 2420 530 2489; x_wconf 90' lang='lat' dir='ltr'>scrupulus</span> <span class='ocrx_word' id='word_1_294' title='bbox 552 2428 644 2491; x_wconf 89' lang='lat' dir='ltr'>urget.</span> <span class='ocrx_word' id='word_1_295' title='bbox 686 2420 819 2491; x_wconf 84' lang='lat' dir='ltr'>Privigna</span> <span class='ocrx_word' id='word_1_296' title='bbox 848 2420 913 2473; x_wconf 90' lang='lat' dir='ltr'>mihi</span> <span class='ocrx_word' id='word_1_297' title='bbox 941 2426 985 2472; x_wconf 91' lang='lat' dir='ltr'>est</span> <span class='ocrx_word' id='word_1_298' title='bbox 1014 2418 1060 2471; x_wconf 88' lang='lat' dir='ltr'>hic</span> <span class='ocrx_word' id='word_1_299' title='bbox 1091 2419 1198 2489; x_wconf 90' lang='lat' dir='ltr'>quidem</span> <span class='ocrx_word' id='word_1_300' title='bbox 1219 2419 1332 2488; x_wconf 84' lang='lat' dir='ltr'>Pragae</span> <span class='ocrx_word' id='word_1_301' title='bbox 1363 2417 1442 2485; x_wconf 89' lang='lat' dir='ltr'>apud</span> <span class='ocrx_word' id='word_1_302' title='bbox 1464 2423 1571 2468; x_wconf 85' lang='lat' dir='ltr'>matrem</span> 
     </span>
     <span class='ocr_line' id='line_1_27' title="bbox 214 2492 1572 2572; baseline -0.004 -21"><span class='ocrx_word' id='word_1_303' title='bbox 214 2514 293 2552; x_wconf 91' lang='lat' dir='ltr'>suam</span> <span class='ocrx_word' id='word_1_304' title='bbox 314 2497 400 2567; x_wconf 79' lang='lat' dir='ltr'>(quod</span> <span class='ocrx_word' id='word_1_305' title='bbox 422 2499 449 2552; x_wconf 91' lang='lat' dir='ltr'>in</span> <span class='ocrx_word' id='word_1_306' title='bbox 470 2501 595 2553; x_wconf 88' lang='lat' dir='ltr'>beneficii</span> <span class='ocrx_word' id='word_1_307' title='bbox 616 2509 697 2569; x_wconf 88' lang='lat' dir='ltr'>parte</span> <span class='ocrx_word' id='word_1_308' title='bbox 719 2517 842 2572; x_wconf 88' lang='lat' dir='ltr'>agnosco</span> <span class='ocrx_word' id='word_1_309' title='bbox 863 2499 904 2553; x_wconf 90' lang='lat' dir='ltr'>ita</span> <span class='ocrx_word' id='word_1_310' title='bbox 922 2498 1085 2568; x_wconf 87' lang='lat' dir='ltr'>permissum</span> <span class='ocrx_word' id='word_1_311' title='bbox 1106 2494 1193 2564; x_wconf 89' lang='lat' dir='ltr'>esse),</span> <span class='ocrx_word' id='word_1_312' title='bbox 1219 2497 1298 2567; x_wconf 77' lang='lat' dir='ltr'>cujus</span> <span class='ocrx_word' id='word_1_313' title='bbox 1326 2497 1402 2550; x_wconf 89' lang='lat' dir='ltr'>bona</span> <span class='ocrx_word' id='word_1_314' title='bbox 1435 2495 1465 2549; x_wconf 93' lang='lat' dir='ltr'>in</span> <span class='ocrx_word' id='word_1_315' title='bbox 1485 2492 1572 2564; x_wconf 74' lang='lat' dir='ltr'>styria</span> 
     </span>
     <span class='ocr_line' id='line_1_28' title="bbox 214 2576 1571 2648; baseline -0.004 -16"><span class='ocrx_word' id='word_1_316' title='bbox 214 2580 266 2632; x_wconf 92' lang='lat' dir='ltr'>sub</span> <span class='ocrx_word' id='word_1_317' title='bbox 289 2579 426 2632; x_wconf 91' lang='lat' dir='ltr'>tutoribus</span> <span class='ocrx_word' id='word_1_318' title='bbox 448 2588 513 2633; x_wconf 90' lang='lat' dir='ltr'>suut</span> <span class='ocrx_word' id='word_1_319' title='bbox 533 2598 587 2634; x_wconf 91' lang='lat' dir='ltr'>non</span> <span class='ocrx_word' id='word_1_320' title='bbox 607 2581 718 2634; x_wconf 88' lang='lat' dir='ltr'>minoris</span> <span class='ocrx_word' id='word_1_321' title='bbox 740 2579 888 2634; x_wconf 86' lang='lat' dir='ltr'>aestimata</span> <span class='ocrx_word' id='word_1_322' title='bbox 909 2580 1001 2632; x_wconf 84' lang='lat' dir='ltr'>decem</span> <span class='ocrx_word' id='word_1_323' title='bbox 1022 2578 1136 2632; x_wconf 90' lang='lat' dir='ltr'>millium</span> <span class='ocrx_word' id='word_1_324' title='bbox 1157 2580 1191 2632; x_wconf 89' lang='lat' dir='ltr'>de</span> <span class='ocrx_word' id='word_1_325' title='bbox 1212 2576 1312 2648; x_wconf 91' lang='lat' dir='ltr'>potiori</span> <span class='ocrx_word' id='word_1_326' title='bbox 1334 2583 1418 2646; x_wconf 83' lang='lat' dir='ltr'>parte</span> <span class='ocrx_word' id='word_1_327' title='bbox 1447 2591 1571 2645; x_wconf 84' lang='lat' dir='ltr'>praesen·</span> 
     </span>
     <span class='ocr_line' id='line_1_29' title="bbox 215 2655 1571 2730; baseline -0.004 -20"><span class='ocrx_word' id='word_1_328' title='bbox 215 2658 251 2711; x_wconf 94' lang='lat' dir='ltr'>tis</span> <span class='ocrx_word' id='word_1_329' title='bbox 272 2659 417 2727; x_wconf 88' lang='lat' dir='ltr'>pecuniae.</span> <span class='ocrx_word' id='word_1_330' title='bbox 454 2660 573 2728; x_wconf 89' lang='lat' dir='ltr'>Propter</span> <span class='ocrx_word' id='word_1_331' title='bbox 594 2660 727 2715; x_wconf 90' lang='lat' dir='ltr'>alimenta</span> <span class='ocrx_word' id='word_1_332' title='bbox 746 2659 807 2730; x_wconf 87' lang='lat' dir='ltr'>ejus</span> <span class='ocrx_word' id='word_1_333' title='bbox 829 2658 976 2729; x_wconf 78' lang='lat' dir='ltr'>privignae</span> <span class='ocrx_word' id='word_1_334' title='bbox 998 2659 1134 2713; x_wconf 84' lang='lat' dir='ltr'>debentur</span> <span class='ocrx_word' id='word_1_335' title='bbox 1153 2657 1219 2712; x_wconf 87' lang='lat' dir='ltr'>mihi</span> <span class='ocrx_word' id='word_1_336' title='bbox 1240 2655 1388 2729; x_wconf 85' lang='lat' dir='ltr'>quotannis</span> <span class='ocrx_word' id='word_1_337' title='bbox 1411 2657 1450 2710; x_wconf 90' lang='lat' dir='ltr'>ad</span> <span class='ocrx_word' id='word_1_338' title='bbox 1473 2655 1510 2708; x_wconf 81' lang='lat'>70</span> <span class='ocrx_word' id='word_1_339' title='bbox 1529 2655 1571 2706; x_wconf 81' lang='lat' dir='ltr'>do·</span> 
     </span>
     <span class='ocr_line' id='line_1_30' title="bbox 214 2734 1571 2811; baseline -0.004 -19"><span class='ocrx_word' id='word_1_340' title='bbox 214 2754 294 2792; x_wconf 91' lang='lat' dir='ltr'>renos</span> <span class='ocrx_word' id='word_1_341' title='bbox 316 2739 472 2809; x_wconf 88' lang='lat' dir='ltr'>praesentis</span> <span class='ocrx_word' id='word_1_342' title='bbox 494 2741 644 2810; x_wconf 87' lang='lat' dir='ltr'>pecuniae,</span> <span class='ocrx_word' id='word_1_343' title='bbox 671 2747 701 2794; x_wconf 92' lang='lat' dir='ltr'>et</span> <span class='ocrx_word' id='word_1_344' title='bbox 727 2745 876 2811; x_wconf 86' lang='lat' dir='ltr'>praeterea</span> <span class='ocrx_word' id='word_1_345' title='bbox 903 2754 968 2792; x_wconf 90' lang='lat' dir='ltr'>usus</span> <span class='ocrx_word' id='word_1_346' title='bbox 997 2739 1102 2793; x_wconf 85' lang='lat' dir='ltr'>fructus</span> <span class='ocrx_word' id='word_1_347' title='bbox 1128 2738 1227 2792; x_wconf 84' lang='lat' dir='ltr'>vineae</span> <span class='ocrx_word' id='word_1_348' title='bbox 1251 2743 1282 2790; x_wconf 90' lang='lat' dir='ltr'>et</span> <span class='ocrx_word' id='word_1_349' title='bbox 1311 2736 1424 2790; x_wconf 86' lang='lat' dir='ltr'>aedium</span> <span class='ocrx_word' id='word_1_350' title='bbox 1452 2735 1481 2788; x_wconf 90' lang='lat' dir='ltr'>in</span> <span class='ocrx_word' id='word_1_351' title='bbox 1501 2734 1571 2787; x_wconf 88' lang='lat' dir='ltr'>urbe.</span> 
     </span>
     <span class='ocr_line' id='line_1_31' title="bbox 212 2815 1572 2890; baseline -0.006 -17"><span class='ocrx_word' id='word_1_352' title='bbox 212 2817 266 2873; x_wconf 87' lang='lat' dir='ltr'>Hic</span> <span class='ocrx_word' id='word_1_353' title='bbox 287 2835 342 2871; x_wconf 91' lang='lat' dir='ltr'>non</span> <span class='ocrx_word' id='word_1_354' title='bbox 362 2826 470 2873; x_wconf 86' lang='lat' dir='ltr'>tantum</span> <span class='ocrx_word' id='word_1_355' title='bbox 491 2837 563 2874; x_wconf 84' lang='lat' dir='ltr'>uxor</span> <span class='ocrx_word' id='word_1_356' title='bbox 583 2838 645 2874; x_wconf 89' lang='lat' dir='ltr'>mea</span> <span class='ocrx_word' id='word_1_357' title='bbox 666 2821 784 2874; x_wconf 90' lang='lat' dir='ltr'>sollicite</span> <span class='ocrx_word' id='word_1_358' title='bbox 805 2820 905 2882; x_wconf 89' lang='lat' dir='ltr'>instat,</span> <span class='ocrx_word' id='word_1_359' title='bbox 932 2824 965 2872; x_wconf 89' lang='lat' dir='ltr'>ut</span> <span class='ocrx_word' id='word_1_360' title='bbox 984 2819 1030 2872; x_wconf 80' lang='lat' dir='ltr'>rel</span> <span class='ocrx_word' id='word_1_361' title='bbox 1051 2819 1151 2872; x_wconf 85' lang='lat' dir='ltr'>saltem</span> <span class='ocrx_word' id='word_1_362' title='bbox 1172 2817 1294 2890; x_wconf 86' lang='lat' dir='ltr'>aliquam</span> <span class='ocrx_word' id='word_1_363' title='bbox 1314 2815 1477 2887; x_wconf 84' lang='lat' dir='ltr'>portionem</span> <span class='ocrx_word' id='word_1_364' title='bbox 1497 2820 1572 2868; x_wconf 84' lang='lat' dir='ltr'>extra</span> 
     </span>
     <span class='ocr_line' id='line_1_32' title="bbox 213 2895 1574 2972; baseline -0.003 -21"><span class='ocrx_word' id='word_1_365' title='bbox 213 2898 313 2952; x_wconf 89' lang='lat' dir='ltr'>limites</span> <span class='ocrx_word' id='word_1_366' title='bbox 335 2898 446 2971; x_wconf 82' lang='lat' dir='ltr'>Styriae</span> <span class='ocrx_word' id='word_1_367' title='bbox 467 2907 574 2954; x_wconf 90' lang='lat' dir='ltr'>tutores</span> <span class='ocrx_word' id='word_1_368' title='bbox 596 2903 737 2972; x_wconf 87' lang='lat' dir='ltr'>deponant</span> <span class='ocrx_word' id='word_1_369' title='bbox 757 2905 872 2970; x_wconf 85' lang='lat' dir='ltr'>propter</span> <span class='ocrx_word' id='word_1_370' title='bbox 892 2898 1085 2954; x_wconf 87' lang='lat' dir='ltr'>securitatem:</span> <span class='ocrx_word' id='word_1_371' title='bbox 1118 2914 1235 2970; x_wconf 91' lang='lat' dir='ltr'>aequum</span> <span class='ocrx_word' id='word_1_372' title='bbox 1256 2897 1329 2950; x_wconf 92' lang='lat' dir='ltr'>enim</span> <span class='ocrx_word' id='word_1_373' title='bbox 1349 2912 1434 2959; x_wconf 87' lang='lat' dir='ltr'>esse,</span> <span class='ocrx_word' id='word_1_374' title='bbox 1467 2901 1498 2949; x_wconf 90' lang='lat' dir='ltr'>ut</span> <span class='ocrx_word' id='word_1_375' title='bbox 1518 2895 1574 2963; x_wconf 81' lang='lat' dir='ltr'>ipsa</span> 
     </span>
     <span class='ocr_line' id='line_1_33' title="bbox 213 2972 1573 3051; baseline -0.003 -19"><span class='ocrx_word' id='word_1_376' title='bbox 213 2995 321 3050; x_wconf 92' lang='lat' dir='ltr'>quoque</span> <span class='ocrx_word' id='word_1_377' title='bbox 342 2979 369 3032; x_wconf 91' lang='lat' dir='ltr'>in</span> <span class='ocrx_word' id='word_1_378' title='bbox 390 2986 471 3048; x_wconf 88' lang='lat' dir='ltr'>parte</span> <span class='ocrx_word' id='word_1_379' title='bbox 494 2983 601 3035; x_wconf 89' lang='lat' dir='ltr'>tutelae</span> <span class='ocrx_word' id='word_1_380' title='bbox 622 2981 675 3046; x_wconf 87' lang='lat' dir='ltr'>sit,</span> <span class='ocrx_word' id='word_1_381' title='bbox 707 2997 796 3051; x_wconf 90' lang='lat' dir='ltr'>neque</span> <span class='ocrx_word' id='word_1_382' title='bbox 817 2981 917 3034; x_wconf 87' lang='lat' dir='ltr'>absens</span> <span class='ocrx_word' id='word_1_383' title='bbox 943 2985 973 3031; x_wconf 88' lang='lat' dir='ltr'>et</span> <span class='ocrx_word' id='word_1_384' title='bbox 999 2978 1106 3033; x_wconf 89' lang='lat' dir='ltr'>omnino</span> <span class='ocrx_word' id='word_1_385' title='bbox 1128 2994 1146 3032; x_wconf 89' lang='lat' dir='ltr'>a</span> <span class='ocrx_word' id='word_1_386' title='bbox 1166 2976 1336 3032; x_wconf 85' lang='lat' dir='ltr'>conscientia</span> <span class='ocrx_word' id='word_1_387' title='bbox 1354 2975 1444 3046; x_wconf 69' lang='lat' dir='ltr'>umus</span> <span class='ocrx_word' id='word_1_388' title='bbox 1467 2972 1573 3029; x_wconf 87' lang='lat' dir='ltr'>admini-</span> 
     </span>
     <span class='ocr_line' id='line_1_34' title="bbox 213 3052 1573 3133; baseline -0.004 -20"><span class='ocrx_word' id='word_1_389' title='bbox 213 3059 355 3113; x_wconf 88' lang='lat' dir='ltr'>strationis</span> <span class='ocrx_word' id='word_1_390' title='bbox 377 3067 491 3126; x_wconf 88' lang='lat' dir='ltr'>remota,</span> <span class='ocrx_word' id='word_1_391' title='bbox 514 3061 578 3116; x_wconf 92' lang='lat' dir='ltr'>olim</span> <span class='ocrx_word' id='word_1_392' title='bbox 600 3063 749 3133; x_wconf 87' lang='lat' dir='ltr'>neglectae</span> <span class='ocrx_word' id='word_1_393' title='bbox 770 3067 913 3115; x_wconf 84' lang='lat' dir='ltr'>maternae</span> <span class='ocrx_word' id='word_1_394' title='bbox 933 3056 1123 3128; x_wconf 85' lang='lat' dir='ltr'>providentiae</span> <span class='ocrx_word' id='word_1_395' title='bbox 1144 3057 1269 3113; x_wconf 89' lang='lat' dir='ltr'>accusari</span> <span class='ocrx_word' id='word_1_396' title='bbox 1282 3056 1388 3128; x_wconf 88' lang='lat' dir='ltr'>possit;</span> <span class='ocrx_word' id='word_1_397' title='bbox 1412 3052 1573 3127; x_wconf 82' lang='lat' dir='ltr'>praesertim</span> 
     </span>
     <span class='ocr_line' id='line_1_35' title="bbox 214 3136 1573 3210; baseline -0.004 -17"><span class='ocrx_word' id='word_1_398' title='bbox 214 3156 274 3193; x_wconf 90' lang='lat' dir='ltr'>cum</span> <span class='ocrx_word' id='word_1_399' title='bbox 296 3145 412 3203; x_wconf 86' lang='lat' dir='ltr'>constet,</span> <span class='ocrx_word' id='word_1_400' title='bbox 436 3141 553 3194; x_wconf 90' lang='lat' dir='ltr'>alterum</span> <span class='ocrx_word' id='word_1_401' title='bbox 576 3149 697 3196; x_wconf 89' lang='lat' dir='ltr'>tutorum</span> <span class='ocrx_word' id='word_1_402' title='bbox 719 3141 826 3210; x_wconf 90' lang='lat' dir='ltr'>aliquot</span> <span class='ocrx_word' id='word_1_403' title='bbox 846 3138 934 3193; x_wconf 90' lang='lat' dir='ltr'>millia</span> <span class='ocrx_word' id='word_1_404' title='bbox 954 3137 1039 3208; x_wconf 86' lang='lat' dir='ltr'>hujus</span> <span class='ocrx_word' id='word_1_405' title='bbox 1059 3138 1216 3209; x_wconf 86' lang='lat' dir='ltr'>praesentis</span> <span class='ocrx_word' id='word_1_406' title='bbox 1236 3136 1371 3210; x_wconf 88' lang='lat' dir='ltr'>pecuniae</span> <span class='ocrx_word' id='word_1_407' title='bbox 1386 3142 1487 3192; x_wconf 87' lang='lat' dir='ltr'>mutuo</span> <span class='ocrx_word' id='word_1_408' title='bbox 1508 3149 1573 3188; x_wconf 90' lang='lat' dir='ltr'>sum·</span> 
     </span>
     <span class='ocr_line' id='line_1_36' title="bbox 214 3214 1572 3290; baseline -0.005 -18"><span class='ocrx_word' id='word_1_409' title='bbox 214 3219 282 3272; x_wconf 92' lang='lat' dir='ltr'>sisse</span> <span class='ocrx_word' id='word_1_410' title='bbox 304 3227 334 3272; x_wconf 95' lang='lat' dir='ltr'>et</span> <span class='ocrx_word' id='word_1_411' title='bbox 354 3220 469 3290; x_wconf 87' lang='lat' dir='ltr'>praedia</span> <span class='ocrx_word' id='word_1_412' title='bbox 490 3238 540 3289; x_wconf 92' lang='lat' dir='ltr'>pro</span> <span class='ocrx_word' id='word_1_413' title='bbox 561 3239 591 3274; x_wconf 92' lang='lat' dir='ltr'>se</span> <span class='ocrx_word' id='word_1_414' title='bbox 613 3223 711 3275; x_wconf 90' lang='lat' dir='ltr'>emisse</span> <span class='ocrx_word' id='word_1_415' title='bbox 733 3239 786 3274; x_wconf 93' lang='lat' dir='ltr'>non</span> <span class='ocrx_word' id='word_1_416' title='bbox 817 3221 960 3274; x_wconf 65' lang='lat' dir='ltr'>admmum</span> <span class='ocrx_word' id='word_1_417' title='bbox 992 3224 1068 3280; x_wconf 81' lang='lat' dir='ltr'>tuta3</span> <span class='ocrx_word' id='word_1_418' title='bbox 1101 3219 1148 3272; x_wconf 92' lang='lat' dir='ltr'>sed</span> <span class='ocrx_word' id='word_1_419' title='bbox 1177 3218 1262 3273; x_wconf 88' lang='lat' dir='ltr'>etiam</span> <span class='ocrx_word' id='word_1_420' title='bbox 1281 3217 1342 3289; x_wconf 89' lang='lat' dir='ltr'>ipse</span> <span class='ocrx_word' id='word_1_421' title='bbox 1362 3232 1420 3288; x_wconf 87' lang='lat' dir='ltr'>ego</span> <span class='ocrx_word' id='word_1_422' title='bbox 1440 3214 1572 3285; x_wconf 87' lang='lat' dir='ltr'>talequid</span> 
     </span>
     <span class='ocr_line' id='line_1_37' title="bbox 213 3296 1574 3372; baseline -0.002 -22"><span class='ocrx_word' id='word_1_423' title='bbox 213 3298 344 3368; x_wconf 88' lang='lat' dir='ltr'>percupio</span> <span class='ocrx_word' id='word_1_424' title='bbox 366 3299 440 3362; x_wconf 85' lang='lat' dir='ltr'>fieri,</span> <span class='ocrx_word' id='word_1_425' title='bbox 464 3308 496 3352; x_wconf 90' lang='lat' dir='ltr'>ut</span> <span class='ocrx_word' id='word_1_426' title='bbox 515 3300 538 3353; x_wconf 90' lang='lat' dir='ltr'>si</span> <span class='ocrx_word' id='word_1_427' title='bbox 560 3319 613 3371; x_wconf 92' lang='lat' dir='ltr'>quo</span> <span class='ocrx_word' id='word_1_428' title='bbox 635 3302 746 3372; x_wconf 87' lang='lat' dir='ltr'>longius</span> <span class='ocrx_word' id='word_1_429' title='bbox 769 3317 786 3354; x_wconf 89' lang='lat' dir='ltr'>a</span> <span class='ocrx_word' id='word_1_430' title='bbox 806 3299 902 3372; x_wconf 81' lang='lat' dir='ltr'>Styria</span> <span class='ocrx_word' id='word_1_431' title='bbox 923 3300 1029 3362; x_wconf 83' lang='lat' dir='ltr'>abeam,</span> <span class='ocrx_word' id='word_1_432' title='bbox 1053 3297 1253 3369; x_wconf 85' lang='lat' dir='ltr'>expeditiorem</span> <span class='ocrx_word' id='word_1_433' title='bbox 1274 3299 1397 3352; x_wconf 86' lang='lat' dir='ltr'>habeam</span> <span class='ocrx_word' id='word_1_434' title='bbox 1418 3296 1574 3367; x_wconf 85' lang='lat' dir='ltr'>pensionem</span> 
     </span>
     <span class='ocr_line' id='line_1_38' title="bbox 213 3376 1573 3450; baseline -0.002 -19"><span class='ocrx_word' id='word_1_435' title='bbox 213 3378 309 3440; x_wconf 87' lang='lat' dir='ltr'>illam,</span> <span class='ocrx_word' id='word_1_436' title='bbox 331 3380 363 3431; x_wconf 92' lang='lat' dir='ltr'>de</span> <span class='ocrx_word' id='word_1_437' title='bbox 386 3396 441 3449; x_wconf 89' lang='lat' dir='ltr'>qua</span> <span class='ocrx_word' id='word_1_438' title='bbox 462 3382 540 3433; x_wconf 91' lang='lat' dir='ltr'>modo</span> <span class='ocrx_word' id='word_1_439' title='bbox 561 3381 627 3436; x_wconf 82' lang='lat' dir='ltr'>dixi.</span> <span class='ocrx_word' id='word_1_440' title='bbox 669 3382 740 3436; x_wconf 90' lang='lat' dir='ltr'>Nam</span> <span class='ocrx_word' id='word_1_441' title='bbox 761 3382 813 3434; x_wconf 88' lang='lat' dir='ltr'>hoc</span> <span class='ocrx_word' id='word_1_442' title='bbox 834 3379 943 3450; x_wconf 89' lang='lat' dir='ltr'>quidem</span> <span class='ocrx_word' id='word_1_443' title='bbox 964 3386 1087 3448; x_wconf 89' lang='lat' dir='ltr'>tempore</span> <span class='ocrx_word' id='word_1_444' title='bbox 1109 3377 1295 3450; x_wconf 87' lang='lat' dir='ltr'>cogitationes</span> <span class='ocrx_word' id='word_1_445' title='bbox 1315 3393 1398 3432; x_wconf 90' lang='lat' dir='ltr'>meae</span> <span class='ocrx_word' id='word_1_446' title='bbox 1420 3376 1573 3431; x_wconf 77' lang='lat' dir='ltr'>distraham</span> 
     </span>
     <span class='ocr_line' id='line_1_39' title="bbox 213 3455 1573 3529; baseline -0.004 -16"><span class='ocrx_word' id='word_1_447' title='bbox 213 3466 266 3522; x_wconf 86' lang='lat' dir='ltr'>tur,</span> <span class='ocrx_word' id='word_1_448' title='bbox 288 3466 321 3511; x_wconf 89' lang='lat' dir='ltr'>ut</span> <span class='ocrx_word' id='word_1_449' title='bbox 341 3457 382 3511; x_wconf 89' lang='lat' dir='ltr'>ita</span> <span class='ocrx_word' id='word_1_450' title='bbox 402 3458 524 3514; x_wconf 85' lang='lat' dir='ltr'>intentus</span> <span class='ocrx_word' id='word_1_451' title='bbox 547 3479 608 3515; x_wconf 88' lang='lat' dir='ltr'>esse</span> <span class='ocrx_word' id='word_1_452' title='bbox 629 3463 663 3515; x_wconf 89' lang='lat' dir='ltr'>ad</span> <span class='ocrx_word' id='word_1_453' title='bbox 685 3461 778 3515; x_wconf 89' lang='lat' dir='ltr'>studia</span> <span class='ocrx_word' id='word_1_454' title='bbox 799 3478 853 3514; x_wconf 92' lang='lat' dir='ltr'>non</span> <span class='ocrx_word' id='word_1_455' title='bbox 874 3457 984 3529; x_wconf 89' lang='lat' dir='ltr'>possim,</span> <span class='ocrx_word' id='word_1_456' title='bbox 1002 3457 1064 3528; x_wconf 86' lang='lat' dir='ltr'>jam</span> <span class='ocrx_word' id='word_1_457' title='bbox 1084 3475 1134 3528; x_wconf 90' lang='lat' dir='ltr'>pro</span> <span class='ocrx_word' id='word_1_458' title='bbox 1154 3459 1217 3512; x_wconf 92' lang='lat' dir='ltr'>dote</span> <span class='ocrx_word' id='word_1_459' title='bbox 1236 3458 1332 3512; x_wconf 86' lang='lat' dir='ltr'>uxoris</span> <span class='ocrx_word' id='word_1_460' title='bbox 1351 3456 1502 3521; x_wconf 83' lang='lat' dir='ltr'>sollicitus,</span> <span class='ocrx_word' id='word_1_461' title='bbox 1519 3455 1573 3524; x_wconf 87' lang='lat' dir='ltr'>jam</span> 
     </span>
     <span class='ocr_line' id='line_1_40' title="bbox 212 3533 1572 3613; baseline -0.004 -21"><span class='ocrx_word' id='word_1_462' title='bbox 212 3554 306 3593; x_wconf 90' lang='lat' dir='ltr'>curam</span> <span class='ocrx_word' id='word_1_463' title='bbox 327 3555 416 3610; x_wconf 88' lang='lat' dir='ltr'>agens</span> <span class='ocrx_word' id='word_1_464' title='bbox 437 3540 544 3595; x_wconf 87' lang='lat' dir='ltr'>aedium</span> <span class='ocrx_word' id='word_1_465' title='bbox 564 3542 721 3613; x_wconf 81' lang='lat' dir='ltr'>privignae,</span> <span class='ocrx_word' id='word_1_466' title='bbox 740 3540 800 3611; x_wconf 86' lang='lat' dir='ltr'>jam</span> <span class='ocrx_word' id='word_1_467' title='bbox 818 3541 916 3594; x_wconf 82' lang='lat' dir='ltr'>vineae</span> <span class='ocrx_word' id='word_1_468' title='bbox 935 3538 1072 3593; x_wconf 87' lang='lat' dir='ltr'>culturam</span> <span class='ocrx_word' id='word_1_469' title='bbox 1090 3544 1224 3604; x_wconf 87' lang='lat' dir='ltr'>tractans,</span> <span class='ocrx_word' id='word_1_470' title='bbox 1242 3538 1304 3609; x_wconf 83' lang='lat' dir='ltr'>jam</span> <span class='ocrx_word' id='word_1_471' title='bbox 1323 3537 1463 3592; x_wconf 85' lang='lat' dir='ltr'>alimenta</span> <span class='ocrx_word' id='word_1_472' title='bbox 1477 3533 1572 3590; x_wconf 86' lang='lat' dir='ltr'>crebris</span> 
     </span>
     <span class='ocr_line' id='line_1_41' title="bbox 212 3619 478 3689; baseline 0.008 -17"><span class='ocrx_word' id='word_1_473' title='bbox 212 3619 301 3674; x_wconf 86' lang='lat' dir='ltr'>literis</span> <span class='ocrx_word' id='word_1_474' title='bbox 323 3636 478 3689; x_wconf 88' lang='lat' dir='ltr'>reposcens.</span> 
     </span>
    </p>

    <p class='ocr_par' dir='ltr' id='par_1_3' title="bbox 211 3696 1573 3995">
     <span class='ocr_line' id='line_1_42' title="bbox 301 3696 1573 3772; baseline -0.002 -20"><span class='ocrx_word' id='word_1_475' title='bbox 301 3701 380 3752; x_wconf 87' lang='lat' dir='ltr'>Haec</span> <span class='ocrx_word' id='word_1_476' title='bbox 395 3700 485 3754; x_wconf 90' lang='lat' dir='ltr'>omnia</span> <span class='ocrx_word' id='word_1_477' title='bbox 499 3700 616 3772; x_wconf 88' lang='lat' dir='ltr'>negotia</span> <span class='ocrx_word' id='word_1_478' title='bbox 628 3701 895 3771; x_wconf 90' lang='lat' dir='ltr'>multiplicabuntur,</span> <span class='ocrx_word' id='word_1_479' title='bbox 916 3699 983 3753; x_wconf 87' lang='lat' dir='ltr'>fient</span> <span class='ocrx_word' id='word_1_480' title='bbox 998 3698 1089 3752; x_wconf 87' lang='lat' dir='ltr'>omnia</span> <span class='ocrx_word' id='word_1_481' title='bbox 1103 3696 1256 3752; x_wconf 83' lang='lat' dir='ltr'>difficiliora</span> <span class='ocrx_word' id='word_1_482' title='bbox 1275 3697 1422 3769; x_wconf 84' lang='lat' dir='ltr'>expeditu,</span> <span class='ocrx_word' id='word_1_483' title='bbox 1445 3696 1468 3752; x_wconf 89' lang='lat' dir='ltr'>si</span> <span class='ocrx_word' id='word_1_484' title='bbox 1482 3697 1573 3768; x_wconf 79' lang='lat' dir='ltr'>Praga</span> 
     </span>
     <span class='ocr_line' id='line_1_43' title="bbox 214 3777 1572 3850; baseline -0.002 -17"><span class='ocrx_word' id='word_1_485' title='bbox 214 3779 377 3834; x_wconf 88' lang='lat' dir='ltr'>discessero.</span> <span class='ocrx_word' id='word_1_486' title='bbox 410 3780 540 3836; x_wconf 89' lang='lat' dir='ltr'>Miserum</span> <span class='ocrx_word' id='word_1_487' title='bbox 562 3798 613 3846; x_wconf 89' lang='lat' dir='ltr'>me,</span> <span class='ocrx_word' id='word_1_488' title='bbox 636 3781 678 3834; x_wconf 91' lang='lat' dir='ltr'>cui</span> <span class='ocrx_word' id='word_1_489' title='bbox 700 3782 770 3835; x_wconf 87' lang='lat' dir='ltr'>haec</span> <span class='ocrx_word' id='word_1_490' title='bbox 791 3780 854 3835; x_wconf 90' lang='lat' dir='ltr'>olim</span> <span class='ocrx_word' id='word_1_491' title='bbox 876 3778 943 3832; x_wconf 87' lang='lat' dir='ltr'>satis</span> <span class='ocrx_word' id='word_1_492' title='bbox 966 3779 1110 3848; x_wconf 89' lang='lat' dir='ltr'>splendida</span> <span class='ocrx_word' id='word_1_493' title='bbox 1127 3777 1188 3848; x_wconf 88' lang='lat' dir='ltr'>jam</span> <span class='ocrx_word' id='word_1_494' title='bbox 1209 3777 1279 3832; x_wconf 93' lang='lat' dir='ltr'>nulli</span> <span class='ocrx_word' id='word_1_495' title='bbox 1304 3785 1371 3832; x_wconf 88' lang='lat' dir='ltr'>sunt</span> <span class='ocrx_word' id='word_1_496' title='bbox 1392 3778 1474 3844; x_wconf 88' lang='lat' dir='ltr'>usui,</span> <span class='ocrx_word' id='word_1_497' title='bbox 1497 3791 1572 3850; x_wconf 81' lang='lat' dir='ltr'>quam</span> 
     </span>
     <span class='ocr_line' id='line_1_44' title="bbox 211 3852 1573 3931; baseline -0.003 -18"><span class='ocrx_word' id='word_1_498' title='bbox 211 3852 246 3914; x_wconf 81' lang='lat' dir='ltr'>ut</span> <span class='ocrx_word' id='word_1_499' title='bbox 266 3859 447 3914; x_wconf 87' lang='lat' dir='ltr'>difficiliorem</span> <span class='ocrx_word' id='word_1_500' title='bbox 468 3863 585 3915; x_wconf 91' lang='lat' dir='ltr'>reddant</span> <span class='ocrx_word' id='word_1_501' title='bbox 606 3861 791 3916; x_wconf 90' lang='lat' dir='ltr'>oeconomiam</span> <span class='ocrx_word' id='word_1_502' title='bbox 819 3867 904 3931; x_wconf 89' lang='lat' dir='ltr'>utque</span> <span class='ocrx_word' id='word_1_503' title='bbox 931 3876 1046 3913; x_wconf 85' lang='lat' dir='ltr'>uxorem</span> <span class='ocrx_word' id='word_1_504' title='bbox 1073 3866 1103 3912; x_wconf 87' lang='lat' dir='ltr'>et</span> <span class='ocrx_word' id='word_1_505' title='bbox 1132 3858 1288 3930; x_wconf 78' lang='lat' dir='ltr'>privignam</span> <span class='ocrx_word' id='word_1_506' title='bbox 1308 3859 1393 3913; x_wconf 89' lang='lat' dir='ltr'>lauta</span> <span class='ocrx_word' id='word_1_507' title='bbox 1414 3857 1480 3912; x_wconf 90' lang='lat' dir='ltr'>olim</span> <span class='ocrx_word' id='word_1_508' title='bbox 1501 3858 1573 3912; x_wconf 84' lang='lat' dir='ltr'>inre</span> 
     </span>
     <span class='ocr_line' id='line_1_45' title="bbox 214 3939 475 3995; baseline 0.011 -3"><span class='ocrx_word' id='word_1_509' title='bbox 214 3939 371 3993; x_wconf 90' lang='lat' dir='ltr'>sumtiosius</span> <span class='ocrx_word' id='word_1_510' title='bbox 393 3941 475 3995; x_wconf 88' lang='lat' dir='ltr'>alam.</span> 
     </span>
    </p>

    <p class='ocr_par' dir='ltr' id='par_1_4' title="bbox 214 4016 1572 4240">
     <span class='ocr_line' id='line_1_46' title="bbox 304 4016 1572 4091; baseline -0.004 -19"><span class='ocrx_word' id='word_1_511' title='bbox 304 4021 383 4074; x_wconf 87' lang='lat' dir='ltr'>Haec</span> <span class='ocrx_word' id='word_1_512' title='bbox 403 4019 505 4091; x_wconf 87' lang='lat' dir='ltr'>itaque,</span> <span class='ocrx_word' id='word_1_513' title='bbox 529 4029 560 4075; x_wconf 93' lang='lat' dir='ltr'>ut</span> <span class='ocrx_word' id='word_1_514' title='bbox 580 4022 658 4076; x_wconf 91' lang='lat' dir='ltr'>initio</span> <span class='ocrx_word' id='word_1_515' title='bbox 680 4022 746 4084; x_wconf 82' lang='lat' dir='ltr'>dixi,</span> <span class='ocrx_word' id='word_1_516' title='bbox 768 4022 801 4074; x_wconf 90' lang='lat' dir='ltr'>ad</span> <span class='ocrx_word' id='word_1_517' title='bbox 823 4020 993 4074; x_wconf 79' lang='lat' dir='ltr'>formandum</span> <span class='ocrx_word' id='word_1_518' title='bbox 1015 4018 1157 4074; x_wconf 90' lang='lat' dir='ltr'>consilium</span> <span class='ocrx_word' id='word_1_519' title='bbox 1174 4017 1315 4089; x_wconf 89' lang='lat' dir='ltr'>pertinere</span> <span class='ocrx_word' id='word_1_520' title='bbox 1335 4034 1397 4074; x_wconf 90' lang='lat' dir='ltr'>sum</span> <span class='ocrx_word' id='word_1_521' title='bbox 1415 4016 1572 4073; x_wconf 86' lang='lat' dir='ltr'>arbitratus.</span> 
     </span>
     <span class='ocr_line' id='line_1_47' title="bbox 214 4099 1570 4171; baseline -0.002 -17"><span class='ocrx_word' id='word_1_522' title='bbox 214 4100 346 4169; x_wconf 80' lang='lat' dir='ltr'>Tempus,</span> <span class='ocrx_word' id='word_1_523' title='bbox 375 4107 407 4153; x_wconf 93' lang='lat' dir='ltr'>ut</span> <span class='ocrx_word' id='word_1_524' title='bbox 432 4103 466 4154; x_wconf 91' lang='lat' dir='ltr'>ad</span> <span class='ocrx_word' id='word_1_525' title='bbox 492 4102 677 4171; x_wconf 81' lang='lat' dir='ltr'>pulcherrima</span> <span class='ocrx_word' id='word_1_526' title='bbox 702 4109 797 4155; x_wconf 92' lang='lat' dir='ltr'>nostra</span> <span class='ocrx_word' id='word_1_527' title='bbox 822 4100 915 4154; x_wconf 85' lang='lat' dir='ltr'>studia</span> <span class='ocrx_word' id='word_1_528' title='bbox 941 4115 1093 4153; x_wconf 88' lang='lat' dir='ltr'>sermonem</span> <span class='ocrx_word' id='word_1_529' title='bbox 1114 4099 1289 4154; x_wconf 80' lang='lat' dir='ltr'>transieram.</span> <span class='ocrx_word' id='word_1_530' title='bbox 1342 4102 1395 4168; x_wconf 73' lang='lat' dir='ltr'>(bx</span> <span class='ocrx_word' id='word_1_531' title='bbox 1413 4105 1491 4157; x_wconf 81' lang='lat' dir='ltr'>literis</span> <span class='ocrx_word' id='word_1_532' title='bbox 1510 4102 1570 4153; x_wconf 79' lang='lat' dir='ltr'>dd</span> 
     </span>
     <span class='ocr_line' id='line_1_48' title="bbox 216 4175 444 4240; baseline 0.009 -14"><span class='ocrx_word' id='word_1_533' title='bbox 216 4176 257 4226; x_wconf 83' lang='grc'>12.</span> <span class='ocrx_word' id='word_1_534' title='bbox 275 4177 333 4228; x_wconf 85' lang='lat' dir='ltr'>Jau.</span> <span class='ocrx_word' id='word_1_535' title='bbox 358 4175 444 4240; x_wconf 78' lang='lat'>1603).</span> 
     </span>
    </p>
   </div>
   <div class='ocr_carea' id='block_1_3' title="bbox 214 4262 1570 4401">
    <p class='ocr_par' dir='ltr' id='par_1_5' title="bbox 214 4262 1570 4401">
     <span class='ocr_line' id='line_1_49' title="bbox 303 4262 1570 4330; baseline 0.002 -16"><span class='ocrx_word' id='word_1_536' title='bbox 303 4264 377 4315; x_wconf 71' lang='lat' dir='ltr'>Brevi</span> <span class='ocrx_word' id='word_1_537' title='bbox 395 4272 451 4329; x_wconf 88' lang='lat' dir='ltr'>post</span> <span class='ocrx_word' id='word_1_538' title='bbox 471 4262 544 4329; x_wconf 73' lang='lat' dir='ltr'>(Mal.</span> <span class='ocrx_word' id='word_1_539' title='bbox 567 4264 646 4327; x_wconf 82' lang='grc'>1603)</span> <span class='ocrx_word' id='word_1_540' title='bbox 666 4268 769 4317; x_wconf 89' lang='lat' dir='ltr'>nunciat</span> <span class='ocrx_word' id='word_1_541' title='bbox 787 4265 909 4330; x_wconf 85' lang='lat' dir='ltr'>Keplerus</span> <span class='ocrx_word' id='word_1_542' title='bbox 928 4264 1074 4323; x_wconf 75' lang='lat' dir='ltr'>Herrarto.</span> <span class='ocrx_word' id='word_1_543' title='bbox 1093 4281 1194 4317; x_wconf 82' lang='lat' dir='ltr'>uxorem</span> <span class='ocrx_word' id='word_1_544' title='bbox 1211 4279 1282 4315; x_wconf 84' lang='lat' dir='ltr'>ruam</span> <span class='ocrx_word' id='word_1_545' title='bbox 1300 4265 1328 4314; x_wconf 91' lang='lat' dir='ltr'>in</span> <span class='ocrx_word' id='word_1_546' title='bbox 1347 4262 1461 4328; x_wconf 72' lang='lat' dir='ltr'>Styrianr</span> <span class='ocrx_word' id='word_1_547' title='bbox 1479 4264 1570 4316; x_wconf 69' lang='lat' dir='ltr'>abiise.</span> 
     </span>
     <span class='ocr_line' id='line_1_50' title="bbox 214 4333 1333 4401; baseline -0.003 -14"><span class='ocrx_word' id='word_1_548' title='bbox 214 4342 242 4387; x_wconf 87' lang='lat' dir='ltr'>ut</span> <span class='ocrx_word' id='word_1_549' title='bbox 260 4351 298 4387; x_wconf 87' lang='lat' dir='ltr'>res</span> <span class='ocrx_word' id='word_1_550' title='bbox 317 4351 376 4386; x_wconf 87' lang='lat' dir='ltr'>suae</span> <span class='ocrx_word' id='word_1_551' title='bbox 394 4339 450 4401; x_wconf 87' lang='lat' dir='ltr'>ipsa</span> <span class='ocrx_word' id='word_1_552' title='bbox 469 4343 574 4388; x_wconf 88' lang='lat' dir='ltr'>curaret.</span> <span class='ocrx_word' id='word_1_553' title='bbox 611 4338 793 4389; x_wconf 69' lang='lat' dir='ltr'>Hermartus</span> <span class='ocrx_word' id='word_1_554' title='bbox 814 4334 848 4399; x_wconf 83' lang='lat' dir='ltr'>(d.</span> <span class='ocrx_word' id='word_1_555' title='bbox 871 4333 912 4384; x_wconf 88' lang='grc'>17.</span> <span class='ocrx_word' id='word_1_556' title='bbox 932 4336 989 4386; x_wconf 80' lang='lat' dir='ltr'>iun.</span> <span class='ocrx_word' id='word_1_557' title='bbox 1012 4333 1094 4398; x_wconf 79' lang='lat'><strong>1603)</strong></span> <span class='ocrx_word' id='word_1_558' title='bbox 1112 4336 1176 4388; x_wconf 88' lang='lat' dir='ltr'>hacc</span> <span class='ocrx_word' id='word_1_559' title='bbox 1195 4335 1333 4401; x_wconf 88' lang='lat' dir='ltr'>respondlt:</span> 
     </span>
    </p>
   </div>
   <div class='ocr_carea' id='block_1_4' title="bbox 214 4410 1570 4562">
    <p class='ocr_par' dir='ltr' id='par_1_6' title="bbox 214 4410 1570 4562">
     <span class='ocr_line' id='line_1_51' title="bbox 303 4410 1570 4491; baseline 0.002 -17"><span class='ocrx_word' id='word_1_560' title='bbox 303 4425 378 4476; x_wconf 78' lang='lat' dir='ltr'>bdler</span> <span class='ocrx_word' id='word_1_561' title='bbox 396 4424 546 4476; x_wconf 84' lang='lat' dir='ltr'>Ehmrester</span> <span class='ocrx_word' id='word_1_562' title='bbox 564 4425 613 4475; x_wconf 92' lang='lat' dir='ltr'>und</span> <span class='ocrx_word' id='word_1_563' title='bbox 631 4425 833 4491; x_wconf 87' lang='lat' dir='ltr'>Hochgelehrter.</span> <span class='ocrx_word' id='word_1_564' title='bbox 870 4424 940 4476; x_wconf 83' lang='lat' dir='ltr'>Euoh</span> <span class='ocrx_word' id='word_1_565' title='bbox 967 4425 1037 4475; x_wconf 86' lang='lat' dir='ltr'>saind</span> <span class='ocrx_word' id='word_1_566' title='bbox 1065 4427 1148 4477; x_wconf 87' lang='lat' dir='ltr'>meins</span> <span class='ocrx_word' id='word_1_567' title='bbox 1171 4410 1350 4489; x_wconf 75' lang='lat' dir='ltr'>lrauadvillige</span> <span class='ocrx_word' id='word_1_568' title='bbox 1376 4423 1470 4476; x_wconf 75' lang='lat' dir='ltr'>nient</span> <span class='ocrx_word' id='word_1_569' title='bbox 1496 4422 1570 4476; x_wconf 60' lang='lat' dir='ltr'>brar.</span> 
     </span>
     <span class='ocr_line' id='line_1_52' title="bbox 214 4496 774 4562; baseline -0.002 -15"><span class='ocrx_word' id='word_1_570' title='bbox 214 4496 315 4547; x_wconf 84' lang='lat' dir='ltr'>sonders</span> <span class='ocrx_word' id='word_1_571' title='bbox 332 4496 410 4547; x_wconf 86' lang='lat' dir='ltr'>lieber</span> <span class='ocrx_word' id='word_1_572' title='bbox 428 4496 492 4546; x_wconf 89' lang='lat' dir='ltr'>Herr</span> <span class='ocrx_word' id='word_1_573' title='bbox 510 4496 561 4546; x_wconf 91' lang='lat' dir='ltr'>und</span> <span class='ocrx_word' id='word_1_574' title='bbox 579 4503 651 4562; x_wconf 88' lang='lat' dir='ltr'>guter</span> <span class='ocrx_word' id='word_1_575' title='bbox 668 4497 774 4548; x_wconf 83' lang='lat' dir='ltr'>Freund.</span> 
     </span>
    </p>
   </div>
   <div class='ocr_carea' id='block_1_5' title="bbox 215 4579 1571 4936">
    <p class='ocr_par' dir='ltr' id='par_1_7' title="bbox 215 4579 1571 4936">
     <span class='ocr_line' id='line_1_53' title="bbox 304 4579 1570 4643; baseline -0.005 -8"><span class='ocrx_word' id='word_1_576' title='bbox 304 4585 347 4635; x_wconf 92' lang='lat' dir='ltr'>Ich</span> <span class='ocrx_word' id='word_1_577' title='bbox 374 4586 424 4635; x_wconf 90' lang='lat' dir='ltr'>bab</span> <span class='ocrx_word' id='word_1_578' title='bbox 451 4587 497 4634; x_wconf 90' lang='lat' dir='ltr'>mit</span> <span class='ocrx_word' id='word_1_579' title='bbox 523 4585 578 4636; x_wconf 86' lang='lat' dir='ltr'>dem</span> <span class='ocrx_word' id='word_1_580' title='bbox 604 4585 684 4635; x_wconf 83' lang='lat' dir='ltr'>Herm</span> <span class='ocrx_word' id='word_1_581' title='bbox 708 4585 783 4635; x_wconf 86' lang='lat' dir='ltr'>Peter</span> <span class='ocrx_word' id='word_1_582' title='bbox 808 4584 896 4643; x_wconf 77' lang='lat' dir='ltr'>Cassi,</span> <span class='ocrx_word' id='word_1_583' title='bbox 924 4584 993 4635; x_wconf 88' lang='lat' dir='ltr'>Rath</span> <span class='ocrx_word' id='word_1_584' title='bbox 1016 4585 1067 4634; x_wconf 86' lang='lat' dir='ltr'>und</span> <span class='ocrx_word' id='word_1_585' title='bbox 1094 4582 1250 4635; x_wconf 82' lang='lat' dir='ltr'>Secretarisn</span> <span class='ocrx_word' id='word_1_586' title='bbox 1278 4580 1301 4633; x_wconf 86' lang='lat' dir='ltr'>J.</span> <span class='ocrx_word' id='word_1_587' title='bbox 1323 4582 1350 4632; x_wconf 77' lang='lat' dir='ltr'>F.</span> <span class='ocrx_word' id='word_1_588' title='bbox 1370 4582 1407 4634; x_wconf 90' lang='lat' dir='ltr'>D.</span> <span class='ocrx_word' id='word_1_589' title='bbox 1435 4579 1570 4634; x_wconf 75' lang='lat' dir='ltr'>Fordinsnd</span> 
     </span>
     <span class='ocr_line' id='line_1_54' title="bbox 215 4653 1570 4723; baseline -0.001 -19"><span class='ocrx_word' id='word_1_590' title='bbox 215 4670 261 4705; x_wconf 85' lang='lat' dir='ltr'>ron</span> <span class='ocrx_word' id='word_1_591' title='bbox 282 4656 425 4713; x_wconf 83' lang='lat' dir='ltr'>Oestreich,</span> <span class='ocrx_word' id='word_1_592' title='bbox 451 4671 537 4723; x_wconf 76' lang='lat' dir='ltr'>vogen</span> <span class='ocrx_word' id='word_1_593' title='bbox 557 4656 600 4706; x_wconf 89' lang='lat' dir='ltr'>des</span> <span class='ocrx_word' id='word_1_594' title='bbox 619 4656 700 4706; x_wconf 84' lang='lat' dir='ltr'>Herrn</span> <span class='ocrx_word' id='word_1_595' title='bbox 718 4656 1021 4722; x_wconf 82' lang='lat' dir='ltr'>Erbschaitshandlungen</span> <span class='ocrx_word' id='word_1_596' title='bbox 1039 4655 1150 4721; x_wconf 85' lang='lat' dir='ltr'>geredet.</span> <span class='ocrx_word' id='word_1_597' title='bbox 1187 4654 1221 4705; x_wconf 81' lang='lat' dir='ltr'>Er</span> <span class='ocrx_word' id='word_1_598' title='bbox 1244 4653 1291 4704; x_wconf 85' lang='lat' dir='ltr'>bat</span> <span class='ocrx_word' id='word_1_599' title='bbox 1313 4654 1368 4705; x_wconf 84' lang='lat' dir='ltr'>aleb</span> <span class='ocrx_word' id='word_1_600' title='bbox 1387 4656 1516 4713; x_wconf 63' lang='lat' dir='ltr'>mm,</span> <span class='ocrx_word' id='word_1_601' title='bbox 1534 4653 1570 4702; x_wconf 85' lang='lat' dir='ltr'>bei</span> 
     </span>
     <span class='ocr_line' id='line_1_55' title="bbox 215 4724 1571 4783; baseline -0.003 -6"><span class='ocrx_word' id='word_1_602' title='bbox 215 4727 264 4778; x_wconf 88' lang='lat' dir='ltr'>den</span> <span class='ocrx_word' id='word_1_603' title='bbox 283 4728 382 4778; x_wconf 88' lang='lat' dir='ltr'>Sachen</span> <span class='ocrx_word' id='word_1_604' title='bbox 401 4729 454 4778; x_wconf 86' lang='lat' dir='ltr'>sein</span> <span class='ocrx_word' id='word_1_605' title='bbox 473 4729 562 4778; x_wconf 82' lang='lat' dir='ltr'>Baetes</span> <span class='ocrx_word' id='word_1_606' title='bbox 581 4742 611 4776; x_wconf 83' lang='lat' dir='ltr'>su</span> <span class='ocrx_word' id='word_1_607' title='bbox 629 4726 699 4777; x_wconf 88' lang='lat' dir='ltr'>tbun.</span> <span class='ocrx_word' id='word_1_608' title='bbox 737 4728 781 4776; x_wconf 80' lang='lat' dir='ltr'>Als</span> <span class='ocrx_word' id='word_1_609' title='bbox 803 4728 863 4777; x_wconf 74' lang='lat' dir='ltr'>vird</span> <span class='ocrx_word' id='word_1_610' title='bbox 890 4728 934 4778; x_wconf 89' lang='lat' dir='ltr'>der</span> <span class='ocrx_word' id='word_1_611' title='bbox 950 4724 1014 4776; x_wconf 89' lang='lat' dir='ltr'>llsrr</span> <span class='ocrx_word' id='word_1_612' title='bbox 1040 4729 1094 4776; x_wconf 87' lang='lat' dir='ltr'>sein</span> <span class='ocrx_word' id='word_1_613' title='bbox 1111 4725 1285 4783; x_wconf 81' lang='lat' dir='ltr'>Hansirauen.</span> <span class='ocrx_word' id='word_1_614' title='bbox 1315 4726 1361 4775; x_wconf 82' lang='lat' dir='ltr'>aul</span> <span class='ocrx_word' id='word_1_615' title='bbox 1387 4727 1439 4777; x_wconf 83' lang='lat' dir='ltr'>den</span> <span class='ocrx_word' id='word_1_616' title='bbox 1460 4726 1514 4775; x_wconf 65' lang='lat' dir='ltr'>dall</span> <span class='ocrx_word' id='word_1_617' title='bbox 1539 4725 1571 4773; x_wconf 69' lang='lat' dir='ltr'>de</span> 
     </span>
     <span class='ocr_line' id='line_1_56' title="bbox 215 4795 1571 4864; baseline -0.003 -15"><span class='ocrx_word' id='word_1_618' title='bbox 215 4800 280 4849; x_wconf 84' lang='lat' dir='ltr'>noob</span> <span class='ocrx_word' id='word_1_619' title='bbox 298 4814 329 4849; x_wconf 85' lang='lat' dir='ltr'>ru</span> <span class='ocrx_word' id='word_1_620' title='bbox 348 4801 438 4856; x_wconf 80' lang='lat' dir='ltr'>Grata,</span> <span class='ocrx_word' id='word_1_621' title='bbox 465 4800 561 4850; x_wconf 81' lang='lat' dir='ltr'>solebas</span> <span class='ocrx_word' id='word_1_622' title='bbox 578 4799 669 4848; x_wconf 72' lang='lat' dir='ltr'>vimen</span> <span class='ocrx_word' id='word_1_623' title='bbox 687 4798 782 4854; x_wconf 81' lang='lat' dir='ltr'>luascu.</span> <span class='ocrx_word' id='word_1_624' title='bbox 809 4800 889 4848; x_wconf 88' lang='lat' dir='ltr'>dsmit</span> <span class='ocrx_word' id='word_1_625' title='bbox 912 4799 950 4848; x_wconf 81' lang='lat' dir='ltr'>sle</span> <span class='ocrx_word' id='word_1_626' title='bbox 972 4798 1026 4849; x_wconf 85' lang='lat' dir='ltr'>sloh</span> <span class='ocrx_word' id='word_1_627' title='bbox 1050 4798 1091 4848; x_wconf 84' lang='lat' dir='ltr'>bel</span> <span class='ocrx_word' id='word_1_628' title='bbox 1108 4796 1159 4846; x_wconf 80' lang='lat' dir='ltr'>llam</span> <span class='ocrx_word' id='word_1_629' title='bbox 1176 4796 1275 4847; x_wconf 72' lang='lat' dir='ltr'>melden</span> <span class='ocrx_word' id='word_1_630' title='bbox 1291 4795 1379 4848; x_wconf 70' lang='lat' dir='ltr'>luen</span> <span class='ocrx_word' id='word_1_631' title='bbox 1396 4802 1496 4864; x_wconf 74' lang='lat' dir='ltr'>mtgn.</span> <span class='ocrx_word' id='word_1_632' title='bbox 1531 4795 1571 4846; x_wconf 77' lang='lat' dir='ltr'>iel</span> 
     </span>
     <span class='ocr_line' id='line_1_57' title="bbox 215 4865 1571 4936; baseline -0.001 -16"><span class='ocrx_word' id='word_1_633' title='bbox 215 4870 266 4919; x_wconf 68' lang='lat' dir='ltr'>sill</span> <span class='ocrx_word' id='word_1_634' title='bbox 284 4871 346 4921; x_wconf 83' lang='lat' dir='ltr'>aber</span> <span class='ocrx_word' id='word_1_635' title='bbox 361 4871 418 4920; x_wconf 77' lang='lat' dir='ltr'>doru</span> <span class='ocrx_word' id='word_1_636' title='bbox 435 4870 516 4921; x_wconf 79' lang='lat' dir='ltr'>flerrn</span> <span class='ocrx_word' id='word_1_637' title='bbox 534 4872 572 4920; x_wconf 86' lang='lat' dir='ltr'>ott</span> <span class='ocrx_word' id='word_1_638' title='bbox 589 4869 727 4930; x_wconf 73' lang='lat' dir='ltr'>verbalem,</span> <span class='ocrx_word' id='word_1_639' title='bbox 745 4870 803 4921; x_wconf 76' lang='lat' dir='ltr'>dur</span> <span class='ocrx_word' id='word_1_640' title='bbox 821 4882 848 4922; x_wconf 77' lang='lat' dir='ltr'>or</span> <span class='ocrx_word' id='word_1_641' title='bbox 865 4871 912 4920; x_wconf 84' lang='lat' dir='ltr'>mir</span> <span class='ocrx_word' id='word_1_642' title='bbox 928 4870 955 4920; x_wconf 83' lang='lat' dir='ltr'>tn</span> <span class='ocrx_word' id='word_1_643' title='bbox 972 4869 1102 4921; x_wconf 72' lang='lat' dir='ltr'>sondm</span> <span class='ocrx_word' id='word_1_644' title='bbox 1119 4865 1261 4922; x_wconf 62' lang='lat' dir='ltr'>viram</span> <span class='ocrx_word' id='word_1_645' title='bbox 1279 4868 1447 4936; x_wconf 61' lang='lat' dir='ltr'>soom</span> <span class='ocrx_word' id='word_1_646' title='bbox 1464 4881 1496 4920; x_wconf 72' lang='grc' dir='ltr'>ι.</span> <span class='ocrx_word' id='word_1_647' title='bbox 1507 4867 1571 4919; x_wconf 71' lang='lat' dir='ltr'>bale</span> 
     </span>
    </p>
   </div>
   <div class='ocr_carea' id='block_1_6' title="bbox 0 0 1655 5542">
    <p class='ocr_par' dir='ltr' id='par_1_8' title="bbox 0 0 1655 5542">
     <span class='ocr_line' id='line_1_58' title="bbox 0 0 1655 5542; baseline 0 0"><span class='ocrx_word' id='word_1_648' title='bbox 0 0 1655 5542; x_wconf 95' lang='lat' dir='ltr'> </span> 
     </span>
    </p>
   </div>
  </div>
 </body>
</html>
