3278 5542
196 297 288 370 aa
507 372 510 379 ,
792 303 954 357 meum-

195 465 260 531 qnod
279 466 354 514 etiam
372 465 451 516 multa
469 467 494 516 ln
512 467 571 531 ipsis
590 464 717 529 Gopemici
736 467 801 514 libris
819 466 875 515 loca
900 463 1040 515 obscuriora
1057 460 1176 512 Rheticus
1194 462 1234 511 hic
1253 476 1284 512 ex
1301 461 1409 527 proiasao
1429 457 1554 524 explicat:

195 537 261 586 unde
279 537 343 586 baso
360 535 476 587 Narratio
495 544 520 588 et
537 537 681 588 Encominm
699 538 752 587 loco
772 538 850 586 brevis
868 539 894 586 in
913 536 1074 600 coperuicum
1093 534 1261 584 commentarii
1280 533 1365 583 haberi
1382 537 1492 596 ιιιιιιι

266 607 324 657 Hae
343 623 433 659 causae
452 615 510 659 sunt
528 609 629 658 additae
647 607 718 672 hujus
736 607 900 665 Narrationis,
920 620 975 658 cunr
993 607 1125 655 Bomasiac
1144 605 1261 655 Enccmio
1273 603 1380 654 Rhetici.
1407 601 1447 653 lie
1465 607 1554 652 ιιιιιι

195 686 281 729 noema
304 693 399 742 quoque
423 695 498 744 opera
521 680 595 731 hosce
617 680 680 729 tinas
697 681 794 729 facilius
813 680 978 744 consequendi
997 679 1108 729 1ιιιιιι·
1133 678 1211 726 risum
1232 676 1279 725 tuit
1297 683 1349 726 tam
1367 675 1552 729 Nanattonsm.

196 750 446 814 qnamEncomium,
472 752 591 816 qnafieri
610 751 852 816 potuitdiligcntia,
876 750 1000 807 revidere,
1026 757 1126 799 etcum
1149 749 1352 798 annotationibus
1374 744 1554 812 marginalibus

196 823 272 872 etiam
290 821 419 872 schemata
438 822 680 882 demonstrationum,
699 837 763 887 qnae
778 823 897 873 Rheticns
915 821 1073 872 hauddubie
1092 824 1248 883 apposuerat,
1268 819 1355 868 sedin
1373 820 1437 882 typis
1456 815 1555 868 excusis

196 893 386 956 exemplaribus,
412 896 495 943 nescio
519 908 568 959 qna
586 896 763 958 incogitantia
788 897 878 944 omissa
896 894 1005 944 inerant
1027 891 1125 941 addere.
1163 890 1189 941 Si
1208 905 1272 954 quae
1291 905 1347 940 vero
1365 892 1391 939 in
1409 889 1495 938 iisdem
1514 885 1554 936 hia

194 965 290 1028 scriptis
309 978 325 1012 a
343 978 416 1028 scopo
435 972 518 1014 nostro
537 966 655 1015 alieniora
668 965 806 1023 habentur3
826 964 1078 1028 eapmdensLector
1096 977 1140 1011 suo
1158 962 1212 1012 loco
1230 963 1360 1027 relinquat.
1388 959 1472 1010 Nostri
1490 972 1552 1008 can·

195 1035 258 1087 doris
277 1049 332 1085 essa
352 1036 471 1093 duximus,
492 1038 568 1086 ιιιιιι
587 1036 741 1093 ceterailla,
760 1039 867 1101 quaein
887 1036 1019 1100 exemplari
1034 1047 1103 1084 anno
1125 1031 1200 1082 1511
1227 1033 1344 1084 Basileac
1363 1033 1438 1089 edito,
1457 1029 1553 1080 inveni·

194 1121 265 1163 mus,
286 1121 341 1157 cnm
360 1107 431 1156 titulo
450 1115 476 1157 et
493 1108 663 1172 praefatione
682 1107 742 1158 licet
760 1109 792 1158 ad
809 1108 969 1173 principalem
988 1114 1096 1157 nostrum
1115 1120 1217 1170 scopum
1235 1106 1426 1163 conlucerent,
1446 1101 1554 1152 fideliter

193 1177 408 1312 Mdellglarlcllrbl
421 1256 504 1300 antem
517 1255 591 1307 esset,
611 1250 723 1313 alteram,
741 1265 816 1314 qnam
835 1251 963 1315 aliquoties
982 1249 1071 1298 author
1087 1247 1127 1297 bia
1145 1247 1281 1312 pollicetur,
1300 1246 1474 1298 Narrationem
1491 1257 1553 1310 ιιι-

195 1333 242 1384 quc
261 1322 375 1369 emissam
394 1321 485 1377 luisse.
512 1327 556 1370 ant
574 1322 594 1369 si
612 1320 694 1370 forsan
713 1323 805 1386 scripta
822 1322 920 1386 quidem
940 1322 1037 1380 tuerit,
1053 1319 1098 1370 sed
1116 1319 1206 1369 alicubi
1224 1319 1355 1368 delitescat
1380 1314 1485 1378 (editam
1504 1329 1552 1380 ego

194 1404 244 1440 ιιι
262 1392 325 1447 ridi,
349 1406 396 1441 nec
415 1393 447 1442 ab
466 1392 513 1442 alio
531 1393 609 1442 risam
628 1406 657 1441 ex
676 1407 798 1457 qucquam
815 1390 937 1454 intellexi)
956 1393 1034 1442 satim
1053 1397 1126 1446 esset,
1146 1403 1202 1439 cam
1220 1390 1317 1454 publice
1339 1388 1459 1439 utendam
1475 1400 1554 1450 quam

193 1463 219 1511 ln
242 1462 332 1512 abditis
355 1464 532 1514 comedendam
557 1465 630 1513 tineis
656 1465 766 1514 concedi.
804 1462 876 1524 Quod
897 1465 963 1514 idem
988 1462 1226 1514 dacommentariis
1244 1461 1340 1511 Erasmi
1359 1457 1553 1509 Rheiuhcldiin

195 1533 294 1582 eoadem
314 1534 441 1597 Copemici
459 1534 532 1584 libros
551 1535 685 1598 optandum
704 1543 771 1594 erat,
796 1537 843 1584 nisi
861 1536 992 1586 immatura
1011 1537 1064 1597 eiua
1082 1534 1126 1583 riri
1143 1548 1209 1582 mors
1227 1547 1286 1597 opus
1304 1532 1461 1587 inchoatum,
1479 1535 1510 1579 ut
1528 1537 1555 1579 at

193 1604 285 1654 multas
298 1605 361 1654 alias
370 1603 531 1669 Reipublicae
543 1605 738 1656 mathematicae
750 1607 892 1657 utilissimas
904 1607 1093 1657 lucubrationes.
1114 1604 1259 1668 abrupisset.
1287 1603 1334 1661 in.
1348 1602 1438 1653 Lector
1450 1601 1554 1664 optima,

193 1675 231 1725 ida
249 1674 338 1732 ιιιιιι,
359 1676 437 1727 donec
455 1684 535 1727 totum
553 1692 623 1727 snum
642 1677 777 1727 Uranicum
794 1678 832 1727 vel
853 1678 991 1728 Cosmicum
1010 1690 1083 1740 opus,
1102 1678 1172 1737 culus
1189 1676 1229 1726 hio
1248 1675 1406 1724 Prodromum
1422 1672 1555 1733 babemus,

194 1745 316 1867 lslplplem
335 1755 418 1867 apaten
436 1750 543 1800 ιιιὶιιιι.
571 1749 645 1800 ¹Vale.
674 1751 765 1800 Actum
778 1748 908 1815 Tubingae
926 1751 952 1798 in
968 1749 1072 1798 Musaeo
1090 1753 1182 1804 ιιιιιι,
1202 1746 1317 1797 Calendis
1331 1744 1452 1796 Octobris.
1479 1745 1556 1794 Αιιι

240 1821 290 1868 ntis
312 1819 342 1868 lh
364 1817 388 1868 c.

250 1940 433 2026 *Keplerue
452 1962 529 2013 literis
547 1962 674 2014 Maestlini
693 1959 728 2026 (p.
748 1960 794 2025 21)
812 1962 937 2026 respondit
953 1961 1020 2012 hunc
1038 1961 1063 2011 in
1082 1960 1197 2012 modum:

281 2069 395 2149 Accepi
421 2069 526 2132 literas
550 2077 620 2132 tuas
644 2071 827 2152 Praeceptor
851 2069 1030 2144 clarissime,
1062 2078 1093 2130 ιι
1122 2067 1275 2147 exemplar
1303 2066 1360 2128 mei
1382 2064 1554 2128 Prodromi.

196 2157 377 2238 Respondeo
406 2159 539 2220 breviter
566 2159 678 2221 omissa
709 2160 872 2222 honorifica
900 2158 1128 2221 declamatione.
1179 2157 1310 2218 Primum
1343 2162 1444 2217 errata
1475 2173 1556 2234 quae

194 2247 401 2322 animadverti,
428 2266 561 2328 quaeque
586 2251 858 2321 sensum'turbant,
885 2249 1014 2328 adjunxi.
1053 2247 1087 2308 si
1110 2246 1172 2309 fieri
1195 2252 1307 2326 potest,
1333 2245 1555 2323 subjungantur

194 2336 345 2414 opusculo.
392 2336 508 2398 Deinde
533 2338 569 2398 de
593 2334 658 2401 200
682 2338 903 2418 exemplaribus
933 2357 1057 2399 moneo:
1092 2337 1163 2417 quia
1190 2334 1378 2416 typographo
1407 2351 1553 2414 expresse

194 2424 270 2498 diri,
300 2443 357 2486 non
380 2443 470 2504 posse
495 2444 541 2486 me
566 2425 619 2487 illa
641 2427 791 2507 accipere,
824 2427 882 2488 nisi
906 2434 976 2488 ante
1004 2426 1082 2487 diem
1105 2424 1231 2487 Martini
1255 2423 1431 2485 absolvatur
1455 2441 1554 2501 opus:

194 2532 252 2574 ιιι
283 2513 385 2574 videor
413 2514 518 2575 teneri.
553 2513 599 2588 ,Si
624 2516 687 2595 jam
716 2517 901 2596 accepissem
932 2516 1132 2594 exemplaria,
1166 2513 1340 2595 potuissem·
1361 2511 1389 2573 in
1420 2512 1553 2573 comitiis

194 2600 371 2663 distribuere
396 2602 473 2664 inter
496 2621 645 2683 proceres.
678 2606 800 2667 Nullam
824 2605 951 2684 amplius
973 2604 1067 2667 talem
1086 2604 1149 2666 scio
1168 2602 1367 2664 occasionem.
1400 2600 1452 2662 Ad
1475 2600 1554 2662 haec

189 2689 255 2769 jam
278 2708 366 2770 porro
391 2692 496 2753 venale
521 2693 578 2755 erit
606 2713 702 2755 meum
733 2694 925 2774 opusculum,
958 2713 1012 2755 nec
1041 2712 1097 2773 ego
1126 2711 1221 2754 novus
1251 2691 1379 2771 amplius
1410 2708 1461 2751 ero
1485 2708 1556 2752 cum

194 2779 267 2842 meis
291 2780 526 2859 exemplaribus,
556 2782 726 2864 bibliopolis
751 2783 958 2845 invehentibus
988 2783 1062 2857 alia,
1092 2792 1126 2845 ut
1154 2780 1273 2844 nimium
1303 2781 1360 2842 sim
1384 2779 1553 2842 habiturus.

194 2868 450 2943 temerantem,
479 2879 513 2931 ut
542 2870 569 2932 in
595 2880 647 2934 tua
670 2893 802 2954 persona
824 2874 963 2954 effugium
987 2880 1122 2952 quaerat.
1169 2870 1202 2932 si
1226 2870 1312 2932 tuin
1336 2888 1428 2930 cauea
1450 2887 1556 2930 morae

194 2957 288 3032 inisti,
311 2958 469 3037 promissis
492 2960 590 3037 stabo,
616 2962 641 3023 si
664 2963 715 3023 ille
740 2963 829 3024 aliter
853 2963 1005 3043 quiescere
1029 2962 1124 3023 nolit:
1149 2960 1284 3042 quamvis
1303 2976 1411 3037 cogere
1426 2976 1472 3019 me
1492 2975 1554 3018 non

192 3046 299 3126 possit.
333 3046 376 3107 Et
398 3049 565 3111 mehercule
590 3058 689 3112 metuo
710 3059 744 3112 ut
767 3049 811 3115 50
830 3053 933 3113 floreni
956 3049 1022 3114 200
1036 3049 1255 3131 exemplaribus
1272 3047 1430 3111 sufficiant
1463 3047 1554 3108 Hanc

193 3133 286 3214 igitur
300 3153 363 3196 rem
377 3142 475 3199 totam
490 3138 544 3199 tibi
558 3139 711 3218 permitto,
737 3141 875 3220 quicquid
895 3138 1050 3220 cumipse
1073 3147 1181 3220 pactus
1206 3138 1301 3203 amice
1326 3137 1427 3211 fueris,
1451 3143 1556 3205 ratum

193 3223 321 3285 habebo.
361 3225 450 3287 Alias
475 3227 546 3288 mihi
569 3229 649 3289 ultra
671 3225 715 3291 50
739 3230 924 3309 exemplaria
946 3230 976 3290 in
1000 3227 1104 3311 Styria
1126 3247 1215 3308 porro
1239 3247 1297 3288 non
1321 3245 1395 3307 opus
1420 3232 1477 3287 ιιι.
1517 3223 1554 3287 Si

193 3313 303 3374 metuis
326 3314 391 3374 ιι
383 3334 479 3394 ipsum
504 3316 648 3393 offendas,
674 3325 705 3378 et
727 3319 782 3380 tibi
806 3319 898 3392 obsis,
924 3319 1040 3421 siquid
1064 3326 1182 3380 tuamm
1206 3335 1303 3377 rerum
1327 3317 1368 3376 sit
1391 3314 1554 3396 aliquando

194 3402 407 3478 excudendum,
434 3423 545 3467 excusa
568 3413 598 3467 te
623 3406 748 3486 ipsi‚et
770 3407 834 3470 siue
858 3426 905 3469 me
930 3427 996 3469 cum
1020 3408 1085 3486 ipso
1104 3405 1227 3492 pacisci.
1264 3405 1343 3470 Nolo
1363 3403 1423 3466 tuis
1445 3404 1553 3466 obesse

193 3490 367 3571 commodis
411 3495 494 3555 Ante
517 3494 663 3558 nundinas
687 3497 851 3577 paciscere,
876 3517 912 3557 ne
936 3504 1007 3576 post
1030 3516 1067 3558 ex
1091 3503 1199 3558 eventu
1223 3494 1419 3557 nundinarum
1444 3479 1507 3555 de'
1504 3511 1550 3556 me

192 3586 319 3642 statuat
367 3582 447 3644 Nam
474 3583 636 3646 insidiosus
665 3596 721 3647 est.
768 3585 917 3650 Nuncium
950 3605 1041 3647 onera
1073 3584 1334 3666 exemplaribus
1326 3603 1355 3645 ιι
1386 3582 1487 3645 reditu
1514 3602 1553 3645 ax

192 3667 325 3745 Alsatia,
348 3680 437 3750 prout
459 3671 510 3734 ille
534 3692 614 3754 aqua
628 3673 674 3736 vel
690 3684 772 3737 terra
787 3676 968 3737 descendere
985 3675 1160 3748 decreverit,
1186 3683 1329 3754 quantum
1353 3673 1433 3734 ferre
1456 3673 1553 3734 volet.

194 3757 352 3822 —Etiam
375 3761 448 3825 illud
472 3769 523 3826 tuo
543 3763 657 3842 judicio
679 3765 832 3846 permitto,
858 3764 926 3847 quid
943 3785 988 3828 me
1004 3764 1158 3844 Tubingae
1184 3764 1282 3825 iacere
1308 3763 1468 3824 honestum
1491 3761 1553 3824 site

193 3848 355 3929 cuicunque
371 3852 523 3932 exemplar
539 3854 668 3917 dandum
683 3875 798 3926 censes,
822 3855 909 3928 dabo,
936 3864 968 3916 et
986 3855 1052 3934 jam
1067 3855 1131 3916 dari
1146 3871 1298 3933 permees
1314 3851 1425 3914 amicos
1445 3851 1553 3931 jubeo.

194 3936 271 3999 lllnd
295 3939 386 4002 etiam
412 3961 458 4004 me
487 3951 614 4022 gravat,
648 3964 704 4026 quo
738 3945 835 4008 minus
864 3941 929 4007 200
953 3964 1008 4024 ego
1037 3962 1137 4004 emere
1165 3942 1297 4022 possim,
1329 3941 1407 4023 quod
1430 3940 1556 4002 Rhetici

193 4027 326 4089 narratio
349 4031 478 4109 pretium
501 4033 633 4109 augebit.
680 4034 784 4096 Habes
808 4042 999 4114 argumenta,
1024 4040 1055 4093 et
1077 4031 1172 4103 vides,
1196 4050 1335 4111 quorsum
1358 4031 1387 4093 in
1412 4029 1555 4110 pactione

193 4117 488 4198 respiciendumsit.
534 4121 627 4184 Porro
661 4124 784 4187 nuncius
819 4123 847 4184 in
881 4122 1031 4185 mandatis
1060 4116 1170 4196 habet,
1205 4128 1238 4182 ιι
1265 4117 1304 4182 12
1328 4120 1358 4184 fl.
1383 4117 1556 4198 Marpachii

194 4214 334 4286 acceptos
359 4209 437 4288 apud
460 4217 491 4271 te
516 4210 661 4290 deponat,
688 4221 718 4274 et
742 4213 805 4275 fieri
828 4220 946 4291 potest,
970 4218 1004 4272 ut
1026 4210 1152 4284 Lucius,
1177 4210 1317 4271 Decanus
1336 4208 1554 4287 Waihliugeu-

194 4295 252 4368 sis,
280 4297 372 4357 etiam
395 4298 507 4379 aliquid
531 4302 611 4379 apud
635 4311 664 4363 te
689 4301 835 4381 deponat,
866 4301 895 4361 in
924 4321 1016 4362 causa
1043 4299 1095 4360 11111
1124 4299 1187 4375 sui,
1217 4300 1266 4380 qui
1289 4299 1337 4360 hic
1361 4306 1417 4359 est.
1464 4295 1554 4376 Rogo

193 4385 349 4463 pecuniam
372 4387 454 4448 illam
478 4388 627 4468 tantisper
648 4390 818 4461 custodias,
844 4388 912 4451 dum
936 4388 1005 4470 quid
1029 4408 1066 4449 ea
1089 4389 1152 4450 fieri
1175 4388 1265 4451 velim
1297 4387 1474 4459 rescribam,
1499 4394 1556 4448 aut

147 4514 157 4541 ,
195 4472 259 4552 ipse
288 4474 364 4536 sorte
393 4476 529 4552 veniam,
559 4478 623 4539 Deo
651 4477 745 4540 vitam
776 4478 932 4558 largiente.
985 4475 1086 4540 Causa
1114 4478 1191 4541 enim
1221 4498 1289 4540 mea
1320 4474 1554 4538 matrimonialis

194 4561 306 4640 pendet
329 4563 489 4643 injudicio
514 4567 730 4630 ecclesiasico
778 4566 811 4628 Si
836 4568 949 4639 solvar,
983 4566 1116 4642 decrevi,
1146 4578 1179 4630 ut
1202 4587 1278 4629 nunc
1302 4566 1420 4647 quidem
1444 4564 1554 4637 habeo,

194 4650 312 4711 advos
340 4652 455 4713 redire:
485 4654 542 4715 nisi
571 4657 650 4718 aliud
678 4656 846 4719 suaseritis.
893 4657 938 4717 De
962 4664 1041 4718 sumt
1028 4657 1108 4718 itbus
1139 4658 1326 4718 schematum
1351 4663 1433 4716 tuum
1456 4662 1488 4716 ιι
1511 4654 1552 4715 D.

194 4738 392 4827 Haienrefferi
416 4749 482 4803 esto
505 4742 583 4806 inter
605 4765 651 4807 me
676 4755 707 4807 et
729 4745 947 4829 typographum
972 4751 1115 4808 statuere.
1149 4745 1227 4839 Vale
1249 4744 1296 4808 Cl.
1320 4745 1347 4807 d.
1372 4750 1553 4826 praeceptor

177 4843 299 4911 'meque
324 4846 424 4892 amare
448 4850 550 4914 perge.
