3278 5542
154 354 215 422 116
666 353 777 419 Mystsrli
797 351 997 420 Comogrsplrlci

150 518 242 593 Solis,
268 514 396 577 Veneris
412 523 443 576 et
456 512 597 575 Mercurii
616 513 749 576 habeant
768 513 911 594 aequales
933 511 1146 575 revolutiones.
1189 511 1404 592 Respondetur
1424 513 1510 586 enim

150 608 227 688 quod
252 624 309 667 nou
333 623 404 667 vere
427 604 621 665 revolvantur
643 603 712 683 ipsi,
738 604 792 664 sed
814 621 868 683 pro
891 602 966 682 ipsis
990 601 1079 663 unica
1099 600 1202 664 Terra.
1240 599 1271 664 2.
1296 599 1400 674 Quare
1424 602 1509 685 quin-

150 716 206 777 que
229 696 371 774 planetae
394 694 468 754 fiant
491 693 670 771 retrogradi,
694 692 852 754 luminaria
875 692 920 763 (h.
937 711 963 752 e.
984 690 1037 753 Sol
1063 697 1095 752 et
1112 690 1215 765 Luna)
1239 709 1297 752 nou
1321 692 1404 771 item.
1447 690 1508 753 Rs·

149 785 313 865 spondetur
335 783 431 863 primo
455 783 492 843 de
517 780 603 854 Sole,
633 782 703 861 quia
726 780 752 842 is
776 781 918 860 quiescit,
949 779 1025 841 unde
1048 780 1097 855 lit,
1129 789 1163 842 ut
1187 787 1286 842 motus
1309 781 1439 856 Terrae,
1462 780 1509 861 qui

149 892 267 953 semper
290 873 422 934 directus
447 879 503 944 est,
528 867 586 950 ipsi
611 869 675 931 Soli
701 889 781 931 mere
806 878 836 931 et
859 869 1075 948 imperturbate
1098 869 1199 930 inesse
1219 869 1368 944 videatur,
1393 877 1509 931 tantum

147 980 201 1042 per
227 970 344 1042 partem
379 961 549 1041 oppositam
579 959 664 1022 coeli.
712 958 758 1020 De
789 959 877 1021 Luna
904 976 993 1029 vero,
1028 958 1098 1038 quia
1125 966 1228 1019 motus
1252 957 1366 1025 Terrae
1395 976 1508 1021 annuus

148 1053 241 1130 ipsius
265 1053 349 1112 coelo
373 1068 443 1110 vere
467 1049 631 1109 communis
655 1057 703 1110 est
721 1067 788 1109 cum
803 1048 907 1109 Terra.
941 1046 1008 1107 Duo
1028 1054 1128 1108 autern
1150 1065 1226 1127 quae
1245 1046 1361 1109 habent
1384 1047 1506 1110 eunden

148 1150 259 1202 motum
283 1158 337 1218 per
365 1138 482 1211 omnia,
517 1137 656 1198 videntur
689 1136 767 1198 inter
795 1157 827 1198 se
857 1136 1021 1216 quiescere.
1039 1134 1061 1207 ¹)
1106 1135 1194 1198 Unde
1217 1143 1318 1198 motus
1342 1136 1506 1199 tumn

147 1230 233 1291 Luna
256 1248 313 1289 non
338 1227 481 1298 sentitur,
511 1235 545 1287 ut
572 1227 601 1287 in
626 1226 735 1287 ceteris
758 1225 899 1305 planetis.
947 1225 994 1286 De
1018 1223 1221 1304 superioribus
1245 1223 1397 1300 Saturno,
1421 1223 1504 1301 Jove,

148 1327 179 1378 et
202 1319 301 1378 Marte
326 1315 543 1395 respondetur:
575 1314 645 1394 qnia
672 1315 730 1393 ipsi
760 1324 830 1375 sunt
853 1313 1001 1375 tardiores
1026 1313 1139 1375 Terra:
1173 1322 1205 1375 et
1232 1314 1302 1394 quia
1324 1312 1506 1377 circuluset

148 1415 247 1468 motus
271 1405 329 1466 iste
350 1406 461 1465 Terrae
484 1413 608 1483 putatur
631 1404 704 1482 ipsis
728 1405 838 1467 inesse.
873 1400 975 1472 Quare
999 1403 1078 1464 sient
1100 1403 1171 1474 illis,
1195 1404 1245 1483 qui
1269 1421 1306 1463 ex
1320 1403 1358 1477 L,
1384 1401 1504 1465 Saturni

147 1495 248 1573 globo,
272 1494 488 1573 prospicerent,
514 1494 608 1553 Terra
631 1493 779 1553 interdum
797 1491 936 1572 progredi
956 1491 1116 1565 videretur,
1141 1491 1210 1552 dum
1234 1491 1293 1553 iret
1314 1510 1370 1572 per
1392 1491 1503 1555 medie·

149 1593 245 1645 tatem
269 1583 351 1645 PBN
375 1600 465 1659 supra
489 1579 600 1655 Solem,
624 1581 772 1642 interdum
796 1580 930 1660 regredi,
955 1580 1024 1642 dum
1048 1581 1106 1642 iret
1128 1599 1183 1660 per
1204 1580 1304 1654 NAP,
1330 1589 1416 1643 stare
1438 1599 1503 1644 vero

147 1674 176 1732 iu
196 1673 225 1734 N
245 1680 276 1732 et
289 1672 330 1732 P:
355 1672 399 1732 sic
423 1689 547 1731 neeesse
572 1679 629 1744 est,
654 1679 687 1732 ut
710 1670 796 1731 nobis
820 1689 857 1730 ex
871 1670 964 1730 Terra
986 1669 1237 1749 prospicientibus
1253 1667 1406 1732 Saturnus
1428 1670 1502 1732 volui

145 1761 283 1823 videatur
307 1761 335 1821 in
359 1769 463 1839 partes
488 1759 653 1839 oppositas.
701 1759 744 1821 Ut
768 1760 836 1820 dum
860 1767 909 1819 est
932 1759 1026 1819 Terra
1049 1758 1078 1819 in
1102 1758 1190 1820 BNA
1211 1758 1275 1838 (fig.
1304 1755 1369 1834 10),
1394 1757 1500 1821 Satur·

144 1868 200 1911 nus
225 1850 343 1910 videtur
368 1850 396 1909 in
426 1849 495 1910 bna
520 1849 583 1927 (fig.
612 1847 677 1919 ll).
725 1849 885 1909 Inferiores
910 1848 1014 1907 Venus
1042 1856 1074 1908 et
1098 1848 1263 1908 Mercurius
1292 1848 1360 1908 ideo
1388 1847 1499 1926 regredi

142 1938 297 2011 videntur,
327 1938 396 2017 quin
421 1947 490 1999 sunt
518 1937 683 1998 velociores
708 1937 821 2010 Terra;
850 1937 927 1997 unde
950 1936 1074 2014 perinde
1099 1956 1134 1997 ac
1158 1936 1183 1997 si
1207 1932 1301 1999 Terra
1325 1944 1425 1999 staret
1447 1938 1499 1999 im·

142 2037 241 2098 mota,
267 2028 387 2102 Venus,
413 2046 534 2088 currens
559 2028 586 2087 in
611 2036 698 2106 parte
723 2026 825 2087 circuli
850 2025 1017 2099 remotiori,
1042 2026 1223 2087 contrariam
1247 2026 1337 2106 plane
1361 2025 1501 2088 describit

142 2118 221 2179 viam
245 2117 305 2191 illi,
330 2135 416 2196 quaru
442 2117 562 2177 conticit
585 2116 613 2176 in
637 2124 724 2193 parte
749 2115 851 2176 circuli
874 2115 920 2176 sni
944 2114 1043 2175 vicina
1067 2115 1187 2178 Terrae.

230 2203 261 2268 3.
286 2206 335 2266 lta
359 2205 461 2284 quaeri
485 2205 585 2283 potuit
609 2205 678 2275 (sed
698 2204 767 2264 nihil
784 2204 985 2282 respondente
999 2203 1191 2278 Ptolemaeo)
1215 2221 1307 2284 quare
1330 2205 1361 2266 in
1385 2203 1499 2283 magnis

141 2295 263 2357 orbibus
288 2295 350 2355 sint
373 2302 435 2354 tam
461 2294 560 2369 exigui
585 2293 727 2372 epicycli,
753 2301 784 2353 et
808 2311 899 2372 quare
924 2294 951 2353 in
974 2292 1079 2371 parvis
1103 2294 1223 2355 orbibus
1248 2300 1310 2354 tam
1335 2293 1499 2354 immanes:

140 2384 196 2446 hoc
220 2391 277 2456 est,
304 2401 394 2462 quare
414 2387 677 2460 spontaneamque
696 2381 807 2442 Martis
826 2383 867 2442 sit
890 2383 987 2461 major
1006 2381 1105 2456 Jovia,
1132 2390 1163 2443 et
1185 2381 1272 2461 hujus
1296 2382 1392 2462 major
1416 2399 1501 2463 quam

140 2471 274 2535 Saturni.
322 2471 364 2532 Et
391 2489 444 2532 cur
466 2490 524 2532 non
548 2470 715 2531 Mercurius
739 2470 831 2532 etiam
856 2471 1009 2549 majorem,
1036 2489 1124 2550 qnam
1148 2471 1265 2544 Venus,
1288 2470 1412 2545 habeat,
1438 2488 1501 2533 cum

141 2562 181 2622 sit
203 2560 326 2623 inferior
349 2560 487 2634 Venere;
520 2559 666 2639 siquidem
700 2567 829 2640 quatuor
856 2560 1036 2641 reliquorum
1063 2579 1181 2640 semper
1208 2558 1331 2622 inferior
1358 2559 1501 2640 majorem

54 2697 63 2714 .
141 2648 242 2711 habet.
289 2649 347 2722 Hic
376 2648 473 2710 facilis
507 2657 555 2710 est
586 2649 752 2727 responsio.
799 2650 941 2711 Mercurii
969 2649 1048 2710 enim
1078 2657 1111 2710 et
1133 2648 1263 2710 Veneris
1296 2667 1384 2711 veros
1414 2647 1504 2710 orbes

141 2747 259 2800 veteres
284 2738 434 2821 epicyclos
459 2757 526 2799 esse
550 2746 702 2818 putarunt.
751 2738 893 2800 Mercurii
918 2747 1035 2813 autem,
1071 2748 1103 2800 ut
1130 2738 1331 2813 velocissimi,
1362 2738 1502 2800 minimus

141 2829 234 2890 etiam
258 2828 338 2890 orbis
363 2837 419 2889 est.
467 2827 660 2907 Superiorum
690 2846 761 2888 vero
789 2836 822 2889 ut
846 2828 950 2907 cuique
975 2829 1103 2889 Telluris
1126 2828 1207 2890 orbis
1230 2828 1352 2908 propior
1375 2835 1436 2902 est,
1460 2826 1505 2888 sic

140 2919 285 2998 majorem
309 2917 348 2979 ad
373 2936 439 2978 eum
462 2917 683 2998 proportionem
707 2916 810 2990 habet,
834 2925 866 2978 et
888 2917 985 2996 major
1004 2926 1141 2996 apparet.
1174 2917 1258 2978 Mars
1282 2917 1373 2997 igitur
1395 2915 1505 2997 proxi-

139 3027 204 3069 mus
227 3007 320 3067 habet
343 3007 502 3067 marimum
532 3007 756 3086 aequationem,
789 3004 940 3067 Saturnus
968 3006 1133 3067 altissimus
1160 3005 1322 3069 minimam.
1368 3006 1455 3071 Nam
1477 3006 1506 3066 si

139 3097 241 3158 oculus
263 3095 292 3155 iu
314 3093 343 3155 G
363 3095 425 3173 (lig.
447 3092 501 3167 l0)
526 3094 767 3169 constitueretur,
792 3095 820 3156 ei
843 3095 925 3156 orbis
943 3095 999 3156 ΡΝ
1019 3095 1172 3157 videretur
1195 3096 1249 3157 sub
1269 3095 1378 3176 angulo
1394 3092 1505 3167 TGV;

140 3193 174 3246 at
198 3185 224 3245 si
247 3184 275 3244 iu
301 3184 327 3244 L
351 3194 447 3252 esset,
472 3184 551 3244 idem
576 3183 656 3244 orbis
680 3183 832 3244 uideretur
855 3184 911 3245 sub
934 3183 1044 3264 angulo
1067 3183 1159 3246 RLS.

228 3268 258 3334 4.
293 3271 411 3334 Pariter
434 3292 492 3333 non
516 3271 625 3350 injuria
647 3272 749 3333 mirati
771 3280 842 3334 sunt
865 3280 996 3347 veteres,
1027 3293 1078 3335 cur
1100 3282 1162 3336 tres
1188 3273 1356 3354 superiores
1379 3289 1506 3352 semper

22 3350 27 3355 ’
139 3362 168 3423 in
184 3361 371 3443 oppositione
393 3380 457 3421 cum
473 3360 544 3422 Sole
564 3360 625 3422 sint
643 3361 797 3423 humillimi
820 3362 849 3423 iu
874 3381 927 3423 suo
952 3361 1095 3444 epicyclo,
1121 3362 1149 3423 in
1174 3361 1383 3442 conjunctione
1409 3360 1506 3423 altis-

139 3451 226 3512 simi:
251 3457 285 3511 ut
307 3451 333 3510 si
357 3450 451 3511 Terra
475 3451 541 3529 (fig.
562 3449 626 3523 11),
651 3449 705 3512 Sol
729 3459 761 3511 et
783 3470 803 3531 g
827 3451 941 3512 sintin
966 3452 1071 3512 eadem
1096 3451 1188 3527 linea,
1213 3463 1304 3533 quaro
1327 3449 1422 3511 Mars·
1440 3458 1507 3512 tum

139 3559 202 3607 non.
221 3539 318 3619 possit
342 3539 370 3599 in
396 3539 455 3599 alio
481 3540 545 3600 loeo
570 3539 696 3620 epicycli
720 3559 798 3614 esse,
824 3559 912 3620 quam
936 3540 965 3601 in
989 3563 1012 3618 y.
1050 3541 1084 3602 In
1101 3539 1269 3620 Copernioo
1293 3558 1386 3601 causa
1412 3538 1507 3600 facile

138 3630 280 3691 redditur.
328 3629 396 3691 Nou
422 3629 500 3689 enirn
523 3628 608 3690 Mars
632 3629 662 3689 in
686 3629 835 3713 epicyclo,
867 3630 919 3690 sed
944 3630 1039 3690 Terra
1066 3629 1095 3690 iu
1121 3631 1192 3692 orbe
1216 3648 1271 3691 suo
1294 3630 1372 3691 hanc
1396 3628 1505 3690 varie-

138 3727 234 3780 tatem
258 3726 419 3792 causatur;
444 3719 511 3780 hinc
535 3718 562 3778 si
577 3719 670 3779 Terra
693 3737 731 3779 ex
749 3720 781 3779 A
800 3717 870 3780 iuB
895 3718 1072 3781 discesserit
1086 3719 1151 3799 (fig.
1171 3716 1236 3794 10),
1261 3717 1316 3781 Sol
1339 3715 1398 3779 erit
1423 3717 1508 3779 inter

139 3807 167 3867 G
191 3808 322 3868 Martem
348 3816 378 3868 et
401 3808 427 3866 B
451 3809 589 3881 Terram,
622 3815 653 3868 et
677 3814 738 3868 tum
762 3805 847 3868 Mars
871 3806 1021 3869 videbitur
1045 3808 1073 3869 iu
1098 3808 1320 3891 epicyclorffig.
1341 3805 1397 3880 11)
1423 3824 1463 3869 ex
1487 3810 1508 3868 d

138 3897 168 3955 in
192 3919 206 3972 y
229 3897 414 3957 ascendisse.
447 3898 493 3956 At
507 3897 601 3957 Terra
624 3896 653 3956 in
677 3897 707 3957 A
731 3896 890 3970 existente,
917 3897 995 3976 quod
1019 3905 1067 3957 est
1089 3907 1232 3975 punctum
1255 3897 1314 3977 ipsi
1339 3893 1369 3957 G
1391 3895 1505 3974 proxi-

139 4004 226 4056 mum,
253 3983 281 4044 G
305 3986 388 4045 Mars
413 3994 444 4044 et
467 3984 521 4045 Sol
544 3985 724 4046 videbuntur
748 4004 785 4045 er
808 3986 837 4045 A
861 3985 988 4046 invicem
1013 3986 1153 4066 oppositi.
1191 3987 1293 4068 Atque
1316 3984 1393 4047 haec
1418 3992 1504 4061 sunt,

139 4093 215 4151 quae
239 4092 276 4132 ex
300 4073 405 4133 tabula
429 4073 466 4132 ad
492 4073 607 4133 oculum
631 4073 828 4135 demonstrari
852 4084 989 4153 possunt.
1534 4094 1539 4101 ·

226 4162 295 4222 Jam
320 4161 461 4240 deinceps
485 4161 707 4222 consideremus
732 4163 823 4223 etiam
848 4164 1106 4226 eccentricitatem
1129 4163 1216 4243 hujus
1240 4162 1331 4225 orbis.
1374 4158 1505 4242 ⁴Copor-

139 4251 222 4310 nicus
247 4250 320 4310 lacit
344 4268 509 4329 apogaeum
535 4249 615 4310 Solis
640 4250 703 4321 (vel
727 4252 853 4325 Terrae)
877 4261 911 4312 ut
940 4262 970 4314 et
998 4263 1164 4315 ceterorum
1192 4252 1324 4325 moveri,
1355 4268 1417 4312 non
1444 4268 1507 4331 per

138 4340 318 4412 deferentes,
345 4338 397 4398 sed
422 4357 475 4418 per
499 4339 675 4419 epicyclinm
700 4340 788 4419 paulo
812 4341 927 4402 tardius
951 4342 1023 4403 orbe
1042 4362 1097 4404 suo
1121 4341 1159 4402 ad
1183 4340 1300 4404 initium
1322 4338 1505 4413 radiosa-l

137 4429 193 4489 llic
217 4436 315 4489 motus
339 4428 465 4506 apogaei
495 4428 585 4488 etiam
616 4429 728 4508 aliquid
761 4430 851 4490 infert
884 4430 914 4490 iu
942 4432 1072 4493 motibus
1101 4438 1267 4492 ceterorum
1295 4429 1504 4509 planetarum.

136 4517 215 4578 liam
229 4517 421 4578 Ptolemaeus
436 4525 602 4578 ceterorum
622 4517 864 4580 eccentricitates
888 4530 1044 4599 computat
1063 4540 1082 4582 9
1099 4527 1202 4581 centro
1218 4520 1328 4581 Terrae
1341 4539 1349 4580 τ
1364 4520 1393 4593 ¹¹)
1419 4520 1504 4601 quod

136 4606 161 4665 si
195 4614 329 4667 centrum
362 4605 520 4666 eccentrici
554 4605 681 4669 Telluris
715 4617 746 4667 et
778 4626 944 4690 apqgaeum
976 4628 1030 4687 per
1063 4609 1311 4690 consequentiam
1342 4608 1504 4688 signorum

136 4694 333 4756 discesserint
355 4694 385 4754 in
409 4694 500 4755 aliam
523 4702 641 4775 partem
664 4696 797 4771 zodiaci,
822 4697 935 4759 relictis
958 4707 1030 4778 post
1053 4719 1086 4761 se
1110 4697 1237 4760 aliorum
1259 4697 1405 4778 apogaois
1430 4706 1506 4762 tot·

136 4783 287 4857 dioribns,
322 4783 440 4844 accidet
472 4783 573 4864 aliqua
603 4786 729 4847 mutatio
758 4785 1013 4848 eccentricitatum
1046 4790 1076 4850 in
1105 4787 1237 4867 planetis
1260 4787 1380 4850 ceteris.
1427 4787 1502 4852 Hoc

133 4873 223 4937 valde
247 4890 364 4936 rursum
384 4872 541 4938 mirabitur
562 4874 730 4959 Ptolemaei
753 4875 952 4953 astronomia,
985 4884 1077 4960 atque
1099 4877 1142 4939 ad
1163 4875 1377 4958 contingendos
1398 4894 1504 4943 noros
