3278 5542
140 318 206 387 828
561 320 663 372 literae
679 318 784 386 Kepleri
801 320 954 386 memque
969 325 1073 372 ιιιιιιιω

140 482 271 563 spatium
293 498 332 540 ex
354 487 437 541 terra
461 479 572 552 exorti,
603 480 634 541 iu
666 488 795 552 terram,
830 499 910 561 aqua
933 480 1024 556 iacti,
1057 479 1207 545 recidunt.
1253 479 1337 543 Audi
1359 479 1476 554 metiore,

140 571 258 672 quando
283 568 419 631 imminet
441 569 552 631 nebula
575 570 713 642 aestiva,
746 569 872 641 nebula,
910 569 1044 649 inquam,
1071 578 1103 630 et
1124 571 1242 650 grando
1265 568 1297 631 in
1320 569 1425 630 eadem
1442 587 1477 630 re·

140 659 238 739 gione.
283 656 414 719 Etcum
437 656 492 718 tibi
517 659 600 719 calor
623 617 752 719 attrabit
775 677 890 726 crassa,
912 658 962 737 qui
987 658 1058 720 mihi
1083 677 1188 720 crassa
1208 656 1410 720 subtilisando
1428 676 1477 719 sur·

140 767 206 810 sum
229 754 405 826 promovet,
443 747 536 807 audes
560 747 653 808 etiam
679 746 796 826 copiam
825 746 935 808 nivium
972 747 1000 809 in
1025 747 1173 809 montosis
1206 767 1262 828 pro
1287 754 1319 809 te
1343 745 1478 819 adducere,

139 855 215 917 qnae
239 835 399 896 manifeste
422 854 476 914 pro
500 855 546 896 me
572 836 671 896 lacit?

228 922 289 986 Sed
313 922 427 985 directe
451 925 577 1005 denique
601 943 798 1003 responsurus
822 943 907 984 meae
936 922 1102 1002 objectioni
1131 925 1168 986 de
1202 922 1408 1003 possibilitate
1427 924 1480 1002 plu·

140 1013 218 1088 endi,
243 1012 417 1090 cingendi
410 1032 438 1073 ru
464 1012 630 1087 montanis,
656 1012 792 1090 confugis
817 1013 856 1074 ad
880 1031 983 1074 veram
1008 1030 1147 1087 causam3
1170 1012 1309 1093 proxime
1332 1018 1424 1085 stant,
1444 1013 1480 1072 iu-

140 1103 216 1183 quis,
241 1101 410 1177 humorem,
436 1102 485 1182 qui
509 1102 546 1163 ab
571 1102 688 1163 interno
713 1102 856 1162 montium
882 1103 983 1163 calore
1008 1112 1112 1163 coctus
1137 1102 1328 1164 sublimetur.
1376 1098 1481 1163 Gratias

139 1209 207 1270 ago,
232 1190 382 1252 namhoc
407 1191 504 1270 ipsum
530 1189 595 1252 dico
620 1191 736 1269 etjam
760 1191 831 1252 olim
856 1191 930 1252 dixi.
978 1189 1141 1268 Egregium
1156 1209 1227 1252 vero
1252 1189 1410 1258 rationem,
1429 1209 1481 1252 cun

139 1279 287 1340 turbidine
310 1278 339 1339 in
363 1280 510 1341 Bohemia
534 1280 650 1341 coelum
675 1278 822 1354 dixisses,
858 1280 928 1359 quia
952 1279 992 1340 ibi
1015 1279 1149 1341 oriuntur
1172 1279 1316 1353 flumina,
1351 1278 1420 1359 qula
1437 1277 1481 1339 bu·

138 1367 237 1431 milior
259 1377 360 1441 terra,
395 1367 465 1447 quia
496 1369 534 1429 ob
567 1378 711 1429 montana
744 1367 823 1429 intus
857 1369 1017 1430 calentior!
1064 1368 1109 1429 At
1133 1369 1188 1430 tibi
1212 1387 1270 1435 nou
1294 1368 1398 1447 placet
1425 1386 1482 1428 vers

139 1475 248 1530 causa;
276 1457 307 1517 in
330 1455 439 1530 Deoia,
464 1458 581 1538 inquis,
616 1476 710 1536 vapor
734 1457 854 1519 subtilis
878 1459 941 1519 siue
966 1456 1068 1536 pluvia
1091 1457 1201 1521 iterum
1223 1457 1372 1519 miscetur
1393 1474 1481 1537 equae

136 1543 256 1606 iuvabo
281 1552 321 1607 te.
370 1547 401 1606 ln
425 1547 526 1608 Dania
550 1546 723 1624 superficies
748 1546 840 1607 maris
865 1556 1010 1625 vaporat,
1044 1554 1209 1625 propterea
1240 1545 1314 1606 nibil
1350 1546 1410 1607 lere
1438 1544 1481 1606 nisi

139 1653 223 1696 rores
247 1635 316 1695 inde
342 1635 488 1708 existunt;
514 1634 543 1695 in
567 1635 715 1696 Bohemia
740 1635 859 1696 sumant
884 1644 983 1698 terrae
1009 1635 1128 1697 viscera
1151 1653 1273 1697 crassos
1297 1652 1433 1714 vapores.
1504 1683 1508 1692 .

228 1723 363 1785 Tandem
388 1731 493 1802 aperte
518 1723 677 1786 confirmas
702 1742 800 1784 meam
824 1724 1019 1795 sententiam,
1047 1732 1165 1786 ruentes
1189 1724 1258 1804 plus
1281 1722 1398 1785 babere
1418 1731 1480 1785 tem·

138 1819 301 1893 pestetum,
327 1831 415 1891 quam
439 1831 541 1884 mare;
566 1832 634 1873 num
659 1812 759 1873 sidera
783 1808 890 1875 fortius
915 1812 944 1874 in
970 1812 1085 1875 solidos
1111 1821 1240 1886 montes,
1266 1830 1358 1892 quam
1380 1812 1480 1873 mollen

139 1915 248 1981 'aquam
273 1901 449 1980 impingunt.
496 1900 538 1962 Et
561 1901 616 1962 boc
640 1920 698 1961 non
724 1909 771 1962 est
795 1905 833 1964 ob
857 1914 985 1968 montes,
1010 1901 1119 1980 inquis,
1146 1901 1232 1981 quasi
1257 1901 1327 1980 plus
1348 1901 1481 1971 exhalent,

140 1990 193 2052 sed
218 1990 256 2051 ob
280 1998 373 2062 astra,
399 2009 474 2070 quae
499 1991 568 2069 plus
587 2000 750 2069 operantur
774 1990 803 2051 in
826 1992 1015 2072 propositam
1039 1990 1076 2052 de
1100 2010 1157 2052 sua
1180 1989 1479 2052 essentiamaterlan.

139 2077 174 2141 Si
198 2079 265 2158 plus
290 2088 376 2141 astra
400 2099 437 2139 ex
461 2079 613 2140 montibus
637 2078 779 2153 eliciunt,
818 2083 885 2160 plns
914 2079 1006 2160 igitur
1035 2079 1224 2159 vaporabant
1248 2084 1389 2156 montes,
1420 2077 1479 2159 quod

138 2170 228 2248 plane
252 2187 308 2248 ego
333 2169 497 2240 contendo;
528 2168 665 2248 quamvis
689 2176 721 2228 tu
745 2187 849 2231 crasse
873 2168 1095 2249 philosopharis
1120 2169 1156 2230 de
1182 2177 1336 2231 astrorum
1360 2169 1389 2230 in
1411 2187 1479 2229 mou·

138 2266 185 2320 tes
211 2255 327 2318 fortiori
351 2257 494 2336 impactu.
542 2257 610 2319 Nou
635 2257 728 2319 debes
754 2259 826 2320 mihi
849 2260 905 2320 hoc
929 2258 1106 2337 principium
1131 2257 1295 2337 imputare,
1325 2258 1404 2338 quod
1424 2256 1478 2328 scis,

139 2367 158 2407 a
180 2365 227 2407 me
251 2347 281 2407 iu
305 2345 583 2407 Dissertatiuucula
607 2347 731 2426 negari,
768 2356 821 2410 aut
844 2348 945 2429 potius
968 2348 1052 2409 illam
1077 2367 1115 2409 ex
1137 2347 1277 2427 professo
1301 2365 1417 2409 sumere
1437 2346 1479 2406 iru-

139 2435 340 2514 pugnandam.

208 2541 237 2590 In
255 2541 332 2591 litem
352 2539 374 2588 d
394 2540 419 2589 d.
440 2536 465 2588 2
478 2538 541 2589 Deo
556 2535 624 2586 tuot
644 2538 776 2601 Keplerus.
797 2540 949 2603 respondens
967 2541 1001 2591 ad
1019 2541 1190 2605 quaestionem
1203 2541 1312 2592 Fabricii
1331 2541 1363 2592 de
1380 2543 1403 2590 ιι
1418 2546 1479 2591 utre

139 2612 242 2678 logica
239 2612 391 2662 nodorum
409 2610 514 2660 Lunae
533 2611 597 2660 baec
615 2612 762 2674 scripserat:

227 2684 272 2745 De
293 2683 379 2744 nodis
405 2683 466 2744 lere
490 2682 665 2761 persuades,
691 2682 748 2742 boc
771 2681 901 2743 maxime
926 2694 1113 2762 argumento,
1139 2684 1219 2764 quod
1243 2643 1402 2764 eclipticas
1423 2701 1479 2763 par·

138 2780 187 2835 tes
212 2773 345 2834 orientes
368 2771 428 2833 vim
453 2772 568 2833 babent
590 2770 770 2843 maximam,
804 2790 860 2831 nou
887 2792 959 2833 sane
984 2772 1094 2846 aliam,
1130 2791 1220 2851 quam
1244 2773 1324 2853 quod
1357 2792 1410 2853 per
1430 2787 1479 2832 eau

138 2859 211 2932 Sol,
240 2863 331 2941 juxta
360 2869 392 2922 et
416 2861 558 2940 planetae
582 2869 750 2921 transeunt.
798 2857 910 2930 Quidni
939 2879 1010 2940 ergo
1035 2870 1067 2923 et
1090 2861 1142 2922 via
1165 2861 1270 2924 Lunae
1295 2861 1357 2922 vim
1380 2861 1479 2925 babeat

137 2969 173 3012 ac
196 2951 320 3030 perinde
354 2950 448 3012 nodus
480 2949 648 3028 duplicem?
694 2947 756 3009 Sed
791 2948 876 3022 vide,
912 2949 982 3029 qnid
1016 2958 1170 3030 sequatur.
1215 2949 1298 3013 Nodi
1322 2951 1480 3030 reliquoruu

137 3040 229 3101 etiam
254 3046 324 3101 suut
348 3037 570 3099 considerandi.
618 3036 743 3107 Quanta
776 3038 935 3099 multitudo
969 3046 1000 3100 et
1036 3039 1136 3120 qualis
1169 3038 1324 3100 varietas!
1368 3036 1479 3102 duuriu

137 3128 272 3208 qualibet
295 3127 401 3207 genesi
424 3126 546 3206 propria
569 3134 617 3188 est
642 3127 691 3187 via
706 3127 821 3187 Lunae.
868 3127 913 3187 Tu
937 3127 1038 3189 nescio
1055 3127 1125 3207 quid
1148 3127 1347 3207 impertinens
1371 3128 1407 3189 de
1424 3145 1479 3188 cou-

136 3218 219 3278 fluxu
244 3216 369 3288 orbium,
396 3215 445 3295 qui
469 3215 541 3275 nulli
567 3223 637 3275 suut
661 3214 689 3275 in
714 3215 807 3289 coelo,
833 3215 934 3276 affers.

212 3305 251 3353 Ad
274 3304 336 3354 haec
362 3303 547 3361 Fabricius,
579 3318 683 3368 porgens
707 3305 732 3351 in
759 3303 835 3351 literis
863 3304 886 3352 d.
909 3301 949 3351 ll.
969 3305 1029 3354 ret.
1051 3299 1135 3362 160³,
1166 3306 1202 3355 sic
1219 3304 1362 3370 respondit:
1394 3301 1480 3353 Canem

141 3374 270 3426 efficaciae
288 3376 407 3425 nodomm
426 3374 514 3423 Lunae
539 3390 569 3425 ex
588 3384 658 3438 parte
683 3375 755 3424 retuli
782 3375 814 3423 ad
833 3390 978 3425 concursum
1004 3375 1098 3423 orbium
1117 3375 1181 3424 Solis
1200 3382 1226 3426 et
1244 3376 1343 3426 Lunae·
1381 3370 1480 3435 Quouis

139 3447 296 3497 multitudine
317 3454 342 3497 et
360 3447 482 3495 verietate
501 3447 620 3496 nodorum
639 3446 734 3508 objicis,
753 3445 811 3494 nihil
832 3453 877 3494 est.
915 3446 968 3495 Etsi
993 3447 1058 3495 enirn
1082 3445 1112 3496 de
1131 3448 1230 3511 reliquis
1250 3447 1323 3497 nodis
1340 3461 1390 3495 nou
1408 3445 1479 3495 dubita

138 3518 271 3582 quidquam
290 3525 375 3568 tamen
394 3519 454 3567 certi
474 3517 562 3568 afferre
580 3533 630 3567 uon
648 3532 754 3581 possum.
793 3516 832 3566 De
847 3517 935 3566 Lunae
953 3518 1024 3567 nodis
1042 3532 1082 3567 res
1101 3526 1190 3582 aperta
1207 3525 1259 3576 est;
1279 3532 1339 3568 curn
1356 3518 1427 3568 Luna
1441 3527 1478 3564 ιιι

137 3591 204 3652 lorea
223 3590 256 3639 ad
275 3589 376 3640 Terram
395 3591 458 3638 vires
477 3589 584 3645 habeat,
613 3595 711 3653 propter
729 3589 896 3643 vicinitatem,
924 3604 997 3652 qnam
1016 3591 1143 3651 superiora
1161 3596 1244 3643 utra.
1271 3590 1333 3654 quid
1350 3590 1447 3647 unimur,
1466 3583 1479 3632 fl

139 3660 210 3710 nodis
229 3661 317 3712 Lunae
336 3675 432 3725 quoque
449 3663 529 3723 major
547 3662 623 3710 virtus
643 3659 819 3723 adstipuletur,
840 3674 913 3723 quam
933 3661 1035 3716 ceteris,
1055 3675 1157 3724 quorum
1175 3661 1232 3710 nodi
1252 3661 1379 3710 obscurius
1397 3670 1501 3724 operte·¹

139 3731 197 3781 turi
234 3733 287 3797 Ego
306 3732 473 3796 experimento
494 3732 524 3781 de
542 3731 613 3781 nodis
632 3733 704 3782 nitor.
744 3729 836 3779 Credat
854 3730 925 3817 alius,
945 3745 1106 3796 quaecunque
1125 3732 1198 3790 uelit.
1216 3732 1291 3782 modo
1310 3731 1437 3782 manifeste
1451 3741 1478 3775 vt

138 3805 208 3853 rituti
226 3805 275 3853 rim
293 3820 342 3853 non
362 3803 461 3852 inierat.

228 3891 410 3970 Keplerus
445 3892 488 3966 (io
513 3890 610 3952 literis
635 3891 663 3953 d.
689 3891 716 3953 d.
741 3887 771 3952 ιι.
797 3890 901 3962 ιιιιίι);
939 3890 986 3950 De
1011 3892 1096 3952 nodis
1120 3893 1224 3954 Lunae
1249 3893 1403 3956 subiratus
1423 3910 1478 3954 cou-

140 3978 254 4040 cludis:
294 3997 350 4059 ego
376 3980 573 4058 experientia,
599 3979 706 4059 inquis,
733 3980 821 4050 nitor,
846 3979 952 4039 credat
972 3979 1064 4054 alius,
1090 3981 1160 4060 quid
1183 3981 1268 4045 velit.
1317 3983 1398 4065 Ergo
1420 3998 1476 4044 ouu-

138 4067 244 4128 ciabo:
280 4075 311 4128 et
343 4087 398 4147 ego
432 4070 545 4142 fateor,
580 4068 650 4129 mihi
680 4077 853 4148 suspectam
883 4077 964 4129 tuam
1000 4070 1236 4148 experientiam,
1271 4079 1378 4153 utpote
1409 4067 1476 4134 uinis

140 4154 302 4229 subtilem;
334 4158 412 4218 malo
437 4176 508 4237 ergo
533 4157 677 4229 rationes,
702 4177 777 4238 quae
802 4167 947 4236 praeeunt
971 4157 1041 4231 illic,
1067 4158 1216 4221 credendo
1241 4162 1338 4242 sequi,
1365 4155 1475 4243 quamvls

139 4245 196 4306 hoc
221 4244 292 4305 nihil
318 4246 355 4305 ad
380 4246 588 4324 propositum3
614 4247 675 4307 iere
701 4247 788 4318 enim,
815 4248 901 4320 scito,
927 4253 1025 4309 tecum
1051 4249 1217 4310 consentio.

210 4352 396 4401 Fabricius:
430 4351 459 4401 Iu
479 4353 605 4401 sententia
623 4354 653 4402 de
673 4353 952 4401 inclinationibus
972 4360 997 4402 et
1015 4357 1286 4417 temperamentis
1303 4345 1343 4421 (p.
1356 4351 1413 4411 ³22,
1430 4344 1474 4408 ³²⁵)

138 4423 182 4472 tibi
196 4424 287 4486 partim
307 4425 424 4481 assentio,
443 4424 533 4485 partim
552 4439 610 4471 non.
648 4425 686 4473 Tu
705 4424 893 4474 inclinationum
912 4439 1014 4474 causam
1033 4425 1110 4474 refers
1128 4426 1160 4475 ad
1178 4427 1245 4490 ipsos
1257 4426 1381 4493 planetas,
1399 4430 1423 4475 et
1436 4427 1489 4489 poll¹

138 4509 234 4558 quoqne
258 4496 313 4558 ipsa
335 4500 533 4557 temperamenta
557 4495 723 4544 constituendi
747 4501 896 4559 potestatem
920 4495 967 4544 illis
994 4497 1116 4545 attribuis.
1154 4496 1196 4548 Sic
1214 4512 1312 4564 quoque
1330 4495 1473 4548 tortitudines

139 4571 165 4614 et
183 4566 336 4614 debilitatem
355 4566 390 4614 eis
409 4564 541 4624 concedis,
562 4565 699 4615 bonitatem
718 4582 774 4616 rero
793 4574 819 4616 et
837 4567 958 4616 malitiam
979 4567 1077 4617 aliunde
1097 4568 1205 4618 deducis.
1243 4569 1333 4634 Nego,
1364 4582 1423 4629 „neo
1436 4569 1473 4614 udi

137 4650 186 4685 nec
211 4639 303 4686 aetatis
331 4651 446 4699 processu
472 4636 646 4686 inclinationes
675 4638 794 4695 mutari,u
827 4639 881 4700 quis
910 4639 975 4687 enim
1003 4640 1123 4688 attentius
1151 4646 1265 4689 aetatum
1293 4640 1473 4692 dill‘erenu'ssll

139 4708 266 4772 cognoscit
284 4707 355 4756 simul
374 4707 564 4760 inclinationes.
585 4722 614 4757 ex
633 4710 718 4758 anima
736 4710 854 4758 sensitiva
872 4717 946 4768 ortas,
966 4709 1076 4759 mutari?
1113 4708 1274 4773 (Keplems'
1268 4727 1293 4761 ιιι
1313 4712 1419 4777 margins
1433 4707 1473 4756 ιιι·

139 4792 221 4827 rarum
234 4779 353 4827 Fabricii:
376 4778 460 4836 ,Male
480 4779 554 4828 refert
572 4793 629 4828 mea
648 4780 747 4829 rerba.u
786 4780 883 4829 Deinde
897 4780 929 4830 ad
942 4782 1200 4845 proximepraemissa
1213 4785 1423 4848 etsequentiat.
1425 4777 1474 4826 Μ

139 4848 206 4898 dicit.
245 4848 311 4900 Vide
330 4850 387 4913 quid
406 4855 434 4899 tu
453 4850 586 4914 scripseris.
591 4847 617 4911 “l
656 4850 717 4912 Quis
736 4866 785 4901 non
804 4851 878 4908 ridet,
898 4852 961 4902 alios
980 4854 1071 4916 pueris,
1090 4852 1153 4902 alios
1169 4855 1265 4916 juveni,
1284 4854 1415 4912 absorbe,
1429 4848 1473 4901 ιιι
