3278 5542
647 360 759 423 myssa
778 360 979 426 00qu

682 573 802 672 capue
829 571 951 645 xvrr.

551 729 656 794 Aliud
679 731 718 793 de
740 730 903 794 Mercurio
925 730 1095 811 monitum..

227 874 307 939 Illud
331 871 428 953 magis
452 872 616 945 mirabere,
645 891 710 933 cum
739 872 946 951 promiserim,
978 871 1056 932 velle
1080 889 1128 933 ms
1152 872 1332 953 corporibus
1355 871 1429 953 ipsis
1449 870 1489 933 in·

140 967 270 1031 scribere
294 964 444 1042 planetas,
468 980 521 1021 cur
543 960 724 1023 Mercurium
747 980 805 1022 non
829 960 972 1022 octaedro
996 959 1212 1038 inscripserim‚
1237 961 1291 1023 sed
1310 978 1423 1041 passus
1443 959 1492 1023 siu

139 1074 205 1117 eum
229 1055 259 1118 iu
283 1051 394 1115 circulo
419 1049 519 1129 aliquo
544 1049 624 1111 ultra
647 1051 748 1112 orbem
772 1048 967 1128 inscriptilem
992 1049 1029 1109 ad
1055 1047 1193 1129 quadrati
1210 1049 1379 1113 octaedrici
1394 1047 1492 1129 empli-

140 1144 272 1206 tudinem
296 1138 473 1219 exspatiari.
520 1138 601 1200 Nam
623 1157 716 1218 supra
738 1156 806 1217 cap.
835 1134 873 1200 13
898 1145 930 1198 et
956 1132 996 1199 14
1024 1155 1078 1217 pro
1103 1134 1167 1199 57⁷
1196 1157 1320 1201 numero
1351 1137 1433 1201 orbis
1453 1136 1493 1199 in·

140 1231 244 1310 scripti
275 1228 415 1307 usurpavi
447 1223 526 1300 707,
557 1246 711 1289 numerum
740 1226 843 1288 circuli
866 1225 1003 1305 inscripti
1029 1226 1187 1306 quadrato.
1236 1225 1372 1289 Causam
1396 1225 1492 1289 dican

141 1320 281 1391 Primum,
308 1318 378 1396 quia
402 1316 466 1394 ejus
486 1335 505 1374 a
520 1312 592 1375 Sole
608 1314 757 1395 digressio
776 1314 894 1393 longior
916 1314 1035 1375 minime
1059 1314 1124 1393 pati
1145 1316 1247 1394 potuit
1269 1324 1334 1377 tarn
1359 1324 1494 1397 angustet

141 1424 294 1477 carceres,
327 1404 434 1465 deinde
464 1404 534 1482 quia
567 1412 599 1464 et
626 1405 789 1467 octaedron
819 1402 896 1464 inter
925 1420 1052 1481 corpora
1079 1411 1112 1464 et
1134 1413 1234 1465 motus
1257 1403 1405 1467 Mercurii
1426 1401 1494 1465 inte

141 1497 281 1577 planetas
305 1492 456 1573 peculiare
481 1492 550 1570 quid
575 1499 606 1552 et
629 1511 783 1555 commune
802 1492 930 1552 invicem
948 1490 1072 1553 habent.
1109 1490 1189 1555 Nam
1212 1491 1243 1553 in
1267 1492 1336 1555 eolo
1360 1490 1492 1555 octatdro

143 1603 235 1666 super
249 1583 391 1663 angulum
406 1589 507 1642 erecto
522 1600 576 1642 usu
591 1583 682 1651 venit.
708 1589 741 1642 ut
755 1581 933 1662 quadratum
953 1579 1077 1641 directis
1101 1580 1247 1642 lateribus
1270 1581 1352 1645 viam
1374 1580 1491 1661 aliquod

144 1680 294 1737 monstret
318 1669 454 1748 ampliori
478 1669 599 1744 circulo,
623 1690 711 1751 quarn
729 1678 778 1731 est
801 1669 884 1731 orbis
908 1668 1081 1748 inscriptus,
1104 1688 1159 1749 per
1172 1670 1302 1734 medium
1317 1668 1490 1735 nanuum

140 1763 175 1825 Id
199 1760 279 1841 quod
307 1758 335 1820 in
369 1760 450 1821 nullo
482 1757 541 1819 alio
575 1778 699 1840 corpore
733 1758 993 1839 quomodocunque
1021 1759 1124 1819 voluto
1153 1778 1208 1821 usu
1235 1759 1331 1823 venit.
1377 1758 1488 1839 Semper

140 1849 218 1913 enirn
243 1856 419 1910 transversa
442 1865 496 1926 per
519 1846 649 1911 medium
672 1856 705 1909 et
727 1845 872 1927 impedita
895 1847 1037 1908 incedent
1059 1846 1167 1908 latera.

307 1951 353 1999 fu·
368 1946 403 1991 2³·
640 1939 675 1999 ln
700 1937 757 1998 hoc
780 1936 935 1998 schemate
960 1942 1087 2015 quatuor
1119 1935 1217 1998 lineas
1249 1944 1408 1998 extremae
1432 1942 1487 1997 ant

341 2008 371 2053 ²
577 2033 706 2106 quatuor
736 2023 1001 2104 perpendiculares
1025 2023 1152 2085 totidem
1174 2026 1333 2104 planorum
1361 2024 1393 2087 in
1415 2031 1486 2087 octr-

577 2116 660 2177 edre.
698 2114 737 2188 R,
762 2114 786 2187 I,
808 2113 842 2186 Τ,
863 2112 894 2173 V
914 2120 983 2174 sunt
1002 2130 1104 2173 eomm
1127 2113 1282 2192 planorum
1306 2122 1423 2188 centn,
1444 2110 1485 2174 dt-

275 2274 278 2279 ,
449 2196 478 2244 V
578 2201 773 2265 terminantia
792 2200 1018 2281 amplitudinem
1039 2201 1120 2263 orbis
1139 2202 1287 2282 inscripti,
1312 2202 1351 2264 de
1375 2196 1484 2282 qualit

483 2310 541 2427 a&
580 2292 664 2353 vides
688 2291 831 2353 circulum
853 2290 1025 2352 marimum.
1072 2287 1132 2360 Qui
1155 2291 1236 2354 orbis
1266 2290 1292 2353 si
1316 2289 1485 2371 intelligatur

357 2380 373 2432 θ
398 2422 401 2429 .
557 2381 659 2472 Svolvi
684 2398 773 2459 super
796 2379 913 2459 punctis
938 2380 976 2440 ad
995 2376 1042 2454 X,
1066 2378 1106 2448 Η,
1131 2379 1206 2442 dnos
1229 2379 1358 2459 angulos
1381 2379 1482 2459 figurat.

327 2427 548 2811 s
580 2470 711 2549 reperiet
734 2469 762 2530 in
786 2468 812 2530 P
836 2468 1002 2548 quadrante
1027 2488 1046 2528 a
1071 2467 1150 2547 polis
1178 2467 1373 2531 circumcirca
1394 2462 1482 2546 ampli·

474 2560 478 2569 '
580 2559 712 2621 tudinem
736 2558 869 2637 aliquam
902 2557 1065 2635 majorem,
1098 2577 1188 2637 quarn
1219 2565 1269 2618 est
1296 2554 1342 2619 01
1373 2556 1421 2618 vel
1446 2548 1483 2616 ΟΡ

309 2708 324 2737 χ
414 2675 417 2679 ·
460 2633 483 2683 Ῥ
577 2647 801 2708 semidiameter
820 2645 911 2717 orbis,
935 2664 1041 2723 nempe
1058 2643 1127 2716 OQ.
1163 2645 1347 2708 Differentia
1369 2646 1432 2725 ejus
1451 2646 1483 2702 ert

577 2734 642 2807 PQ.
680 2735 722 2796 Et
746 2743 833 2796 tanta
857 2742 905 2795 est
928 2734 1057 2796 latitudo
1080 2735 1199 2809 circuli,
1224 2734 1275 2815 qui
1297 2734 1381 2796 ultra
1402 2732 1484 2795 orbem

346 2826 373 2883 Il
578 2843 753 2898 excurrens,
785 2824 882 2884 instar
906 2822 1068 2884 horizontis
1092 2823 1220 2903 alicujus
1241 2823 1272 2885 in
1295 2823 1430 2903 sphaera
1448 2836 1483 2883 u·

145 2914 272 2986 miliari,
306 2930 360 2993 per
392 2912 522 2973 medium
555 2913 691 2974 octaedri
724 2912 853 2973 transire
885 2915 997 2990 potest.
1045 2908 1176 2981 Qenirn
1200 2910 1278 2974 etS
1307 2919 1380 2974 sunt
1405 2906 1486 2974 medi!

143 3011 256 3081 puncta
278 3002 403 3062 duorum
426 3001 570 3076 latemm,
595 3002 720 3081 proinde
744 3012 776 3062 et
798 3000 934 3081 proxima
957 3000 1031 3061 orbi.

235 3087 392 3160 Quomodo
415 3090 442 3150 si
465 3090 615 3152 animatus
637 3090 758 3170 quidam
789 3090 912 3169 planeta
939 3107 993 3168 per
1020 3088 1150 3150 medium
1178 3088 1356 3151 octaedrmn
1385 3100 1486 3151 curum

139 3177 316 3257 juberetur,
346 3186 378 3238 et
405 3180 531 3258 angulos
555 3180 630 3241 duos
657 3198 711 3259 pro
740 3178 836 3259 polis,
868 3177 1096 3257 amplitudinem
1119 3176 1257 3257 inscripti
1279 3196 1336 3257 pro
1359 3172 1487 3240 curriculo

144 3265 326 3357 obseryare:
360 3286 417 3328 nou
441 3267 541 3329 hercle
565 3268 684 3340 mirum,
715 3268 742 3328 si
766 3266 910 3328 invitatus
934 3267 986 3328 illa
1015 3264 1224 3346 amplitudine,
1257 3266 1309 3330 nbi
1338 3267 1438 3329 nullas
1457 3258 1489 3325 'dli

143 3366 243 3417 metae
267 3354 428 3417 obstarent
450 3375 502 3435 per
525 3366 620 3418 totum
640 3356 794 3429 ambitum,
819 3355 1006 3417 exorbitaret
1020 3355 1191 3437 aliquando,
1216 3363 1251 3417 ut
1263 3355 1426 3419 Phaethon
1444 3352 1489 3423 ifle

145 3445 308 3524 tantisper,
341 3445 409 3504 dum
434 3445 630 3531 repelleretur
654 3446 692 3507 ab
716 3446 885 3506 occurrenti
909 3446 1014 3507 latere.
1062 3442 1151 3514 Quod
1173 3463 1228 3524 per
1245 3444 1352 3524 jocum
1374 3436 1489 3519 dixi,il

39 3598 44 3605 ,
145 3533 223 3594 serio
248 3533 335 3611 ajunt
358 3533 489 3595 artifices
513 3536 633 3597 evenire
656 3534 816 3596 Mercurio.
864 3532 940 3595 Cum
970 3534 1047 3594 enirn
1077 3533 1170 3595 ceteri
1198 3552 1302 3595 omnes
1325 3533 1357 3595 in
1381 3528 1489 3613 siugulis

146 3620 382 3683 revolutionibus
411 3622 585 3684 describant
613 3624 746 3703 eJ'nsdem
776 3622 981 3703 amplitudinis
1014 3623 1141 3684 circulos
1175 3623 1336 3703 (quantum
1364 3623 1445 3685 enirn
1462 3615 1489 3681 ab

145 3730 202 3771 una
227 3722 314 3790 parte
340 3711 507 3786 discedunt,
533 3722 649 3773 tantum
674 3732 711 3772 ea
734 3712 832 3773 altera
854 3712 922 3772 viae
942 3719 1030 3792 parte
1048 3712 1196 3773 accedunt
1214 3711 1253 3773 ad
1268 3708 1400 3787 Solem),
1424 3710 1488 3773 solu

144 3798 311 3861 Mercurius
336 3801 374 3860 ab
399 3801 563 3863 artificibus
587 3800 723 3874 obtinuit,
750 3810 782 3862 ut
806 3800 965 3880 aliquando
989 3800 1150 3879 majorem,
1176 3800 1339 3880 aliquando
1362 3800 1488 3862 minores

146 3886 288 3950 circulum
314 3888 484 3951 describere
510 3891 678 3960 diceretur,
709 3890 795 3970 idque
820 3888 1008 3969 privilegium
1032 3908 1144 3951 merum
1167 3888 1350 3963 haberet.⁸)
1395 3886 1488 3953 Dtcnt

307 3992 351 4039 rir-
367 3989 401 4032 ²⁶-
598 3980 674 4041 enim
691 3979 773 4040 illum
788 3980 931 4040 accedere
947 3990 978 4040 et
1000 3978 1139 4040 recedere
1160 3998 1180 4040 a
1197 3987 1302 4040 centro
1318 3976 1366 4041 sui
1381 3966 1484 4041 orbiti)

424 4066 442 4165 'q
549 4062 561 4157 'q
602 4088 655 4148 per
679 4068 786 4129 lineam
804 4078 918 4129 rectam
931 4066 996 4141 YZ,
1022 4066 1071 4129 ubi
1095 4067 1320 4129 semidiameter
1339 4064 1400 4129 ΟΥ
1416 4066 1485 4143 loct·

441 4170 448 4237 q
559 4160 566 4233 ¹,
601 4158 743 4217 minorem
763 4157 904 4218 circulum
924 4157 1077 4230 describit,
1093 4176 1182 4238 quarn
1196 4154 1262 4218 ΟΖ.
1290 4156 1372 4220 Nam
1386 4164 1484 4219 cetam

165 4252 528 4348 ,μ--ὙΙᾉ-
564 4240 568 4281 ¹
603 4246 834 4324 inaequalitates
847 4265 950 4306 omnes
965 4265 1030 4307 cum
1046 4245 1115 4308 aliis
1130 4245 1297 4327 aequaliter
1308 4243 1482 4308 eonitnsot

530 4300 568 4363 Ἦ
601 4336 770 4415 nullamque
785 4354 851 4395 cum
862 4335 919 4394 hac
929 4335 1149 4396 exorbitatione
1162 4335 1369 4396 commutavit
1386 4333 1484 4395 Esou

401 4346 446 4582 j
533 4366 565 4588 j
601 4434 766 4485 ceterorum
783 4432 1004 4484 eccentrotetes
1018 4442 1132 4500 omnes,
1157 4425 1183 4485 si
1207 4439 1265 4484 non
1288 4422 1485 4505 proportiona-

601 4513 680 4585 liter,
692 4513 734 4573 sic
744 4522 844 4574 tamen
856 4513 1041 4587 decrescant,
1054 4522 1087 4574 ut
1096 4512 1218 4575 minoris
1228 4530 1351 4593 semper
1359 4500 1486 4575 minutii

142 4608 373 4670 eccentricitas:
403 4606 485 4668 solus
509 4602 676 4667 Mercurius
700 4601 859 4664 immanem
883 4602 985 4675 habet,
1000 4600 1028 4675 b)
1053 4620 1158 4681 nempe
1183 4600 1341 4682 decuplum
1363 4590 1484 4663 Vener,

142 4717 208 4760 cum
237 4698 295 4777 ipsi
322 4705 356 4757 ut
388 4695 521 4757 inferiori
548 4693 645 4756 minus
679 4691 770 4753 etiam
799 4691 967 4752 deberetur.
1020 4689 1122 4762 Quare
1146 4691 1203 4752 etsi
1228 4690 1311 4752 illam
1335 4678 1485 4771 inaequali·

142 4794 239 4849 tatem
261 4786 410 4865 privatam
435 4785 566 4846 nondum
594 4798 660 4841 cum
694 4780 750 4840 hac
778 4780 880 4843 circuli
908 4781 946 4840 ab
976 4781 1047 4842 orbe
1076 4781 1246 4842 differentia
1269 4774 1484 4844 conciliavero,

141 4894 197 4940 nec
222 4894 259 4939 ea
281 4875 413 4939 fortasse
438 4871 591 4938 conciliari
615 4868 724 4955 possit,
747 4879 781 4933 ut
802 4869 925 4952 prodita
947 4876 996 4933 est
1018 4870 1058 4933 ab
1077 4869 1252 4947 artificibus,
1275 4868 1317 4934 ad
1341 4865 1483 4935 amussim
