3278 5542
136 320 201 385 270
681 319 804 386 Apologus
820 318 945 383 maon·

136 482 183 544 Ex
211 481 259 543 his
282 488 409 560 apparet
431 478 551 540 occasio
575 477 719 557 genuina,
749 496 825 557 quae
849 477 1012 557 Apollonio
1041 478 1118 540 hanc
1142 477 1341 543 assumtionis
1373 477 1491 539 forman

137 568 387 651 suppeditaverit.
434 568 513 630 Nam
542 567 620 647 quod
645 586 801 628 aceessum
826 575 858 628 et
880 585 1031 628 recessum
1063 567 1255 646 planetarum
1282 565 1323 629 sd
1348 584 1403 629 nos
1429 585 1493 646 pro·

137 659 336 740 portionalem
359 657 547 719 conversioni
572 655 655 717 Solis
680 655 800 728 attinet,
825 656 950 717 eundem
975 656 1066 717 etiam
1086 655 1295 719 Ptolemaicae
1317 655 1493 739 hypotheses

138 749 290 810 exhibent.
337 747 443 826 Itaque
469 745 566 807 adhuc
591 745 662 807 nihil
687 752 744 816 est,
768 763 827 824 quo
851 764 919 806 sese
934 752 1056 807 tueatur
1069 745 1166 808 Ursus
1189 744 1390 825 obtineatque
1403 744 1492 824 Apol-

17 895 19 899 ,
138 836 247 899 lonium
257 856 325 898 esse
341 836 524 897 inversorum
538 834 845 906 Aristarchiauarum,
862 851 996 914 quaeque
1011 834 1145 916 Tychoni
1163 834 1322 909 debentur,
1338 842 1491 895 auctorem.

225 925 281 986 His
305 925 382 986 adde
407 924 533 994 etheo,
564 923 642 1002 qnod
667 941 731 984 cum
756 922 957 1001 inaequalitas
975 923 1037 1003 ¹illa
1059 933 1173 998 motus,
1205 940 1296 1003 quam
1321 923 1490 1002 Apollonim

137 1033 235 1076 asna
257 1012 513 1075 demonstratione
547 1012 712 1091 sejunctam
743 1029 811 1072 esse
836 1011 944 1085 volnit,
980 1012 1092 1091 negligi
1116 1018 1264 1092 nequeat,
1296 1012 1403 1093 itaque
1423 1029 1488 1091 apo·

138 1123 247 1185 gaeum
280 1111 313 1164 et
343 1102 515 1181 perigaeum
549 1100 577 1160 iu
612 1101 690 1162 linea
718 1100 793 1171 HN,
827 1099 880 1162 OE
913 1100 958 1172 lin
993 1101 1105 1164 schem.
1139 1101 1259 1182 quinto)
1292 1118 1414 1180 semper
1441 1100 1485 1162 sibi

140 1193 199 1273 ipsi
221 1191 370 1272 parallela
394 1189 535 1252 constitui
560 1189 683 1263 debeat,
709 1209 746 1251 ex
770 1208 805 1250 eo
829 1189 943 1264 evenit,
978 1198 1012 1250 ιιι
1034 1189 1091 1251 ΔΕ
1115 1190 1243 1270 apogsei
1268 1189 1381 1253 lineam
1402 1189 1482 1251 dicere

136 1283 200 1362 jam
223 1298 311 1361 porro
335 1298 392 1341 non
418 1279 566 1357 possimus
589 1287 714 1358 totaque
738 1279 964 1340 nomenclatura
987 1278 1137 1358 Tychonis
1163 1278 1286 1341 diderat
1307 1279 1348 1341 ab
1372 1279 1479 1359 Apollo

141 1371 200 1432 nio.
247 1367 349 1441 Quare
374 1387 469 1448 neque
492 1376 604 1429 motum
629 1369 771 1447 planetae
795 1368 823 1429 in
847 1367 1063 1447 praecedentia
1085 1367 1150 1430 llari
1171 1367 1283 1430 statuit
1305 1387 1346 1428 ex
1366 1369 1397 1430 A
1416 1367 1441 1431 iu
1451 1367 1476 1443 B,

141 1459 196 1521 sed
224 1460 254 1521 in
281 1458 498 1537 consequentia
524 1476 563 1517 ex
586 1454 611 1520 C
636 1458 665 1518 iu
689 1457 715 1517 B
744 1465 849 1518 contra
878 1475 966 1536 quam
990 1456 1179 1535 Apollonius.
1228 1457 1264 1519 Iu
1292 1464 1383 1521 tanta
1401 1474 1474 1519 remu

141 1548 391 1627 terminorumque
416 1545 592 1607 diversitate
617 1546 731 1608 frustra
755 1546 875 1607 laborat
897 1545 994 1607 Ursus
1018 1547 1205 1609 abstractam
1229 1566 1250 1607 a
1272 1544 1409 1627 Tychone
1428 1545 1472 1607 lor·

141 1657 220 1699 maru
243 1636 453 1718 hypothesium
477 1635 515 1696 ad
538 1636 731 1714 Apollonium
755 1635 882 1697 delerre.

723 2201 844 2299 Caput
870 2199 933 2274 IV.

141 2362 213 2425 Non
246 2369 371 2425 certare
402 2359 496 2424 ullibi
527 2360 711 2423 mentionem
748 2360 979 2442 hypothesium,
1018 2382 1099 2444 quus
1132 2361 1238 2447 lycho
1279 2360 1343 2425 et'bt‘
1377 2361 1472 2432 uomit

593 2448 696 2512 Ursus
718 2448 888 2530 Apollonio
912 2451 1050 2535 efflauit.

229 2608 340 2672 Nescio
373 2627 431 2689 quo
465 2608 574 2670 affectu
602 2609 777 2671 stimulante
808 2608 839 2670 id
870 2628 959 2670 unum
990 2609 1054 2689 agit
1082 2609 1193 2684 Ursus,
1227 2616 1263 2672 nt
1284 2605 1476 2691 'l'ychonisde

141 2700 249 2761 mundo
282 2698 494 2778 conceptiones
519 2699 694 2778 antiquitati
719 2707 858 2772 asserat,
888 2698 1080 2760 manifestam
1114 2697 1235 2760 veritati
1269 2698 1331 2761 vim
1363 2697 1477 2760 aderens

141 2788 272 2850 Primum
301 2806 340 2847 er
363 2787 515 2849 veteribus
544 2787 573 2848 in
602 2788 698 2849 aciem
722 2807 814 2868 supra
841 2789 1025 2866 produxerat
1049 2787 1252 2866 Apollonium.
1300 2784 1335 2850 Si
1364 2788 1415 2849 boc
1440 2784 1479 2846 de-

9 2858 46 2946 ’,
143 2878 322 2939 tendendum
347 2878 548 2956 suscepisset,
581 2878 792 2955 cognationem
818 2878 966 2956 quandam
989 2876 1175 2939 intercedere
1198 2876 1403 2956 Apolloniano
1426 2892 1479 2954 pro·

143 2966 265 3030 blemati
281 2986 347 3026 cum
363 2966 511 3047 Tychonis
528 2967 757 3047 hypothesibus,
784 2975 905 3045 poterat
927 2966 1052 3028 tolerari
1073 2966 1194 3046 partim,
1222 2966 1251 3026 iu
1276 2965 1387 3027 ceteris
1409 2982 1480 3026 ercu-

142 3057 213 3118 sari.
261 3056 347 3117 h'unc
377 3054 446 3134 quia
473 3056 561 3135 plane
591 3065 748 3135 utrumque
781 3064 946 3134 exaequat,
981 3055 1121 3134 apparuit
1153 3055 1289 3134 proximo
1319 3055 1418 3135 capite
1445 3068 1481 3113 roe

143 3165 199 3207 nou
228 3145 316 3225 plene
339 3143 419 3206 Urso
451 3144 544 3206 fuisse
578 3145 734 3223 coguitoS,
768 3145 888 3205 minime
919 3163 989 3206 vero
1017 3146 1064 3206 vel
1097 3144 1206 3205 lectum
1242 3143 1290 3204 vel
1319 3143 1482 3206 intellectum

142 3232 298 3314 Apollonii
320 3231 483 3311 problema.
531 3231 681 3312 Cognatio
706 3241 807 3294 autem
830 3233 883 3293 illa
908 3232 1120 3313 hypothesium
1142 3232 1292 3312 Tychonis
1316 3251 1385 3295 cum
1403 3229 1482 3311 Apol·

142 3322 213 3385 lonii
243 3322 445 3402 problemate,
480 3340 567 3402 quarn
600 3331 631 3383 et
660 3341 752 3401 supra
781 3321 985 3382 demonstravi
1018 3330 1050 3384 et
1074 3321 1140 3402 jam
1163 3320 1287 3383 concedi
1317 3340 1408 3402 posse
1430 3315 1482 3389 dui,

138 3413 201 3491 jann
225 3411 345 3493 quidem
368 3411 507 3485 cernitur,
531 3419 690 3492 postquam
707 3411 808 3491 Tycho
834 3429 917 3472 suam
941 3411 1041 3473 mundi
1067 3411 1191 3473 lormam
1213 3408 1428 3473 diversissimis
1449 3409 1482 3470 iu·

143 3503 250 3563 ductus
274 3500 457 3578 argumentis
482 3509 512 3560 et
526 3501 684 3561 constituit
699 3509 733 3560 et
749 3499 894 3580 prodidit.
941 3500 1066 3582 Absque
1083 3500 1140 3561 hoc
1155 3508 1247 3575 esset,
1272 3499 1356 3563 haud
1370 3499 1484 3582 equidem

143 3591 216 3664 scio,
241 3609 278 3651 an
303 3589 458 3669 qnisquam
489 3589 565 3650 adeo
590 3589 669 3650 felici
699 3590 815 3649 futurus
840 3588 948 3650 fuisset
970 3589 1104 3669 ingenio,
1140 3596 1174 3650 nt
1205 3608 1243 3650 err
1260 3589 1328 3651 solo
1351 3581 1484 3670 Apollonii

142 3680 329 3761 problemate
345 3678 482 3758 inspecte
498 3679 526 3740 in
543 3678 692 3760 Tyclionis
716 3677 919 3756 cogitationes
935 3678 1066 3740 incidere
1082 3677 1251 3759 potuisset;
1275 3677 1354 3741 adeo
1377 3679 1483 3741 obscm

145 3779 192 3831 est
216 3770 291 3832 haec
316 3768 456 3847 cognatio
481 3787 647 3847 coecusque
671 3766 826 3828 transitus.

232 3858 321 3919 Alter
351 3875 389 3918 ex
417 3857 568 3918 veteribus
592 3855 725 3938 Tychoni
755 3856 793 3916 ab
816 3855 895 3918 Urso
924 3862 1066 3934 tanquam
1094 3854 1228 3916 aemulus
1257 3855 1296 3917 ob
1321 3856 1423 3919 oculos
1443 3851 1483 3915 sd·

141 3946 262 4008 ducitur
284 3945 495 4007 Martianus
520 3944 689 4025 Capella,
709 3939 750 4018 ¹³)
779 3945 808 4005 in
835 3963 892 4024 quo
916 3942 1008 4004 multo
1032 3944 1128 4006 adhuc
1152 3943 1333 4006 imbecillius
1356 3952 1420 4007 stat
1439 3941 1482 4006 llr·

145 4055 195 4097 sus
227 4053 315 4113 quam
345 4032 375 4094 in
399 4034 571 4112 Apollonio.
617 4034 738 4094 Etenim
762 4034 788 4094 is
813 4043 931 4106 auctor,
966 4051 1032 4093 cum
1060 4033 1218 4095 honestam
1247 4053 1263 4095 e
1288 4034 1386 4097 literis
1414 4025 1483 4096 enini

145 4123 361 4185 recreationem
384 4131 504 4203 peteret
527 4122 588 4195 (vir
611 4122 689 4184 enim
718 4122 857 4202 politicus
882 4130 949 4183 erat
978 4130 1010 4182 et
1032 4140 1156 4202 praeses
1180 4123 1337 4199 Africae),
1367 4123 1483 4205 possen

145 4210 394 4294 encyclopaediae
419 4211 599 4289 conjungere
624 4211 747 4285 statuit,
780 4211 940 4291 fabulaque
963 4211 1151 4292 pereleganti
1181 4211 1310 4274 conficta
1334 4213 1372 4274 de
1394 4205 1484 4293 nnptfit

144 4301 286 4363 Mercurii
311 4307 342 4361 et
360 4300 558 4379 Philologiae,
584 4319 650 4361 cum
674 4300 895 4379 philosophiam
909 4299 1097 4361 Platonicam
1122 4307 1185 4362 tum
1208 4301 1237 4362 in
1261 4302 1363 4383 specie
1389 4310 1485 4382 sepau

145 4398 229 4452 artes
254 4391 303 4464 (ut
325 4389 529 4469 appellamus)
556 4389 697 4451 liberales
721 4389 767 4450 ita
789 4389 892 4469 tetigit
915 4398 947 4450 et
967 4389 1125 4468 percurrit,
1150 4399 1184 4451 nt
1206 4410 1264 4453 non
1279 4399 1400 4454 tautum
1420 4404 1484 4454 suu·

144 4499 225 4543 marn
255 4479 399 4559 cujusque
430 4479 606 4540 brevissime
639 4486 817 4559 exponeret,
851 4479 905 4540 scd
939 4479 1030 4539 etiam
1053 4479 1195 4559 quidquid
1223 4480 1253 4540 in
1281 4480 1410 4562 singulis
1438 4480 1486 4559 ipat

145 4568 390 4647 deprehendebat
412 4567 539 4647 insigne,
564 4569 745 4642 abstrusum,
769 4567 990 4641 admirandum,
1016 4575 1068 4629 aut
1091 4568 1154 4630 tale
1182 4569 1262 4650 quod
1285 4568 1386 4650 ipsum
1406 4566 1485 4654 potis

144 4657 249 4720 timum
274 4657 437 4729 alliciebat,
462 4656 492 4718 id
517 4678 583 4721 cum
607 4657 767 4738 diligentia
781 4658 1012 4737 cincinnatoque
1034 4658 1114 4739 stylo
1129 4658 1306 4721 inculcaret
1353 4661 1389 4723 ln
1404 4668 1485 4723 saue

144 4747 245 4808 nomia
267 4746 471 4820 Macrobium,
495 4747 626 4810 Plinium
650 4754 681 4809 et
704 4747 877 4809 Vitruvium
899 4745 1089 4827 potissimum
1114 4756 1236 4810 secutus
1260 4755 1326 4822 est,
1351 4749 1487 4815 Roman

145 4835 273 4900 Latinos
297 4833 461 4916 scriptores
489 4836 578 4920 idque
602 4836 694 4911 adeo,
719 4843 753 4897 ut
777 4855 814 4899 ue
830 4836 949 4916 quidem
965 4835 1004 4899 ab
1018 4837 1168 4902 erroribus
1191 4854 1294 4901 eorum
1319 4833 1487 4925 discesserit,
