3278 5542
141 338 207 408 426
708 343 750 397 D·
767 343 947 396 Mum&

141 505 303 586 eregione
327 503 453 585 parietis
481 525 501 565 a
524 502 596 567 Sole
623 503 768 567 illustrati
797 504 934 567 habitare
966 504 1121 567 insalubre
1148 503 1298 578 dicerem3
1331 499 1402 583 quia
1425 518 1489 562 eae-

141 604 273 658 meutum
297 594 380 655 calce
404 601 534 669 constat,
561 612 636 673 quae
660 613 727 655 cum
751 593 864 655 habeat
887 594 1033 657 exedendl
1056 600 1089 655 et
1111 592 1309 656 consumendi
1322 588 1487 672 potentiam,

140 685 247 747 eadem
272 682 419 763 qualitate
442 683 549 744 imbuit
572 690 603 744 et
625 682 741 745 radium
766 702 853 762 quem
873 684 1012 745 reflectit.
1059 683 1212 764 Imprimis
1227 689 1331 744 autem
1351 679 1488 741 adlucen

139 773 291 854 propriam
314 771 465 853 pertinere
493 773 612 834 videtur
639 772 740 853 aliqua
763 771 966 851 pelluciditas.
1013 772 1092 834 Nam
1123 771 1149 833 si
1173 792 1234 852 qna
1260 772 1291 833 in
1321 788 1354 832 re
1381 766 1489 848 propria

139 863 191 924 lux
215 861 302 936 inest,
327 861 381 922 illa
403 879 461 923 non
487 860 517 922 in
541 861 696 941 superficie
720 861 825 922 haeret
849 861 960 942 utique,
985 861 1038 926 sed
1062 861 1143 924 intus
1167 860 1196 922 in
1210 859 1364 941 profundo
1384 856 1489 919 radices

141 952 213 1031 egit,
239 958 273 1013 ut
296 951 325 1012 in
350 950 476 1029 gemmis
500 950 657 1013 ceruimus.
704 951 811 1030 ltaque
838 957 872 1011 ut
895 958 1087 1031 transparere
1110 950 1221 1031 possit,
1250 947 1405 1030 pellucido
1427 963 1488 1025 opus

140 1047 197 1101 est.
245 1038 393 1111 Quamvis
416 1040 511 1101 multa
534 1058 607 1100 sane
632 1039 697 1120 ipso
721 1045 808 1101 aestu
831 1040 983 1121 pellucida
1004 1041 1092 1117 fiant,
1127 1058 1223 1121 eaque
1245 1038 1277 1100 in
1303 1033 1488 1117 dispositione

140 1130 338 1191 retineantur.
1224 1138 1235 1156 ·

686 1215 823 1279 Tbesis
846 1215 950 1279 XXX.

228 1307 392 1386 lgnoscaut
414 1303 483 1365 mihi
499 1304 669 1386 philosophi
694 1306 918 1384 argumentanti
939 1305 1155 1386 acorporibus,
1181 1322 1257 1386 quae
1272 1322 1367 1365 manu
1380 1308 1485 1365 110010-

141 1415 218 1469 mus,
245 1395 284 1456 ad
308 1412 434 1473 corpora
458 1394 613 1456 coelestia.
660 1395 739 1455 Nam
755 1394 811 1474 ipsi
835 1414 909 1456 saue
932 1394 1030 1456 nullas
1049 1393 1169 1456 omniuo
1187 1390 1380 1455 differentias
1393 1398 1486 1453 osteu-

141 1485 215 1545 dunt
244 1501 399 1563 corporum
432 1482 560 1544 illorum.
608 1481 709 1554 Quare
740 1484 808 1558 has,
842 1485 886 1546 uti
909 1484 1072 1564 putabunt,
1106 1482 1253 1562 ignobiles
1283 1488 1319 1543 et
1339 1488 1487 1543 renasca

140 1572 325 1634 differentias
350 1590 444 1650 aequo
469 1572 566 1633 animo
595 1573 674 1634 inter
697 1573 844 1634 coelestia
875 1573 983 1634 ferant.
1029 1572 1175 1634 Praestat
1203 1571 1283 1633 enim
1311 1569 1427 1650 aliquid
1447 1568 1486 1630 di·

139 1680 216 1735 oere,
242 1662 319 1741 quod
343 1660 373 1722 in
397 1659 508 1721 nullam
531 1661 716 1741 palpabilem
730 1661 950 1724 absurditatem
964 1662 1113 1736 incurrat,
1137 1678 1227 1740 quara
1245 1658 1376 1722 omnino
1386 1665 1484 1720 tacere

139 1751 186 1811 Ac
209 1750 310 1811 nescio
334 1768 422 1824 sane,
456 1769 493 1810 an
523 1768 580 1811 non
604 1750 706 1812 divina
730 1758 761 1812 et
784 1751 926 1812 coelestis
954 1751 1054 1831 potius
1079 1749 1211 1830 qualitas
1241 1747 1375 1810 dicenda
1401 1747 1443 1808 sit
1458 1745 1482 1807 in

140 1838 319 1901 carbunculo
348 1856 478 1919 gemma,
512 1858 588 1918 quae
612 1840 742 1902 luculam
771 1840 854 1901 illam
887 1841 915 1902 ei
938 1839 1096 1914 conciliat,
1130 1857 1219 1919 quarn
1246 1836 1442 1899 elementaria
1459 1834 1483 1896 in

140 1926 211 1990 Sole
235 1928 274 1988 ad
298 1926 527 1990 calfaciendum.
575 1929 679 2009 ltaque
704 1927 867 1991 Satnmnm
891 1929 958 1992 dico
981 1928 1012 1989 in
1036 1927 1156 1990 humido
1180 1925 1344 2000 excedere,
1370 1925 1483 1987 deficere

138 2018 167 2079 in
192 2015 306 2090 calido,
339 2015 528 2096 aequiparari
558 2016 755 2097 dispositione
779 2019 911 2097 corporis
937 2018 981 2080 sui
1011 2017 1118 2098 glaciei
1143 2022 1235 2098 (quae
1264 2015 1376 2076 eadem
1399 2011 1485 2075 hnmi-

139 2105 265 2167 dissima
288 2114 350 2181 est,
375 2112 479 2184 utpote
504 2125 598 2185 aqua,
623 2114 656 2168 et
679 2107 758 2167 omui
781 2106 882 2168 calore
904 2107 1040 2187 privata)
1064 2108 1141 2168 nnde
1165 2105 1238 2167 alba
1260 2104 1289 2165 ai
1313 2103 1486 2184 superficies,

139 2195 266 2275 ideoque
291 2194 423 2256 crassior
445 2193 565 2256 interna
588 2196 721 2274 corporis
745 2195 903 2276 dispositio
927 2215 982 2258 nec
997 2196 1156 2257 admodum
1174 2193 1337 2275 pellucida.
1384 2192 1485 2254 Astro-

141 2284 202 2363 logi
227 2283 365 2364 lrigidum
390 2291 422 2344 et
445 2283 557 2345 siccum
581 2285 697 2358 dicunt,
729 2286 806 2365 quod
829 2303 905 2365 peue
929 2285 1033 2347 eodem
1057 2284 1174 2346 recidit.
1221 2283 1375 2345 Aestates
1397 2288 1485 2343 tanum

138 2373 256 2454 pluvias
279 2380 310 2435 et
333 2373 455 2454 hyemes
479 2372 627 2452 ningidas,
652 2392 719 2434 curn
742 2382 892 2453 operatur,
920 2374 1045 2447 faciens,
1068 2373 1167 2454 magis
1186 2371 1325 2433 humidus
1351 2370 1411 2432 dici
1430 2387 1486 2431 mo·

138 2470 230 2524 retur.
278 2461 348 2523 Jovi
376 2479 483 2542 corpus
512 2462 617 2523 rubino
647 2462 743 2524 simile
767 2463 948 2533 tribuemus,
982 2472 1016 2524 ut
1043 2462 1086 2523 sit
1111 2461 1281 2541 pellucidus
1309 2460 1351 2522 ob
1374 2459 1486 2521 multam

142 2552 238 2612 lucem
261 2549 424 2629 propriam,
449 2557 483 2610 et
505 2551 671 2630 aequabilis
694 2559 785 2632 atque
808 2552 918 2614 rubeus
942 2553 980 2613 ob
1005 2552 1151 2631 fulgorem
1174 2556 1206 2612 et
1228 2549 1373 2611 colorem.
1412 2549 1486 2611 blara

144 2638 265 2701 carboni
290 2639 431 2700 candenti
456 2639 715 2720 aequiparabitur,
747 2660 784 2702 ex
809 2660 866 2721 quo
889 2641 968 2720 ignis
992 2640 1073 2702 intus
1097 2641 1198 2701 latens
1215 2638 1386 2719 polluceat:
1412 2637 1487 2716 ajmt

142 2728 220 2789 enim
243 2728 400 2807 astrologi,
425 2735 457 2790 et
480 2729 666 2808 experientia
688 2737 829 2804 testatur,
855 2731 1000 2792 torridam
1022 2737 1055 2791 et
1078 2736 1164 2791 aestu
1188 2728 1338 2790 fervidam
1358 2726 1418 2788 vim
1439 2725 1486 2786 ob-

141 2816 247 2879 tinere.
294 2816 408 2877 Veneri
431 2817 574 2879 electmm
598 2818 735 2879 dabimus
759 2819 907 2898 aequabili
931 2828 965 2881 et
987 2819 1068 2881 flava
1091 2817 1261 2898 superficie,
1287 2817 1327 2879 ob
1351 2816 1487 2896 fulgorem

139 2906 278 2967 eximium
302 2913 334 2966 et
356 2924 508 2980 croceum;
533 2915 567 2969 ut
590 2908 634 2968 ita
657 2907 724 2986 plus
748 2907 902 2969 humectat
925 2927 1013 2988 quam
1037 2907 1197 2979 calfaciat,
1226 2925 1303 2987 quae
1328 2905 1486 2987 pmprietas

138 2994 359 3057 molliusculum
382 3012 490 3073 corpus
514 2997 664 3076 requirere
687 2997 815 3059 ridetur.
863 2996 1030 3060 Mercurius
1059 2995 1187 3076 denique
1210 2995 1344 3076 saphyro
1368 3002 1421 3056 ant
1439 2990 1485 3054 tali

139 3084 228 3145 alicui
262 3083 493 3157 assimilabitur,
533 3086 611 3164 quod
642 3085 852 3164 pelluciditate
883 3085 1010 3149 acumini
1043 3085 1193 3146 radiomm
1224 3083 1323 3163 ipsius
1355 3082 1485 3153 sufficiat

138 3173 265 3252 plusque
289 3174 428 3252 proprias
453 3189 541 3251 quam
565 3175 681 3235 alienae
706 3173 781 3235 lucis
806 3175 964 3237 admittat:
989 3175 1059 3255 quia
1081 3192 1148 3236 eam
1172 3171 1486 3235 combinationeuta·

139 3260 199 3335 bet,
225 3260 276 3323 ubi
300 3259 382 3322 calor
404 3260 557 3324 humorem
580 3269 712 3342 superat.

680 3351 812 3413 Thesis
833 3350 953 3412 XXXI.
1306 3418 1314 3429 .

225 3436 356 3499 Ratione
380 3436 482 3519 itaque
506 3438 581 3499 lucis
604 3441 794 3502 mutuatitiae
819 3440 867 3501 vel
890 3439 1021 3501 humoris
1044 3436 1231 3501 considerari
1245 3444 1375 3516 possunt
1394 3454 1483 3500 eorum

138 3526 320 3588 emersioues
343 3527 393 3588 vel
417 3526 634 3589 occultationes
658 3537 689 3590 et
712 3529 928 3609 oppositiones.
975 3526 1126 3590 Saturnus
1153 3527 1204 3589 11.
1228 3526 1303 3588 Μο11
1339 3524 1485 3608 oppositae
1524 3598 1528 3607 1

136 3613 201 3678 Soli
225 3623 257 3677 et
284 3614 333 3680 18.
360 3617 487 3679 Novem.
513 3616 611 3677 eidem
635 3619 823 3696 conjunctus,
859 3618 1121 3693 humectationem,
1147 3634 1237 3697 qnam
1260 3615 1373 3691 babet,
1397 3615 1485 3678 01110-

136 3724 193 3785 qne
213 3705 367 3767 exercebit
390 3705 536 3780 maxime,
562 3705 633 3785 quia
654 3708 774 3785 plenam
799 3707 907 3768 faciem
931 3728 949 3767 a
972 3705 1045 3768 Sole
1068 3706 1251 3768 illustratam
1275 3705 1317 3766 ad
1341 3723 1397 3767 nos
1418 3721 1483 3765 con·

135 3802 244 3856 vertet.
291 3796 376 3856 Haec
403 3793 451 3856 11.
476 3793 631 3856 Februarii
655 3803 687 3856 et
710 3792 740 3859 9.
765 3795 846 3874 Aug.
871 3796 995 3857 minima
1028 3794 1088 3857 erit
1120 3795 1149 3856 in
1183 3801 1311 3873 utroque
1336 3793 1484 3875 quadrato

136 3881 257 3960 Jupiter
280 3883 358 3944 idem
383 3881 414 3946 8.
439 3882 554 3962 Aprilis
578 3885 607 3945 in
632 3885 770 3963 opposito
795 3893 826 3945 et
849 3880 902 3946 26.
929 3882 1038 3945 Octob.
1063 3885 1093 3945 in
1118 3882 1348 3962 conjunctioue;
1372 3889 1484 3945 001110-

136 3968 266 4047 riumss.
291 3971 360 4032 Jan.
386 3980 417 4031 et
440 3966 469 4032 6.
492 3971 564 4034 Julii
589 3973 618 4034 in
643 3973 799 4052 quadrato.
846 3973 931 4035 Mars
963 3973 1041 4033 idem
1066 3972 1260 4051 (quantulum
1280 3970 1400 4052 quidem
1424 3971 1481 4049 ejus

137 4058 245 4131 babet)
269 4056 299 4121 5.
325 4059 431 4121 Martii
454 4059 483 4119 in
508 4061 646 4139 opposito
670 4060 767 4137 Solis,
792 4063 974 4124 contrarium
999 4058 1029 4125 9.
1053 4060 1122 4122 Jun.
1147 4062 1176 4122 iu
1202 4060 1370 4141 quadrato,
1397 4060 1482 4121 inter·

133 4146 226 4226 jectis
250 4156 283 4208 et
306 4148 500 4228 sequentibus
523 4150 708 4228 temporibus
733 4151 914 4213 successive.
962 4149 1092 4211 Veneris
1117 4150 1178 4211 alia
1200 4149 1281 4210 ratio
1305 4157 1372 4223 est,
1404 4152 1482 4210 utet

136 4235 288 4298 Mercurii.
336 4236 418 4318 Nam
446 4236 589 4299 15.Μοἰί
614 4240 774 4319 conjuncta
797 4239 862 4302 Soli
887 4259 992 4319 supra,
1016 4237 1174 4319 plurimum
1191 4237 1394 4313 humectabit,
1422 4243 1483 4298 anta

136 4333 168 4384 et
190 4330 263 4403 post
285 4326 458 4387 successive
482 4326 595 4388 minus:
626 4335 657 4389 et
681 4347 758 4390 anuo
793 4329 901 4390 abhinc
931 4329 1046 4403 altero,
1075 4328 1156 4389 infra
1178 4326 1244 4389 Soli
1264 4327 1374 4406 juncta
1402 4323 1482 4388 miol-

136 4433 224 4476 mum.
272 4415 322 4475 Ita
350 4414 518 4476 Mercurius
551 4417 676 4495 exiguus
704 4417 735 4478 in
763 4417 820 4480 hoc
847 4426 898 4479 est
926 4413 955 4480 l.
987 4417 1057 4479 Jan.
1088 4413 1140 4480 30.
1166 4415 1293 4497 Aprilis.
1332 4413 1385 4480 29.
1408 4414 1479 4493 sug.

138 4499 189 4565 19.
214 4502 357 4565 Decemb.
403 4503 482 4566 Nam
506 4505 585 4565 infra
603 4504 668 4567 Soli
687 4506 811 4584 junctus
835 4505 1068 4568 omnemfaciem
1093 4504 1198 4568 aSole
1222 4505 1408 4569 illustratam
1420 4520 1480 4566 aur·

136 4611 201 4653 sum
233 4593 341 4655 vertit:
374 4593 531 4672 plurimum
558 4612 629 4656 vero
663 4591 692 4657 9.
718 4595 839 4672 Martii,
873 4593 927 4658 27.
951 4595 1047 4668 Junii,
1083 4591 1133 4659 19.
1158 4593 1228 4657 Oct
1253 4594 1374 4675 quando
1401 4609 1483 4674 supro

136 4678 200 4741 Soli
219 4681 366 4762 jungitur,
391 4690 423 4743 et
445 4682 628 4744 illustratam
651 4684 758 4745 faciem
782 4686 922 4746 deorsum
945 4685 1048 4745 vertit.

668 4773 799 4836 Thesis
822 4773 957 4837 XXXII.

226 4854 360 4921 11011000
382 4858 457 4922 lucis
480 4867 512 4922 et
533 4859 656 4923 virtutis
679 4864 818 4943 propriae
833 4860 1030 4927 collectoriae
1053 4858 1219 4949 dubitatur,
1237 4859 1341 4923 altius
1354 4858 1482 4924 lordono
