3278 5542
137 338 202 405 2112
693 338 814 406 Apologia
831 338 956 403 'l'ychonia

140 522 189 563 ses
214 500 446 576 astronomicas,
480 501 536 572 ait,
575 518 643 561 esse
673 499 803 561 effictam
829 499 1062 561 delineationem
1095 497 1294 579 imaginariae
1324 516 1382 559 non
1412 517 1485 561 serae

139 600 171 652 et
193 591 338 671 genuinae
368 590 480 651 formae
504 589 680 670 systematis
705 589 856 649 mundani.
904 586 1022 658 Quibus
1055 588 1156 648 serbis
1188 594 1295 667 aperte
1324 594 1417 664 negat
1440 588 1485 669 hy·

137 679 276 760 pothesin
301 697 385 746 esse.
420 698 496 760 quae
520 696 578 738 non
603 679 644 739 sit
669 679 754 739 falsa.
802 676 968 738 Confirmat
993 678 1069 738 hanc
1093 696 1178 738 suam
1201 675 1389 737 sententiam
1411 678 1486 758 paulo

139 777 221 847 post,
251 767 300 828 ubi
326 767 382 842 ait,
414 768 485 828 nihil
512 767 685 828 aliudesse
710 768 910 847 hypotheses,
945 784 1034 845 quam
1058 774 1228 828 commenta
1253 765 1414 845 quaedam.
1458 763 1486 826 n

137 857 260 919 inferius
285 857 337 930 ait,
362 876 421 918 noo
447 858 508 917 lore
533 856 717 936 hypotheses
741 857 766 916 si
791 875 880 916 verae
907 855 978 916 sint.
1032 856 1122 916 item:
1148 854 1302 935 proprium
1320 855 1486 936 easebypo·

138 947 286 1014 thesium,
317 965 353 1005 ex
379 946 457 1007 falso
481 963 585 1006 rerum
610 946 769 1006 sciscitari.
817 943 919 1014 Quare
950 945 1112 1005 secundum
1137 944 1214 1006 banc
1238 944 1425 1006 sententiam
1446 962 1486 1005 nec

139 1035 306 1098 movebitur
330 1034 424 1095 Terra
457 1054 512 1095 nec
536 1035 680 1113 quiescet.
727 1033 894 1112 Utramque
919 1035 996 1094 enim
1023 1033 1203 1114 hypothesin
1225 1033 1324 1095 Ursus
1349 1033 1486 1094 fatebitur.

138 1125 180 1185 Et
202 1124 284 1185 mille
307 1124 393 1184 talia.
442 1122 502 1183 Sed
527 1124 584 1184 hoc
606 1131 775 1184 monstrum
798 1122 980 1184 delinitionis
1006 1123 1070 1201 jam
1094 1132 1186 1184 antea
1209 1121 1287 1183 satis
1312 1131 1363 1183 est
1386 1122 1486 1183 reintr-

138 1223 201 1275 tum
235 1231 289 1274 nec
312 1212 414 1273 verbis
439 1212 560 1292 dignum
585 1220 642 1273 est.
691 1213 768 1272 Tota
792 1213 887 1273 series
908 1231 1040 1273 errornrn
1064 1222 1112 1274 est
1136 1228 1172 1277 ex
1197 1210 1324 1273 sinistro
1349 1211 1486 1273 intellectu

141 1303 250 1385 etymi:
276 1296 494 1374 inorrdeodae,
527 1304 605 1380 qnod
630 1302 708 1364 Urso
729 1301 847 1362 videtur
875 1301 953 1362 idern
979 1302 1148 1381 essequod
1174 1301 1297 1380 lingere.
1345 1302 1393 1362 At
1414 1318 1487 1380 supra

140 1392 278 1464 diximus,
304 1391 370 1470 quis
395 1391 459 1469 ejus
483 1390 524 1451 sit
547 1391 735 1469 significatus
759 1391 836 1470 apud
862 1398 1042 1468 geometras.

229 1480 345 1540 Deinde
370 1480 562 1560 hypotheses,
583 1480 636 1551 ait,
660 1480 787 1559 confingi
812 1480 849 1539 ad
871 1480 1077 1540 observandos
1097 1486 1193 1539 motus
1208 1477 1373 1539 coelestes.
1420 1478 1486 1539 Haec

72 1571 75 1576 ’
140 1570 292 1630 sententia
316 1567 625 1648 ediametropugnat
648 1587 713 1629 cum
748 1568 886 1629 veritate.
933 1569 1035 1630 Motus
1069 1567 1217 1629 coelestes
1242 1567 1409 1629 observare
1428 1585 1485 1647 pos

140 1677 259 1731 sumus,
293 1657 377 1718 nulla
408 1657 498 1736 plane
531 1657 636 1718 imbuti
660 1657 798 1735 opinione
829 1657 917 1718 ullius
943 1657 1149 1735 dispositionis
1173 1656 1336 1719 coelorum.
1385 1655 1485 1718 Etenim
1528 1688 1530 1725 ;

141 1748 313 1808 observatio
338 1754 470 1807 motuum
495 1745 670 1807 coelestium
700 1755 889 1807 astronomos
912 1744 1079 1807 manducat
1099 1745 1136 1805 ad
1161 1744 1349 1828 hypotheses
1373 1745 1487 1826 legitime
1527 1740 1530 1803 ἶ

140 1836 378 1910 constituendas,
405 1854 462 1895 non
479 1856 494 1896 e
511 1835 671 1896 contrario.
720 1833 808 1904 Quod
832 1835 909 1896 enim
934 1836 963 1896 in
988 1836 1065 1896 omni
1079 1834 1252 1913 cognitione
1278 1834 1322 1910 tit,
1348 1843 1385 1897 ut
1408 1834 1486 1896 abis
1528 1872 1530 1911 ÷

140 1926 270 2007 quaein
295 1944 402 1986 sensus
432 1925 586 1985 incurrunt
617 1924 740 1998 exorsip
766 1926 875 1985 mentis
900 1925 1066 2004 agitatione
1094 1923 1297 2004 provehamur
1320 1925 1361 1986 ad
1386 1924 1484 1994 attan
1527 1914 1530 1951 ¹

142 2033 218 2095 quae
246 2015 327 2075 nullo
356 2032 463 2074 sensus
497 2013 632 2074 acumine
666 2013 876 2092 comprehendi
910 2022 1033 2092 queunt,
1068 2014 1147 2074 idem
1180 2020 1212 2073 et
1243 2012 1271 2073 in
1302 2012 1485 2075 astronomiae
1528 2004 1530 2013 ¹

140 2103 260 2183 negotio
286 2102 381 2165 locum
407 2103 511 2175 habet,
547 2103 594 2163 nbi
619 2102 744 2180 primum
773 2103 872 2163 varios
904 2103 1096 2182 planetarum
1125 2102 1202 2163 situs
1230 2102 1363 2164 diversis
1387 2112 1484 2182 tempo

140 2192 221 2255 ribus
246 2194 339 2254 oculis
363 2201 517 2265 notamus,
549 2191 654 2271 quibus
678 2190 939 2252 observationibus
963 2190 1154 2253 ratiocinatio
1179 2191 1397 2270 superveniens
1422 2208 1485 2253 men·

141 2289 201 2342 tem
225 2281 254 2342 in
278 2281 479 2360 cognitionem
504 2281 618 2342 soranae
641 2279 810 2341 mundanae
835 2281 971 2353 deducit,
1000 2281 1085 2360 cujus
1102 2278 1220 2361 quidem
1244 2280 1362 2343 formae
1376 2280 1484 2343 munda·

141 2390 197 2431 nae
222 2371 264 2431 sic
288 2389 326 2430 ex
350 2369 611 2430 observationibus
635 2368 793 2430 conclusae
819 2369 982 2431 delineatio
999 2369 1210 2450 hypothesium
1235 2370 1484 2432 astronomicarum

51 2504 58 2511 .
141 2459 331 2539 postmodum
356 2478 460 2519 nomen
487 2459 673 2538 adipiscitur.

227 2546 330 2608 Tertio
363 2554 550 2609 astronomos
584 2547 612 2608 in
643 2548 673 2607 id
703 2549 811 2608 saltem
844 2546 999 2608 elaborare
1031 2547 1111 2620 vult,
1144 2554 1177 2607 ut
1207 2565 1245 2607 ex
1270 2549 1419 2610 assumtis
1437 2545 1484 2608 sais

141 2636 359 2719 hypothesibus
384 2636 529 2698 rationem
553 2637 683 2698 reddant
706 2645 839 2699 motuum
859 2636 1034 2697 coelestium
1058 2636 1261 2715 doceantque,
1293 2638 1401 2718 quales
1420 2637 1483 2700 lutu-

143 2726 184 2788 ris
218 2726 402 2804 temporibus
436 2727 600 2805 apparituri
633 2727 705 2787 sint.
760 2725 867 2805 h'eque
896 2725 944 2786 hic
981 2725 1045 2808 sine
1079 2725 1254 2803 exceptione
1283 2744 1389 2788 verum
1419 2725 1483 2789 dicit

142 2814 222 2879 Nam
246 2815 305 2876 etsi
329 2816 395 2885 hoc,
421 2816 498 2895 quod
522 2815 605 2888 dicit,
632 2815 797 2876 astronomi
820 2814 992 2892 primarium
1018 2814 1223 2889 estolidum,
1248 2833 1308 2876 non
1334 2823 1483 2879 estnon

144 2911 336 2965 astronomus
361 2923 376 2963 e
402 2913 491 2964 coetu
514 2904 775 2984 philosophorum,
806 2902 915 2983 quide
940 2921 1037 2965 rerum
1070 2911 1178 2965 natura
1201 2912 1368 2982 quaerunt,
1401 2904 1481 2967 exclu-

142 2993 269 3055 dendus.
317 2994 400 3054 Bene
427 2994 559 3073 iungitur
582 2993 680 3054 officio
706 2992 879 3066 astronomi,
905 2991 953 3072 qui
979 3011 1066 3072 quam
1090 2993 1224 3071 proxime
1247 3001 1351 3055 motus
1374 3004 1406 3056 et
1426 2994 1483 3055 sius

143 3083 299 3143 stellarum
323 3081 489 3161 praedicit:
514 3082 622 3143 melius
647 3092 746 3143 tamen
772 3081 847 3142 iacit
872 3089 903 3143 et
926 3081 1032 3160 majori
1057 3082 1145 3143 laude
1165 3082 1272 3162 dignus
1294 3079 1483 3161 habemani

143 3180 267 3252 praeter
295 3169 352 3231 hoc
384 3170 475 3230 etiam
500 3190 588 3231 veras
619 3173 657 3231 de
687 3171 787 3232 mundi
816 3171 911 3231 forma
942 3171 1111 3231 sententias
1140 3171 1273 3234 adhibet.
1321 3173 1379 3234 llle
1400 3186 1482 3251 nempe

144 3277 247 3331 rernm
278 3259 374 3339 quoad
403 3259 499 3319 visum
533 3259 700 3321 concludit:
732 3261 861 3322 hicnon
892 3267 1008 3320 tantum
1034 3260 1110 3320 risui
1135 3260 1317 3322 concludens
1342 3259 1482 3329 abstaret

144 3349 317 3410 sedetiam
344 3357 469 3410 naturae
492 3348 713 3428 penitissimam
738 3349 861 3411 sormam
885 3348 1088 3410 concludendo
1116 3349 1328 3428 amplectitur,
1359 3362 1394 3412 ut
1413 3365 1483 3428 sayra
1527 3418 1530 3443 Ι

146 3438 202 3499 luit
235 3437 427 3517 explicatum.
481 3439 586 3517 b'eqne
616 3439 663 3499 bic
698 3438 882 3499 solummodo
916 3438 1039 3499 ideam
1071 3438 1202 3518 aliquam
1236 3438 1307 3500 boni
1341 3434 1483 3502 astronomi
1527 3462 1530 3507 ε

145 3528 299 3588 describo:
336 3526 473 3606 exempla
501 3536 672 3607 suppetunt
719 3528 787 3590 Non
821 3528 878 3588 fuit
901 3527 1103 3589 necessarium
1128 3528 1165 3588 ad
1189 3535 1290 3589 motus
1317 3530 1484 3608 planetarum
1528 3542 1530 3603 j

146 3616 373 3697 praedicendus,
398 3624 432 3675 ut
456 3616 650 3678 Ptolemaeus
676 3617 712 3676 de
737 3617 842 3677 ordine
868 3617 1064 3697 sphaerarum
1091 3616 1271 3696 disputaret,
1299 3627 1334 3680 et
1352 3619 1383 3680 id
1404 3627 1483 3680 ano

146 3707 170 3767 is
195 3707 356 3785 diligenter
380 3705 463 3765 lecit.
510 3705 577 3768 non
604 3706 660 3767 fnit
682 3707 886 3767 necessarium
910 3706 948 3767 ad
974 3713 1074 3767 motus
1097 3706 1287 3785 planetarum
1311 3708 1425 3771 calculo
1443 3722 1484 3766 ex·
1528 3750 1530 3755 ,

145 3795 324 3873 promendus
349 3803 380 3854 et
403 3795 637 3874 praedicendos,
669 3804 702 3855 ut
727 3792 911 3873 Copernicus
940 3804 971 3855 et
1005 3795 1181 3873 pontillum
1205 3794 1376 3881 D.·'1yoho
1399 3810 1484 3859 cmm
1528 3850 1530 3859 .

146 3883 338 3962 inquirerent,
364 3902 416 3943 cur
439 3884 580 3961 planetae
606 3882 773 3965 daporvyaos
796 3886 869 3943 liant
885 3884 985 3944 Terris
1009 3884 1146 3963 proximi.
1193 3884 1343 3948 Poterant
1358 3886 1431 3948 enim
1448 3880 1484 3941 vel

146 3970 333 4031 Ptolemaica
369 3973 463 4031 torma
506 3974 655 4033 coelorum
684 3974 729 4033 usi
768 3973 910 4034 correctis
948 3971 1182 4034 dimensionibus
1221 3974 1303 4035 idem
1335 3982 1483 4056 praestana
1527 4020 1530 4033 .

145 4058 206 4119 Sed
227 4060 300 4120 lecit
323 4078 406 4121 amor
430 4062 657 4138 cognoscendae
683 4070 818 4136 naturae,
844 4069 878 4122 ut
902 4062 1066 4122 astronomi
1090 4063 1301 4126 astmnomicis
1320 4058 1483 4144 argumentis
1528 4120 1530 4125 ,

144 4149 221 4208 hanc
245 4147 385 4229 physices
409 4156 526 4226 partem
545 4151 764 4228 explorandam
790 4161 950 4224 sumerent,
976 4169 1030 4212 nec
1055 4150 1164 4229 injuria
1179 4152 1350 4231 gloriantur
1371 4155 1409 4217 de
1427 4168 1483 4213 ssa·
1528 4152 1530 4217 Ϊ

143 4255 207 4297 rum
231 4237 439 4317 hypothesium
472 4256 538 4298 cum
563 4258 661 4300 rerum
687 4250 797 4299 natura
824 4241 1046 4300 conformitate.
1093 4237 1174 4310 Quid
1199 4238 1409 4321 Copernicns?
1434 4254 1484 4302 rom

144 4327 397 4386 animadverteret
429 4327 458 4386 in
483 4328 659 4388 Ptolemaeo
691 4328 839 4408 quandam
869 4329 1117 4409 inaequalitatem
1141 4339 1240 4391 motus
1274 4333 1414 4415 opicycli,
1441 4343 1484 4390 non

144 4413 213 4495 quia
241 4414 267 4475 is
295 4422 395 4475 motus
420 4414 495 4476 visui
528 4423 560 4477 et
589 4417 793 4493 experientiae
825 4436 878 4477 seu
907 4418 1112 4479 observationi
1145 4419 1317 4495 stellarum,
1352 4421 1406 4485 scd
1431 4412 1485 4501 φὶ*
1528 4420 1530 4425 ’

142 4523 239 4565 rerum
269 4513 411 4564 naturae
429 4513 626 4583 repugnaret,
662 4506 727 4566 ideo
752 4506 819 4566 hinc
844 4507 1033 4568 occasionem
1057 4526 1091 4570 se
1114 4508 1254 4587 adeptum
1285 4511 1485 4591 profitetnw
1527 4540 1530 4551 ·

144 4592 319 4653 Ptolemaeo
350 4592 534 4653 discedendi.
581 4594 622 4654 Et
650 4613 667 4655 o
691 4595 832 4656 miserum
856 4596 1068 4671 Aristotelem,
1104 4597 1246 4659 miseram
1275 4598 1345 4680 ejus
1372 4598 1485 4682 pbiloso-

142 4680 256 4760 phiam‚
282 4700 340 4760 qna
363 4690 452 4759 parte
476 4682 665 4745 divinissima
689 4692 845 4758 censetur,
871 4685 896 4745 si
920 4685 1083 4746 astronomi
1106 4694 1171 4747 tam
1194 4686 1294 4749 malae
1317 4689 1388 4751 fidei
1409 4694 1487 4751 tates

141 4770 172 4831 in
196 4769 411 4849 philosophicis
441 4773 653 4832 controversiis
678 4774 761 4834 liunt.
811 4774 838 4833 is
863 4776 951 4848 enim,
977 4793 1042 4836 cnm
1067 4793 1103 4835 eo
1127 4776 1312 4852 devenisset,
1336 4788 1372 4841 nt
1393 4784 1489 4843 centn

140 4857 409 4943 intelligentiarum
447 4861 624 4924 coelestium
652 4880 804 4926 nnmerum
837 4871 870 4926 et
897 4862 1032 4925 ordinem
1061 4865 1229 4948 exprimere
1259 4884 1389 4933 noemae
1414 4870 1492 4943 utet
