3278 5542
487 1225 992 1327 ruooumuut

675 1493 806 1504 -ψ-

153 1654 184 1714 In
208 1652 397 1732 praefatione
421 1653 460 1714 ad
474 1652 669 1715 Prodromum
689 1654 774 1734 (pah
791 1650 850 1727 36)
874 1655 1004 1735 epistola
1027 1662 1130 1717 exstat
1145 1655 1190 1729 (d.
1206 1653 1291 1734 Sept.
1311 1650 1421 1728 1597),

123 1761 178 1822 qua
199 1743 351 1823 Keplerus
374 1743 422 1804 his
445 1741 546 1804 verbis
565 1742 730 1804 Maestlino
754 1744 891 1818 nunciat,
926 1745 1046 1806 misisse
1070 1763 1103 1805 se
1122 1744 1305 1826 Raymaro
1328 1743 1422 1806 Urso

108 1830 239 1893 thmarso
270 1830 445 1911 opusculum
470 1851 564 1893 suum.
612 1832 730 1905 „Ursus
752 1832 854 1911 Praga
882 1834 920 1894 ad
946 1852 994 1894 me
1018 1833 1154 1914 scripsit,
1185 1842 1292 1912 petens
1317 1852 1421 1894 exem-

108 1919 182 1994 eria;
207 1921 251 1982 cui
277 1919 414 2002 quamvis
437 1918 557 1981 minime
571 1921 657 2000 gravi
681 1921 800 1984 authori
823 1921 933 1984 indulsi
957 1931 1070 1999 tamen,
1096 1922 1165 2003 quia
1180 1920 1351 1985 Caesareus
1375 1928 1423 1982 cst

108 2009 317 2084 ethematicue,
349 2008 479 2090 mihique
510 2028 569 2088 qua
600 2009 744 2089 prodesse
775 2031 834 2091 qua
864 2010 971 2074 obesse
1000 2018 1112 2093 potest.
1159 2011 1253 2073 Patet
1280 2011 1361 2072 euim
1392 2010 1421 2070 in

108 2098 315 2179 priamusque
339 2098 405 2177 ejus
429 2096 654 2160 familiaritas.“
699 2099 773 2160 Inde
797 2099 930 2180 Keplero
953 2109 1021 2163 orta
1036 2108 1106 2162 sunt
1124 2100 1321 2173 incommoda,
1346 2118 1422 2179 quae

108 2195 226 2267 quentes
250 2188 395 2250 exhibent
416 2186 545 2268 paginae
570 2195 602 2248 et
626 2206 750 2267 quorum
775 2189 1027 2251 sublevandarum
1051 2208 1144 2251 causa
1162 2189 1311 2269 Keplerus
1331 2187 1421 2249 libel-

108 2293 129 2336 n
160 2277 353 2357 conscripsit,
386 2276 435 2358 qui
464 2275 600 2356 quamvis
628 2295 686 2338 non
715 2276 913 2340 absolutuse
946 2277 1157 2358 manuscriptis
1187 2275 1422 2357 Petropolitauis

108 2362 192 2428 Imum
216 2366 264 2428 hic
288 2366 369 2449 typis
392 2366 556 2445 impressus
581 2374 638 2428 est.

155 2456 234 2518 Joh.
259 2455 438 2518 Mollerus
462 2454 714 2534 Flensburgensis
746 2454 776 2515 in
799 2461 881 2516 tomo
901 2456 924 2516 Ι.
949 2456 1048 2534 operis
1072 2455 1222 2535 inscripti:
1257 2452 1423 2518 Cimbria

108 2550 243 2606 terata
267 2544 413 2612 (Hafniac
431 2539 530 2617 1744)
561 2544 637 2605 haec
661 2544 698 2605 de
721 2541 801 2604 Urso
825 2545 933 2605 refert:
966 2544 1066 2607 Nicol.
1087 2544 1293 2606 Reimarus
1316 2544 1422 2612 Ursus,

108 2634 224 2694 eneteda
247 2634 442 2695 Dithmareus
467 2634 519 2706 (au
542 2632 631 2695 Ursi
660 2651 807 2712 agnomen
831 2633 1014 2713 gentilitium
1042 2633 1194 2709 habuerit,
1223 2634 1272 2695 vel
1294 2633 1424 2712 ipsemet

108 2721 243 2799 sciverit,
268 2722 405 2802 ignoro),
430 2721 570 2785 subulcus
594 2722 803 2800 ἀναλφαβητος
818 2724 875 2785 fuit
889 2723 927 2783 ad
943 2743 1051 2785 annum
1070 2742 1162 2803 usque
1179 2722 1290 2784 aetatis
1304 2722 1423 2784 XVIII.

122 2828 204 2872 suum
234 2831 306 2874 cura
329 2813 367 2873 ad
386 2812 540 2873 literarum
564 2811 666 2874 studia
690 2811 769 2872 felici
794 2831 935 2872 successu
958 2812 1079 2873 transiit
1103 2820 1135 2873 et
1156 2813 1316 2890 plerasque
1336 2809 1421 2871 oloro-

108 2899 201 2971 larrroe
222 2919 367 2981 perquam
390 2900 448 2962 sibi
471 2901 604 2962 reddidit
627 2899 801 2971 familiares.
849 2899 993 2974 Scholas,
1028 2901 1107 2962 sicut
1129 2900 1257 2979 Ipsemet
1280 2898 1422 2960 rusticum

128 3007 237 3054 vocans
261 2989 468 3051 Dithmarsum
499 2997 647 3064 testatur,
673 2988 738 3064 „uti
762 3008 814 3049 sus
837 2989 957 3051 hortum
980 2989 1128 3069 percurrit
1151 2996 1183 3050 et
1206 2989 1256 3049 vix
1279 3008 1299 3048 a
1322 2986 1422 3049 limiue

108 3070 225 3153 Interit,
258 3078 313 3139 sed
337 3099 356 3140 a
378 3078 460 3140 stiva
482 3078 562 3140 illico
586 3078 616 3139 in
640 3097 733 3158 remp.
758 3077 924 3140 literarium
952 3079 1097 3159 singulari
1125 3079 1253 3160 quodam
1282 3078 1346 3139 fato
1370 3082 1424 3138 aut

108 3166 154 3228 uio
176 3167 320 3248 irrupit.“
364 3168 399 3228 In
423 3167 553 3230 mathesi
576 3175 607 3228 et
621 3166 807 3228 astronomia
830 3174 930 3229 tamen
945 3169 1098 3230 doctorem
1113 3188 1197 3230 suum
1218 3167 1310 3229 fuisse
1326 3183 1422 3245 agno·

108 3250 129 3314 t
147 3256 168 3317 J
176 3265 301 3320 ustum
323 3256 507 3339 Byrgium.
553 3256 678 3318 Patroni
702 3255 868 3317 studiorum
886 3258 989 3337 juveni
1013 3257 1185 3337 obtigerunt
1206 3257 1312 3318 fleur.
1327 3256 1417 3318 Ran-

111 3345 209 3419 vius,
240 3365 349 3426 prorex
374 3344 542 3408 Cimbricus
571 3352 603 3407 et
626 3343 852 3407 Guilielmus
879 3346 1048 3408 Haesorum
1074 3345 1222 3426 princeps.
1268 3344 1296 3406 Ε
1323 3343 1424 3425 patria

108 3444 235 3510 (tessus,
260 3434 357 3497 vitam
375 3435 519 3514 juvenum
542 3433 753 3496 informatione
776 3435 920 3497 toleravit
943 3436 1101 3509 nobilium,
1133 3441 1164 3497 et
1188 3457 1214 3497 a.
1244 3429 1328 3496 1584
1351 3432 1421 3494 Eri·

108 3535 134 3584 ω
155 3524 305 3605 Langium
328 3523 500 3604 Tychonem
522 3523 552 3584 in
577 3541 646 3584 arce
668 3524 814 3585 Huenuae
838 3523 955 3585 insulae
979 3524 1159 3585 invisentem
1181 3530 1230 3583 est
1249 3521 1421 3583 comitatus.

108 3613 223 3686 asellis,
249 3612 299 3675 ubi
323 3612 504 3693 aliquamdiu
529 3621 595 3674 erat
618 3618 822 3687 sustentatus,
847 3612 876 3673 iu
902 3612 1087 3674 academiam
1110 3611 1250 3690 migravit
1273 3607 1420 3688 Argenti·

108 3714 187 3762 usem
210 3702 310 3782 ibique
334 3722 362 3763 a.
392 3696 476 3764 1588
499 3702 758 3776 „Fundamentum
773 3701 1039 3763 Astronomicum“
1063 3700 1168 3762 edidit.
1214 3700 1344 3776 Pragam
1363 3715 1421 3756 non

108 3787 157 3852 lto
187 3799 260 3870 post
289 3812 308 3853 a
335 3790 495 3870 Rudolpho
524 3790 564 3851 Il.
582 3790 777 3871 'imperatore
810 3797 954 3851 evocatus
992 3808 1049 3850 non
1070 3787 1291 3853 ,mathematici
1327 3786 1421 3848 solum

108 3873 152 3940 lici
177 3880 370 3959 dignitatem,
399 3880 454 3942 sed
478 3880 650 3941 matheseos
674 3878 767 3940 etiam
790 3878 820 3939 in
845 3879 1001 3940 academia
1032 3877 1252 3958 professionem
1281 3875 1420 3938 obtinuit.

108 3962 239 4030 actatum
263 3969 331 4042 „De
354 3963 571 4050 hypothesibus
594 3966 839 4030 Astronomicis“
863 3988 890 4031 a.
919 3965 1003 4031 1597
1027 3968 1146 4048 Pragae
1171 3966 1295 4041 editum,
1320 3971 1368 4027 tot
1393 3964 1421 4024 in

108 4058 263 4132 versarioe,
288 4058 465 4137 praesertIm
485 4057 656 4139 Tychonem
670 4056 830 4134 Braheum,
855 4057 1012 4119 calumniis
1036 4058 1090 4119 duc.
1116 4057 1263 4137 opplevit,
1287 4054 1354 4118 utJ
1364 4053 1420 4115 oh.

111 4147 267 4208 ssenius
291 4146 336 4220 (in
360 4166 403 4210 or.
428 4148 464 4208 de
488 4146 554 4208 vita
577 4153 610 4207 et
632 4152 727 4208 morte
751 4147 845 4228 lych.
865 4147 992 4221 Brahei)
1017 4165 1145 4227 sequens
1168 4146 1205 4208 de
1233 4146 1286 4209 illo
1316 4141 1421 4205 merito

108 4231 169 4297 Isse
197 4235 337 4299 videatur
362 4235 525 4315 judicium:
551 4242 629 4302 ,ante
660 4253 753 4295 annos
781 4237 926 4315 pauculos
955 4235 1076 4317 quidam
1104 4235 1279 4315 ingeniosus
1309 4240 1341 4295 et
1364 4232 1421 4293 do-

108 4339 139 4392 u,
163 4325 216 4386 sed
242 4325 355 4405 absque
379 4323 523 4402 religione
547 4332 579 4385 et
601 4323 712 4385 virtute
732 4324 819 4387 homo
844 4324 985 4388 tetricum
1011 4333 1042 4386 et
1065 4325 1212 4386 famosum
1238 4331 1344 4385 contra
1358 4321 1421 4401 Ty-

108 4427 185 4475 onem
211 4413 380 4493 divulgavit
403 4413 556 4492 scriptum.
602 4412 671 4475 Non
700 4420 751 4474 sat
774 4413 874 4476 fuerat
902 4413 1075 4476 infamatori
1103 4413 1147 4475 illi
1179 4413 1313 4493 plagium
1337 4426 1420 4471 com-

108 4504 181 4564 ttere
214 4502 380 4564 literarium
413 4510 445 4564 et
477 4502 628 4584 Thebouis
665 4502 845 4583 hypothesin
888 4503 1011 4565 falsarie
1048 4521 1101 4582 pro
1137 4503 1258 4583 proprio
1300 4501 1420 4562 invento

108 4591 230 4665 aditare,
255 4590 314 4653 nisi
338 4592 431 4654 etiam
454 4591 550 4654 virum
573 4591 647 4653 aviti
671 4592 809 4672 generis,
834 4611 968 4655 summac
994 4592 1185 4667 erud'pionie,
1211 4588 1420 4669 inculpatisei·

108 4700 131 4742 »e
154 4682 248 4754 vitae,
275 4681 429 4743 sexcentis
453 4681 641 4744 contumeliis
665 4681 744 4762 apud
770 4680 863 4756 alios,
889 4681 914 4743 si
930 4700 987 4742 non
1012 4682 1222 4754 deformatum,
1248 4686 1420 4758 suspectum

108 4767 172 4833 item
195 4769 391 4836 reddidisset.
436 4770 479 4836 Et
501 4771 636 4855 profecto
656 4770 725 4854 jure
744 4778 843 4840 actum
867 4791 934 4838 cum
956 4770 1012 4835 boo
1033 4770 1155 4847 fuisset,
1180 4769 1229 4832 vel
1252 4766 1421 4847 etiamjam
