3278 5542
136 339 202 413 322
558 336 660 387 Literss
677 333 779 399 Kspisri
803 334 953 398 mannen·
971 339 1072 383 mamae

138 500 194 561 huc
218 493 400 559 littoralibus
423 492 594 555 nationibus
618 491 696 552 inter
719 491 862 570 Angiiam
886 499 918 555 et
942 487 1073 550 Daniam
1094 507 1252 553 cmnmuns
1277 488 1377 551 luisse.
1417 488 1460 549 iia

138 605 195 666 que
218 602 312 646 cauea
333 581 468 661 proxime
488 600 504 641 s
528 579 603 640 mari
627 588 711 640 esset
733 578 874 658 petendu.
923 575 1040 639 Guttae
1069 576 1251 655 sulphureae
1279 577 1369 639 etiam
1389 576 1462 641 hicio

139 671 287 736 Bohemia
311 690 388 731 anno
405 665 459 732 99.
485 668 710 748 praecedebant
731 675 848 746 postem
874 674 905 728 et
933 666 1145 747 dysenteriam.
1194 662 1316 739 Sufficit
1340 666 1462 744 pensu

138 771 256 841 pestem
286 761 347 820 fere
381 768 412 819 et
435 757 557 819 humida
581 767 695 818 aestas.
742 756 841 818 Julius
871 754 954 816 initio
979 752 1058 837 apud
1082 773 1136 814 nos
1160 753 1296 829 calidus,
1328 752 1367 816 ab
1388 752 1463 827 ult’uno

26 890 31 900 ‚
138 850 247 912 triente
271 847 360 928 paulo
384 845 595 918 turbulentior,
626 846 782 922 Augustus
807 863 878 905 vero
908 861 1000 924 usque
1024 843 1064 905 ad
1086 839 1140 904 20.
1165 843 1306 906 humidus
1335 851 1368 904 et
1388 842 1464 905 iucen-

139 937 356 1000 stantissimus.
401 932 533 996 Causam
557 933 585 995 in
610 941 709 994 motus
736 932 759 1005 Q
785 937 850 1009 etp
874 932 1005 1005 confero,
1030 939 1135 993 euntes
1159 951 1213 1013 per
1236 942 1379 1013 aspectus
1401 951 1465 1012 snp-

140 1029 248 1090 riorum
273 1033 304 1086 et
327 1023 357 1085 iu
382 1031 483 1085 mutuo
507 1022 608 1083 sextili
633 1030 792 1083 versantes
815 1022 865 1084 diu
889 1021 1057 1083 admodum.

210 1147 400 1199 Fabricius:
419 1145 446 1194 P.
463 1143 489 1194 S.
508 1145 531 1194 d.
553 1142 594 1192 it.
609 1146 672 1209 Aug.
712 1143 774 1193 Cum
793 1151 891 1208 praeter
909 1145 1047 1207 opinionem
1065 1143 1153 1194 literae
1170 1144 1323 1208 priores'itit
1340 1152 1466 1203 amassint

139 1220 204 1270 volui
221 1218 369 1285 posteriores
387 1231 457 1265 mese
477 1230 506 1264 co
526 1216 641 1264 'reusnes
659 1216 779 1278 prioribus
799 1216 874 1279 adjuu
893 1230 934 1265 ere
953 1222 979 1264 et
997 1215 1063 1264 addo
1080 1215 1127 1265 hes
1145 1217 1322 1279 quaestiones:

211 1288 354 1349 Quaeritur.
373 1301 406 1336 au
427 1281 452 1349 8
473 1294 498 1335 et
570 1287 701 1343 bonorum,
730 1294 758 1334 ut
776 1286 798 1347 'il
818 1293 844 1336 et
898 1321 905 1343 ,
931 1287 981 1335 sint
1005 1287 1062 1335 boni
1080 1285 1119 1336 rei
1137 1285 1215 1336 mslii
1252 1288 1293 1337 An
1320 1285 1467 1352 planetes

141 1364 456 1424 temperamentum
481 1357 585 1405 bominis
609 1358 663 1405 neti
682 1352 943 1407 constituenti
975 1357 1028 1421 Ego
1047 1371 1119 1422 nego.
1157 1355 1224 1418 Quid
1249 1357 1281 1408 de
1298 1358 1468 1422 interrege

141 1431 306 1484 tionibus
326 1435 351 1479 et
365 1429 465 1490 iudiciis
485 1430 513 1475 iis
531 1428 694 1478 innitentibus
712 1429 744 1477 sit
761 1427 941 1479 sentiendum?
977 1427 1199 1491 resupinarum
1223 1429 1344 1479 tribum
1358 1476 1360 1483 ,
1375 1428 1470 1495 uon

142 1502 303 1566 suspiciosam
322 1514 376 1549 esse
392 1499 485 1562 iudico.
523 1496 588 1558 Quid
607 1497 637 1547 de
655 1499 750 1549 usitate
767 1505 872 1562 parte
891 1499 1081 1556 fortunae.
1101 1499 1132 1550 de
1151 1499 1399 1553 electionibus
1413 1505 1470 1555 we

141 1574 229 1641 logicis
247 1564 345 1622 sentis?
381 1569 445 1618 iliud
474 1581 554 1632 nugas
581 1582 627 1633 ego
645 1574 741 1632 reputo.
779 1569 976 1635 imaginum
994 1568 1244 1623 characterisaterum
1271 1570 1319 1622 ruis
1342 1577 1406 1622 eene
1427 1569 1472 1620 tesi

142 1645 224 1708 positu
242 1642 338 1691 ridetur
356 1640 439 1704 aliqua
456 1641 482 1688 in
500 1638 590 1687 morbis
607 1639 767 1705 profligandis
785 1641 821 1688 ris
840 1639 885 1688 dic.

231 1730 429 1809 Keplerus:
464 1727 529 1787 Tua
561 1726 746 1808 postscripta
780 1747 827 1788 me
861 1736 1004 1790 revocant
1036 1728 1065 1789 in
1090 1728 1298 1809 astrologiam.
1346 1731 1473 1810 Aspuna

143 1821 261 1903 quinam
284 1818 363 1889 boni,
389 1816 437 1897 qui
462 1815 551 1876 maii?
597 1815 663 1894 Ego
679 1816 757 1877 inter
772 1825 912 1895 aspectus
933 1817 1113 1896 astrologice
1137 1835 1195 1879 nou
1212 1817 1345 1880 discerni
1359 1826 1475 1899 putuper

143 1906 288 1971 bonitatis
312 1913 342 1965 et
367 1904 501 1967 malitiae
526 1914 631 1977 notas,
666 1905 720 1964 sed
744 1913 860 1966 tantum
884 1924 938 1985 per
962 1906 1165 1967 fortitudinem
1189 1914 1222 1968 et
1247 1905 1474 1968 imbecillitatem

143 1995 263 2059 Fortior
285 1994 321 2068 is,
346 1993 431 2072 cujus
456 1992 673 2053 demonstratio
699 1993 811 2056 sortior.
860 1994 959 2054 Primo
975 1994 1144 2073 conjunctio
1160 1990 1339 2077 corporalis,
1368 1992 1475 2075 quiahic

143 2083 297 2146 identitas.
332 2081 470 2144 Secundo
481 2081 630 2161 oppositio
641 2081 814 2161 corporalis,
831 2082 901 2161 quia
911 2083 1057 2144 diameter
1067 2083 1179 2158 circuli,
1194 2083 1337 2146 bisecans
1347 2083 1476 2146 circulum

143 2173 245 2235 Tertio
270 2172 466 2253 quadratura,
497 2169 565 2248 quia
594 2169 698 2231 lateris
723 2170 902 2250 quadratum
927 2179 973 2232 est
1001 2171 1141 2252 quadrati
1164 2171 1306 2235 diametri
1335 2171 1475 2234 dimidium

144 2259 261 2332 Quarto
286 2259 403 2321 sextilis
428 2268 459 2319 et
482 2259 635 2337 trigonoe,
660 2258 730 2339 quia
753 2260 833 2320 latus
858 2259 1015 2338 sexanguii
1040 2261 1165 2341 aequale
1189 2269 1239 2323 est
1262 2261 1476 2328 semidiametro.

144 2359 176 2412 et
197 2350 278 2411 latus
301 2347 443 2427 trianguli
466 2354 569 2427 potest
598 2339 630 2426 Ἰ,
659 2347 809 2409 diametri.
858 2345 971 2418 Quinto
997 2348 1130 2429 quintilis
1154 2358 1186 2411 et
1207 2349 1395 2431 biquiutiiis‚
1426 2349 1478 2430 quis

139 2439 247 2518 juncta
271 2436 424 2516 utriusque
450 2436 597 2516 quadrata
620 2443 691 2496 sunt
723 2436 760 2497 ad
787 2436 963 2516 quadratum
988 2438 1126 2499 diametri
1159 2446 1192 2500 ut
1215 2436 1236 2499 5
1261 2438 1300 2501 ad
1325 2433 1356 2499 4.
1402 2436 1476 2501 Serto

145 2524 426 2606 ses'quiquadratus,
461 2524 531 2605 quia
549 2524 733 2586 irrationalis
767 2532 798 2585 et
821 2526 885 2586 sine
910 2526 1000 2587 socio.
1048 2527 1128 2588 iiam
1160 2529 1355 2611 octanguium
1379 2528 1476 2608 quiden

140 2616 228 2695 juvat
260 2614 342 2675 ilium
376 2613 414 2674 ad
447 2612 633 2692 aequandum
668 2613 844 2694 quadratum
878 2613 1029 2688 diametri;
1064 2616 1117 2675 sed
1141 2616 1336 2699 octanguium
1369 2634 1423 2677 noo
1443 2625 1477 2676 est

145 2703 223 2765 inter
241 2700 439 2763 harmonicus.
486 2701 556 2761 Jam
581 2701 609 2760 in
634 2702 765 2781 planetis
791 2721 848 2762 non
865 2712 934 2764 suut
957 2703 1027 2765 boni
1051 2712 1083 2765 et
1099 2705 1178 2775 maii,
1203 2704 1258 2766 sed
1279 2704 1357 2781 duri,
1382 2704 1475 2771 molles

145 2789 245 2865 calidi,
269 2789 383 2870 frigidi,
408 2788 534 2863 humidi,
560 2789 641 2851 sicci.
689 2789 830 2852 Mollibus
861 2802 893 2851 et
916 2791 1044 2854 humidis
1068 2793 1249 2855 conveniunt
1272 2793 1406 2866 sextilis,
1434 2792 1475 2854 tri·

68 2921 71 2927 s
144 2898 254 2961 genus,
280 2878 560 2958 sesquiquadratns,
596 2879 747 2939 translato
772 2880 884 2940 auriiun
910 2880 1114 2959 experimento
1143 2902 1181 2945 ex
1203 2883 1322 2945 musica
1344 2883 1373 2946 iu
1396 2890 1473 2944 sebe

145 2969 269 3049 iugiam;
294 2968 376 3028 duris
399 2976 431 3027 et
454 2967 576 3029 fervidis
601 2968 788 3046 acceptiores
813 2969 946 3048 quintilis
971 2979 1003 3030 et
1025 2969 1202 3051 biquiutiiis.

232 3057 279 3118 De
310 3063 598 3136 temperamento
631 3065 702 3134 puto
737 3057 945 3136 quaestionem
978 3076 1069 3138 supra
1093 3060 1260 3140 agitatam,
1297 3069 1333 3132 et
1351 3058 1473 3142 prioribus

145 3145 241 3207 literis
266 3166 285 3205 a
307 3163 354 3205 me
378 3162 565 3223 responsum.
612 3144 732 3206 Natura
756 3144 884 3206 hominis
909 3155 957 3208 est
980 3147 1077 3209 instar
1100 3148 1216 3210 metalli
1239 3148 1360 3231 liquati,
1384 3149 1473 3212 coelun

146 3233 242 3295 instar
265 3235 389 3305 formae,
414 3232 443 3292 iu
468 3251 556 3313 quam
579 3232 752 3296 iniimditur.
798 3234 868 3296 -Nisi
891 3244 1052 3298 contumax
1075 3237 1116 3299 sit
1130 3238 1297 3314 metalium,
1321 3247 1415 3301 totam
1429 3239 1472 3299 lor·

143 3340 221 3383 ruam
255 3330 361 3382 exacte
395 3320 539 3400 suscipit3
573 3330 605 3381 at
634 3330 795 3383 contumax
826 3330 873 3383 est
905 3323 1034 3386 hominis
1059 3333 1166 3389 natura
1199 3326 1237 3388 ob
1266 3325 1473 3411 imaginationes

143 3411 248 3472 matris
273 3410 488 3471 antecedentes
512 3419 544 3470 et
567 3408 765 3472 iustitutionis
790 3411 946 3490 sequentis
961 3414 1038 3488 vim,
1073 3433 1148 3495 quae
1173 3423 1222 3476 est
1248 3414 1348 3479 instar
1369 3415 1438 3479 coeli
1454 3419 1474 3471 tl

142 3500 274 3580 scalpri3
298 3499 461 3560 miscentur
484 3497 585 3578 itaque
609 3499 683 3560 haec
708 3500 776 3560 tria.
823 3501 873 3561 lta
897 3509 996 3563 tecum
1021 3504 1188 3565 consentio.

230 3589 276 3649 De
301 3596 408 3668 parte
433 3587 608 3649 fortunae
633 3595 666 3647 ut
689 3588 725 3648 de
750 3589 917 3651 domibus
937 3591 1055 3669 judico,
1089 3593 1249 3655 confictam
1273 3592 1315 3656 ad
1339 3588 1472 3657 iomanis

141 3697 286 3757 responsa
309 3678 348 3737 ad
372 3695 456 3738 omne
482 3694 576 3755 genus
601 3677 821 3756 quaestionum.

227 3765 297 3827 Jam
322 3784 393 3845 ergo
417 3773 448 3826 et
472 3764 509 3824 de
533 3764 579 3826 his
604 3765 829 3845 quaestionibus
853 3785 950 3828 aueum
966 3768 1060 3830 habes
1080 3768 1238 3848 judicium,
1264 3778 1318 3832 tuo
1333 3769 1472 3833 ecorum

141 3855 202 3915 Sed
227 3856 304 3928 vide,
331 3854 401 3932 quid
425 3872 508 3931 agas.
557 3851 656 3915 Crede
681 3854 767 3926 mihi,
802 3855 939 3934 utrinque
974 3866 1005 3917 et
1038 3858 1310 3939 aquacstionibus
1334 3857 1393 3921 tuis
1422 3864 1474 3917 ets

141 3943 376 4019 profectionibus
401 3943 540 4021 aequalia
572 3952 657 4004 stant
681 3943 888 4021 experimenta
924 3953 955 4007 et
979 3945 1203 4008 frustrationes.
1248 3946 1333 4010 Nam
1362 3945 1471 4024 utrinqu

141 4033 261 4091 tbrtuna
285 4030 466 4097 dominatur.

229 4119 418 4197 Imagines
446 4118 540 4182 meris
566 4128 741 4197 argumento
767 4119 881 4181 urbium
906 4129 938 4183 et
967 4120 1132 4198 regionum.
1179 4122 1269 4204 Nego
1303 4123 1361 4187 tibi
1382 4132 1471 4189 utne

140 4225 206 4291 que.
264 4206 447 4285 imaginibus
480 4207 539 4268 vim
572 4206 715 4269 conciliat
748 4208 922 4270 credulitas.
974 4210 1087 4272 Audivi
1120 4211 1160 4273 ab
1192 4212 1331 4292 expertis
1363 4208 1470 4275 uerius

139 4314 230 4376 saepe
256 4296 355 4357 verbis
379 4295 486 4356 medici
511 4294 648 4355 iiduciam
665 4297 923 4380 persuadentibus
948 4315 1012 4357 cum
1037 4300 1155 4377 magico
1181 4300 1317 4364 iocinore
1331 4293 1469 4365 testeum

140 4391 278 4445 naturam
298 4385 363 4463 jam
389 4402 464 4463 pene
488 4384 664 4462 collapsam.
713 4385 829 4465 itaque,
855 4386 932 4447 siet
960 4385 997 4446 ob
1022 4387 1117 4449 visam
1142 4388 1306 4470 imaginem
1329 4391 1359 4453 in
1376 4399 1469 4473 gerunt

137 4473 276 4535 iiduciam
300 4473 449 4552 concipiat
474 4473 610 4534 credulus
636 4491 736 4552 aeger,
757 4473 940 4552 juvabiruur.
990 4473 1091 4546 Quare
1112 4496 1172 4541 nou
1189 4487 1263 4559 puto
1288 4479 1468 4560 publicem·

139 4572 187 4623 tra
210 4562 434 4642 disputandum.
482 4560 545 4623 Sed
578 4561 616 4621 ab
641 4561 740 4626 herbis
766 4570 796 4622 et
815 4562 903 4623 rebus
932 4565 1120 4628 naturalibus
1145 4569 1380 4647 argumentaris,
1416 4576 1468 4647 quat

138 4671 157 4709 a
180 4660 262 4712 certo
286 4659 420 4729 tempure
445 4650 505 4710 vim
528 4670 547 4710 a
570 4649 654 4710 coeio
678 4650 824 4727 majorem
848 4653 1030 4731 concipiant.
1077 4655 1143 4716 Aut
1165 4656 1196 4717 id
1222 4664 1271 4721 est
1295 4644 1467 4721 maeoti

131 4736 265 4818 tempus,
291 4739 340 4802 ubi
364 4758 456 4800 causa
479 4738 508 4799 in
533 4739 664 4810 humore,
689 4738 838 4814 siccitate,
863 4741 1056 4816 maturitate,
1081 4752 1135 4806 sut
1158 4743 1214 4807 tibi
1238 4753 1292 4807 est
1304 4742 1468 4825 incognitum

136 4828 164 4899 si
187 4827 248 4893 alis
270 4829 335 4914 ejus
360 4828 503 4912 temporis
526 4827 677 4912 periodus.
724 4828 847 4908 iit—non
873 4831 956 4892 vaiet
978 4841 1187 4915 argumentum
1210 4855 1232 4899 a
1247 4842 1360 4901 ustura
1380 4832 1417 4898 ed
1432 4843 1468 4901 ti·
