3278 5542
611 328 647 380 as
661 329 736 381 assas
754 330 915 396 mermes
1381 321 1441 394 331

94 488 260 570 nugissima
288 508 310 550 a
330 490 461 553 veritate
484 489 641 576 aberrare
676 492 849 571 etquidem
880 493 995 554 solatur
1018 510 1064 553 me
1093 499 1149 554 tna
1173 491 1253 554 acris
1276 488 1447 551 exhortatio

94 577 329 641 deliciandum
351 579 492 641 veritatis
515 580 630 659 ignem,
657 587 689 642 ut
712 581 785 642 milri
807 582 1020 662 persuadeam,
1051 600 1107 642 non
1132 588 1163 642 te
1188 579 1260 642 mihi
1289 579 1444 641 succensi-

94 685 203 740 nrnm,
228 666 256 728 si
279 666 454 731 militariter
474 687 627 748 pugnans,
653 669 825 732 militariter
849 678 881 730 et
899 679 998 732 tecum
1022 670 1136 750 loquor.
1189 665 1347 748 Oppressa
1369 668 1446 729 enim

94 770 143 818 sae
167 756 311 819 libertate
334 758 486 837 pugnandi
508 758 544 818 fit
567 757 688 837 ingrata
711 759 845 840 scriptio.

176 845 289 917 Jubes,
312 855 347 908 ut
369 855 453 908 tuam
476 848 658 909 senteutiam
682 867 748 910 cnm
773 868 841 910 mea
864 848 1027 910 conferam.
1074 848 1119 909 Tu
1143 864 1214 925 ergo
1239 846 1319 907 turta
1342 862 1447 906 exem·

94 933 130 1016 pli
155 933 258 1013 gratia
280 933 311 995 in
335 935 565 997 melancholiam
589 938 724 1011 coniers3
748 957 864 999 mecum
889 955 959 1014 ergo
985 936 1070 1011 iacis,
1094 955 1217 1016 possum
1241 935 1319 996 enim
1343 936 1448 996 eadem
1532 937 1536 945 '

94 1040 186 1105 opera
209 1041 269 1102 qna
292 1031 324 1086 tn
347 1025 576 1093 melancholiam
601 1026 760 1088 immunem
786 1049 804 1088 a
827 1026 990 1088 sceleribus
1017 1033 1049 1086 et
1071 1043 1128 1103 ego
1152 1025 1265 1086 coelum
1291 1042 1446 1086 excusare.

162 1111 353 1163 Fabricius:
379 1113 417 1163 Tu
442 1119 772 1178 temperamentorum
792 1115 1012 1166 conmmattonem
1029 1115 1137 1178 planetis
1160 1114 1262 1169 tribuis,
1290 1114 1355 1162 aiorrt
1374 1119 1452 1164 antea

94 1183 265 1239 mbaatiwes
283 1183 332 1234 iliis
350 1185 510 1250 adscripsisti.
548 1185 599 1236 Sed
617 1187 672 1253 qui.
701 1202 806 1252 quaeso.
836 1186 945 1237 natalitii
970 1186 1088 1249 planetae
1114 1186 1196 1237 crasin
1215 1185 1313 1235 afficere
1339 1189 1449 1248 pomum.

94 1271 144 1307 ιιιιι
164 1270 195 1307 en
213 1262 355 1313 momento.
374 1272 422 1321 quo
440 1257 494 1321 quis
512 1259 637 1314 nascitur,
656 1261 734 1308 erasis
752 1259 805 1309 fieri
824 1274 873 1308 nou
892 1258 997 1321 incipiat
1014 1259 1131 1319 primum,
1158 1256 1202 1306 sed
1221 1262 1273 1305 toto
1292 1257 1449 1320 impraegna-

95 1326 162 1377 inuis
184 1331 296 1389 tempere
315 1325 481 1377 conformetur
500 1343 516 1378 a
533 1335 625 1378 natura
642 1330 743 1379 seminis
763 1338 789 1379 et
806 1330 957 1378 nutrimento
976 1329 1002 1377 in
1022 1334 1101 1378 utero.
1140 1327 1264 1391 Astrologi
1283 1342 1339 1376 sero
1359 1341 1390 1376 ex
1402 1326 1453 1377 fine

94 1398 323 1462 mprugnatlonim
348 1399 390 1447 ubi
409 1398 602 1462 perlectus·1am
620 1400 701 1450 inatus
720 1403 801 1457 inerit,
827 1401 943 1463 judicant
961 1399 992 1449 de
1011 1400 1228 1462 temperamentis,
1256 1413 1305 1447 non
1325 1412 1356 1446 ex
1373 1399 1452 1457 initio,

95 1469 164 1520 aab
182 1469 264 1539 rainae
281 1469 363 1519 medin
380 1476 499 1533 tempore.
538 1470 565 1520 Si
582 1478 782 1535 temperamenta
806 1471 974 1522 conformandi
993 1477 1146 1534 potestatem
1172 1471 1271 1519 omnino
1289 1471 1398 1533 planetis
1415 1470 1452 1518 sie

95 1541 243 1593 mure.
269 1541 364 1591 ridebis
380 1543 449 1605 ipse.
478 1555 553 1606 quarn
570 1543 644 1606 plana
663 1545 784 1594 amonem
801 1543 848 1593 hoc
867 1545 908 1599 sit,
927 1543 1011 1592 iacere
1030 1558 1060 1592 ex
1077 1542 1193 1592 natalitio
1211 1548 1322 1604 tempore
1340 1541 1452 1592 criticam

95 1613 284 1676 liquosidonem.
322 1611 451 1673 Quomodo
471 1613 590 1677 planetae
609 1616 691 1665 crasin
710 1617 861 1665 constituere
879 1619 991 1679 possunt,
1010 1629 1066 1663 cnm
1084 1613 1164 1662 nullos
1181 1613 1295 1662 humores
1314 1611 1401 1666 reales.
1421 1626 1453 1661 ax

95 1682 177 1748 mnas
195 1687 418 1746 temperamentum
438 1685 611 1741 constituitur.
632 1685 736 1750 desuper
753 1686 887 1736 infundant
905 1683 1015 1747 corpori?
1054 1683 1115 1733 Cum
1135 1699 1193 1749 ergo
1216 1683 1330 1733 humores
1350 1697 1366 1732 a
1384 1682 1452 1731 coelo

95 1768 137 1804 sca
156 1755 217 1809 sint,
239 1768 287 1803 nec
306 1768 390 1803 eorum
407 1755 550 1818 qualitates,
570 1757 638 1806 rides
657 1758 718 1820 ipse,
737 1757 803 1806 nullo
819 1761 875 1820 Jure
894 1758 941 1806 rim
955 1755 1121 1806 consutuendi
1134 1760 1333 1818 temperamenta
1352 1753 1452 1803 attribui

95 1840 170 1882 rnna,
190 1826 239 1874 lece
256 1824 330 1875 modo
348 1831 375 1876 et
392 1827 568 1877 inclinationes
586 1835 612 1877 et
630 1835 829 1892 temperamenta
847 1834 893 1878 tna
910 1828 1053 1891 planetaria
1068 1827 1207 1876 concidere.

179 1898 384 1977 Keplerus:
417 1898 471 1960 De
505 1901 810 1979 temperamentis
834 1900 1027 1980 peculiariter
1051 1896 1270 1976 argumentaris
1293 1914 1332 1956 ex
1355 1895 1449 1964 coelo,

95 1987 161 2069 peria
184 2006 258 2066 pars
281 2006 301 2048 a
323 1988 472 2050 matribus
494 2007 549 2072 per
574 1989 803 2069 imaginationes
828 1998 885 2050 est.
934 1989 1002 2052 Non
1018 1987 1153 2067 sequitur
1174 2005 1245 2066 pars
1260 1984 1352 2058 illinc,
1377 1983 1450 2046 nihil

95 2095 160 2157 argo
186 2076 265 2151 hinc,
290 2075 453 2139 miscentur
477 2078 566 2152 enim,
591 2099 650 2159 qua
673 2086 761 2159 perte
784 2078 930 2140 similiora
953 2087 1038 2151 sunt;
1063 2077 1142 2156 quod
1166 2083 1198 2138 et
1221 2076 1257 2138 de
1277 2074 1450 2135 inclinatio-

95 2166 178 2228 aibns
201 2165 316 2227 dictum
339 2173 416 2228 esto.
463 2167 522 2229 Illa
545 2168 691 2230 coelestia
716 2168 811 2247 pallia
834 2167 990 2248 generalia
1013 2175 1097 2238 suut,
1123 2165 1213 2227 aliter
1236 2171 1398 2243 operantur
1422 2162 1451 2222 in

95 2254 215 2317 aboleta
237 2253 357 2329 innata,
391 2254 481 2318 aliter
503 2255 533 2317 in
557 2256 773 2319 melancholico
798 2259 873 2319 isto.
920 2256 956 2318 ld
980 2265 1082 2317 autem
1115 2256 1224 2316 nedum
1247 2252 1452 2333 conceptionis

96 2343 230 2418 ιιιιοιιιο,
254 2351 307 2405 aut
320 2343 423 2426 sideri,
447 2351 501 2406 ant
519 2345 725 2426 imaginationi
740 2347 850 2420 tribuo,
868 2365 958 2426 quam
973 2344 1103 2424 tempori
1118 2342 1308 2424 gestationis,
1327 2351 1454 2422 propter

96 2433 265 2497 continuam
288 2432 544 2511 imaginationem,
568 2435 704 2514 quamvis
731 2435 831 2497 anima
857 2434 1046 2497 divinissima
1070 2434 1099 2495 in
1116 2433 1229 2495 semine
1243 2431 1341 2511 patris
1357 2430 1453 2493 multa

96 2522 184 2585 stiam
210 2522 249 2582 de
272 2521 504 2600 cogitationibus
527 2523 626 2603 patris
650 2533 721 2586 ante
745 2530 922 2604 conceptum
946 2524 1065 2585 deferre
1098 2541 1199 2584 secum
1224 2520 1376 2583 credenda
1398 2519 1449 2582 sit.

96 2611 166 2675 lita
191 2608 364 2692 embryonis
388 2611 485 2673 mnus
508 2620 566 2685 est,
592 2612 655 2674 nati
680 2616 802 2676 flamma
817 2613 1004 2684 (Femelium
1019 2605 1188 2692 sequor).²)
1235 2609 1338 2690 Magis
1360 2609 1452 2689 igitur

96 2700 190 2764 ireilis
222 2707 255 2760 et
286 2699 398 2761 iormae
427 2701 611 2779 receptibilis
640 2702 668 2763 in
698 2723 770 2765 suae
800 2703 927 2764 lusionis
956 2721 1010 2763 seu
1033 2699 1279 2762 inflammationis
1314 2698 1449 2760 articulo.

96 2789 211 2852 beinde
237 2787 346 2863 sidera,
370 2788 480 2869 inquis,
503 2791 643 2852 humores
667 2811 724 2853 uon
749 2790 877 2866 habent,
902 2811 956 2853 ucc
979 2791 1070 2867 igitur
1094 2790 1169 2851 dant
1192 2788 1301 2852 crasin.
1343 2787 1451 2850 lisita-

96 2878 247 2943 issimam
269 2896 367 2941 meam
391 2879 616 2958 responsionem
640 2900 677 2942 ex
700 2879 775 2942 meis
798 2880 953 2960 principiis
978 2881 1069 2959 (quae
1093 2879 1119 2940 ei
1143 2896 1201 2939 non
1225 2875 1376 2950 admittis,
1402 2894 1453 2937 cnr

96 2987 146 3030 ιοιι
174 2968 246 3047 ipsa
268 2966 450 3045 generaliter
482 2968 638 3039 reiutaaii
668 2970 806 3050 ignorare
835 2989 893 3031 nou
921 2978 1024 3048 potes,
1056 2976 1089 3029 ut
1111 2967 1225 3028 musica
1253 2964 1400 3027 laetificat
1423 2972 1454 3024 et

96 3064 207 3132 novet,
237 3064 271 3117 nt
293 3056 462 3135 exemplum
486 3058 540 3118 aiat
569 3058 751 3139 archetypus
780 3058 921 3119 aedificat
946 3059 1065 3118 domum
1089 3057 1159 3131 isc,
1189 3055 1232 3116 sic
1256 3054 1371 3117 coelum
1400 3053 1454 3114 dat

97 3145 206 3218 rasin,
232 3144 301 3205 dum
316 3144 432 3206 animus
446 3145 600 3208 humorum
625 3155 658 3208 et
680 3147 803 3209 seminia
817 3147 847 3208 in
863 3149 988 3209 sormam
1003 3145 1135 3218 (Model)
1156 3143 1318 3207 sclmmatis
1333 3141 1452 3204 transit.

164 3250 378 3301 Fabricius:
406 3250 446 3302 De
464 3252 554 3302 morbis
579 3259 606 3301 et
623 3254 705 3303 causis
724 3269 808 3303 eorum
830 3255 905 3302 mirae
924 3254 1115 3318 imaginationes
1137 3251 1223 3301 babes.
1261 3249 1298 3299 Ex
1315 3249 1372 3298 lorti
1390 3248 1452 3297 ima·

97 3323 224 3376 batione
242 3321 321 3371 multa
338 3323 433 3385 prodire
451 3338 524 3386 posse
552 3338 602 3374 nen
622 3339 695 3389 nego.
733 3323 784 3375 Sed
802 3340 852 3374 non
869 3326 1016 3389 imaginatio
1035 3326 1090 3386 ipsa
1100 3322 1267 3377 lenocinium,
1286 3320 1332 3371 sed
1350 3319 1454 3370 affectus

97 3411 117 3446 x
137 3393 325 3457 imaginatione
344 3396 517 3457 provenientes
538 3392 572 3455 (s.
593 3410 615 3446 c.
635 3396 660 3444 in
680 3396 795 3461 gravidis,
815 3397 840 3445 in
859 3403 929 3460 peste
942 3391 1016 3456 dte).
1035 3394 1107 3458 idque
1120 3400 1219 3443 tantum
1237 3393 1263 3441 in
1282 3392 1388 3447 leminis,
1406 3404 1453 3440 na·

97 3467 153 3517 uris
174 3463 310 3521 debilibus,
342 3465 397 3514 viris
418 3465 566 3515 effeminatis
590 3467 733 3532 contingere
751 3473 841 3532 potest
879 3468 913 3516 At
931 3467 982 3518 tale
1001 3465 1059 3530 quid
1077 3467 1102 3515 in
1120 3465 1210 3513 morbis
1229 3477 1259 3512 ex
1276 3463 1455 3528 imaginatione

97 3536 189 3588 abacis
209 3540 255 3584 ant
271 3534 370 3599 paliorls
389 3535 414 3597 0'
435 3543 460 3587 et
478 3536 494 3591 ii
512 3543 635 3595 statuam,
655 3539 745 3588 rationi
764 3544 888 3602 repugnat
901 3535 1090 3600 (Keplernst
1108 3535 1151 3584 ubi
1162 3531 1265 3593 retici).
1303 3532 1368 3594 Quid
1380 3533 1455 3582 rusti-

97 3620 134 3659 aa
155 3605 281 3665 antelli,
307 3607 348 3670 qui
367 3605 392 3667 ό
412 3610 524 3658 ruborem
541 3622 668 3673 nunquam
691 3611 886 3664 condieramnt.
906 3609 1047 3658 denatura
1065 3605 1090 3666 (ς
1111 3603 1239 3671 cogitent?
1267 3602 1454 3667 (Keplerus:

97 3693 154 3732 asse
174 3692 226 3727 non
245 3684 284 3727 est
301 3679 447 3743 imaginatio
465 3694 510 3741 per
528 3677 675 3741 decumum)
695 3687 740 3730 aut
766 3694 840 3746 qnam
869 3680 900 3729 de
919 3682 972 3741 eius
990 3679 1110 3743 incogniti
1136 3677 1217 3727 colore
1247 3676 1452 3739 imaginationem

97 3749 226 3813 uncipere
245 3748 369 3812 possunt?
406 3748 432 3799 Si
451 3750 518 3800 dices
537 3749 738 3815 (Keplerusz
758 3767 807 3801 non
826 3751 873 3800 hoc
893 3747 960 3812 dcc)
982 3748 1007 3810 0¹
1030 3752 1103 3811 juxta
1120 3749 1195 3797 sitnm
1213 3761 1284 3796 snum
1303 3751 1371 3796 certo
1390 3752 1454 3794 tem·

97 3835 152 3871 sore
171 3834 217 3884 per
235 3820 358 3869 occultam
376 3835 447 3871 suam
473 3823 596 3872 actionem
620 3823 645 3871 in
665 3823 753 3872 animis
779 3823 887 3872 excitare
905 3821 1109 3885 imaginationem
1137 3818 1220 3874 illam,
1249 3816 1307 3880 qnid
1334 3815 1402 3865 aliud
1429 3816 1454 3865 id

97 3893 150 3949 ait,
171 3904 247 3955 quarn
264 3890 404 3941 maleficam
422 3893 527 3942 nocendi
546 3894 594 3941 rim
613 3900 698 3956 aperte
716 3893 750 3942 illi
770 3891 930 3943 adscribere?

168 3962 224 4027 Ege
243 3968 327 4012 ιιιιιιο
346 3962 533 4027 (Keplsrnsz
558 3963 594 4014 Ut
612 3970 638 4015 et
656 3980 717 4030 ego,
742 3965 786 4014 sed
805 3970 889 4015 tamen
909 3964 988 4014 aliter.
1026 3961 1133 4024 Obiecta
1151 3966 1211 4010 aunt
1228 3959 1342 4023 exempla
1360 3972 1455 4013 eorum.

97 4047 162 4100 pun
179 4033 243 4084 tacit
261 4034 346 4084 anima
363 4034 393 4083 iis
411 4032 516 4093 mota),
534 4035 649 4099 planetae
669 4051 718 4086 non
737 4049 827 4086 causas
846 4041 951 4100 agentes
969 4035 1107 4084 morborum
1126 4030 1187 4093 dte,
1206 4031 1251 4082 sed
1269 4044 1340 4081 mera
1357 4036 1456 4080 tantum

97 4108 169 4175 ipsa
187 4104 285 4155 illorum
304 4118 373 4162 esse,
401 4121 449 4156 nec
467 4108 592 4157 actionem
611 4107 678 4156 illam
697 4122 727 4156 ex
745 4107 822 4156 stellis
842 4108 984 4172 provenire,
1012 4104 1056 4154 sed
1075 4105 1107 4154 ab
1126 4105 1178 4167 ipso
1196 4102 1265 4159 Deo.
1290 4117 1340 4152 non
1358 4102 1456 4168 quidem

98 4176 254 4231 mediata.
282 4175 326 4225 sed
344 4176 470 4235 mediate,
499 4179 537 4227 ita
555 4179 626 4227 utin
645 4177 735 4228 morbis
762 4178 908 4228 inducendis
930 4182 1016 4227 utatur
1033 4176 1120 4225 mediis
1138 4190 1188 4224 non
1205 4174 1289 4239 procul
1307 4174 1394 4238 positis
1413 4177 1457 4224 aut

98 4246 198 4297 aliunde
217 4247 353 4304 accersitis.
372 4248 417 4298 sed
435 4250 542 4299 materia
559 4250 635 4298 noxia
652 4250 781 4299 humorum
799 4251 959 4305 internorum,
982 4248 1020 4296 sel
1040 4247 1071 4297 ab
1090 4250 1160 4297 extra
1177 4245 1339 4310 periculorum
1358 4244 1455 4294 allatio

98 4318 215 4375 duilius,
232 4318 320 4383 qulbus
332 4333 360 4369 se
372 4319 484 4369 diabolus
497 4334 573 4384 saepe
585 4322 682 4377 miscet.
701 4334 748 4385 qno
760 4323 797 4371 sic
810 4334 826 4370 a
838 4321 906 4371 coelo
919 4319 1100 4385 praefiguratas
1116 4330 1210 4382 poenas
1223 4316 1271 4367 Dei
1285 4318 1406 4381 permissu
1418 4318 1455 4366 in·

98 4389 218 4443 asnaa
257 4389 341 4450 Quare
357 4391 384 4440 in
402 4392 516 4469 omnibus
533 4391 572 4442 bis
591 4393 729 4443 actionibus
748 4399 774 4444 et
791 4391 1012 4457 significauonibus
1031 4389 1093 4440 cells
1109 4390 1225 4453 physicas
1238 4395 1283 4439 ant
1294 4387 1457 4453 ιιιιοιοκιοιι

98 4474 189 4512 causas
209 4459 287 4510 solnm
306 4462 428 4526 inquirere
448 4468 474 4512 et
488 4463 655 4520 considerare,
675 4464 747 4513 nimis
759 4463 895 4527 physicum,
916 4476 1026 4511 crassamr
1044 4467 1070 4510 et
1087 4460 1188 4511 carnale
1209 4467 1256 4510 est.
1275 4457 1456 4522 (Keplerusz

98 4530 200 4585 rmum
219 4538 246 4582 et
263 4532 289 4582 in
308 4543 366 4582 moa
383 4533 539 4600 philosophia
557 4533 702 4600 theologum
722 4548 808 4601 agore.
846 4533 907 4582 Cum
921 4533 990 4583 Deus
1003 4533 1125 4590 irascitur,
1148 4531 1268 4595 permittit
1285 4535 1457 4594 praeposteras

98 4599 312 4673 imaginationes.)

166 4692 328 4756 Keplerns
346 4693 372 4743 in
389 4692 467 4744 literis
485 4693 536 4744 suis
554 4695 649 4760 pergit:

186 4763 323 4827 Tandem
346 4765 423 4826 hauc
447 4763 660 4846 principiorum
684 4764 832 4828 rationem
861 4764 1034 4843 generalem
1063 4763 1091 4826 ia
1115 4762 1253 4841 exemplo
1283 4762 1322 4823 de
1344 4760 1457 4823 morbis

98 4853 267 4937 despugnae.
313 4853 406 4916 Dinis
433 4854 594 4918 animalem
617 4855 716 4918 metue
741 4854 919 4917 imultatem
942 4854 1096 4916 incensam
1116 4858 1219 4915 mente
1242 4849 1366 4924 οιιοιιιι,
1390 4867 1456 4912 cnm
