<?xml version="1.0" encoding="UTF-8"?>
<!DOCTYPE html PUBLIC "-//W3C//DTD XHTML 1.0 Transitional//EN"
    "http://www.w3.org/TR/xhtml1/DTD/xhtml1-transitional.dtd">
<html xmlns="http://www.w3.org/1999/xhtml" xml:lang="en" lang="en">
 <head>
  <title>
</title>
<meta http-equiv="Content-Type" content="text/html;charset=utf-8" />
  <meta name='ocr-system' content='tesseract 3.04.00' />
  <meta name='ocr-capabilities' content='ocr_page ocr_carea ocr_par ocr_line ocrx_word'/>
</head>
<body>
  <div class='ocr_page' id='page_1' title='image "./joanniskepleria17frisgoog_0073.png"; bbox 0 0 3278 5542; ppageno 0'>
   <div class='ocr_carea' id='block_1_1' title="bbox 235 321 1001 391">
    <p class='ocr_par' dir='ltr' id='par_1_1' title="bbox 235 321 1001 391">
     <span class='ocr_line' id='line_1_1' title="bbox 235 321 1001 391; baseline -0.004 -13"><span class='ocrx_word' id='word_1_1' title='bbox 235 321 282 391; x_wconf 76' lang='lat'>50</span> <span class='ocrx_word' id='word_1_2' title='bbox 832 325 1001 375; x_wconf 77' lang='lat' dir='ltr'>Prooemium*</span> 
     </span>
    </p>
   </div>
   <div class='ocr_carea' id='block_1_2' title="bbox 234 476 1631 1193">
    <p class='ocr_par' dir='ltr' id='par_1_2' title="bbox 234 476 1631 1193">
     <span class='ocr_line' id='line_1_2' title="bbox 235 476 1631 566; baseline -0.003 -16"><span class='ocrx_word' id='word_1_3' title='bbox 235 487 348 550; x_wconf 87' lang='lat' dir='ltr'>billum.</span> <span class='ocrx_word' id='word_1_4' title='bbox 395 486 463 547; x_wconf 86' lang='lat' dir='ltr'>Nisi</span> <span class='ocrx_word' id='word_1_5' title='bbox 488 486 564 548; x_wconf 85' lang='lat' dir='ltr'>sorte</span> <span class='ocrx_word' id='word_1_6' title='bbox 588 493 715 547; x_wconf 80' lang='lat' dir='ltr'>octavae</span> <span class='ocrx_word' id='word_1_7' title='bbox 739 486 887 565; x_wconf 76' lang='lat' dir='ltr'>sphaerae</span> <span class='ocrx_word' id='word_1_8' title='bbox 916 485 1008 548; x_wconf 89' lang='lat' dir='ltr'>etiam</span> <span class='ocrx_word' id='word_1_9' title='bbox 1036 484 1153 566; x_wconf 91' lang='lat' dir='ltr'>aliquos</span> <span class='ocrx_word' id='word_1_10' title='bbox 1176 493 1275 550; x_wconf 88' lang='lat' dir='ltr'>motus</span> <span class='ocrx_word' id='word_1_11' title='bbox 1299 485 1420 550; x_wconf 78' lang='lat' dir='ltr'>tribuit·</span> <span class='ocrx_word' id='word_1_12' title='bbox 1461 485 1530 566; x_wconf 84' lang='lat' dir='ltr'>Ego</span> <span class='ocrx_word' id='word_1_13' title='bbox 1554 486 1594 548; x_wconf 90' lang='lat' dir='ltr'>sie</span> <span class='ocrx_word' id='word_1_14' title='bbox 1628 476 1631 515; x_wconf 63' lang='lat'>³</span> 
     </span>
     <span class='ocr_line' id='line_1_3' title="bbox 235 574 1631 657; baseline -0.002 -18"><span class='ocrx_word' id='word_1_15' title='bbox 235 595 344 639; x_wconf 90' lang='lat' dir='ltr'>censeo</span> <span class='ocrx_word' id='word_1_16' title='bbox 372 575 409 637; x_wconf 92' lang='lat' dir='ltr'>de</span> <span class='ocrx_word' id='word_1_17' title='bbox 437 575 595 657; x_wconf 76' lang='lat' dir='ltr'>Tycham,</span> <span class='ocrx_word' id='word_1_18' title='bbox 629 574 785 636; x_wconf 83' lang='lat' dir='ltr'>Divitiis</span> <span class='ocrx_word' id='word_1_19' title='bbox 818 575 1023 651; x_wconf 90' lang='lat' dir='ltr'>abundare,</span> <span class='ocrx_word' id='word_1_20' title='bbox 1057 576 1187 656; x_wconf 90' lang='lat' dir='ltr'>quibus</span> <span class='ocrx_word' id='word_1_21' title='bbox 1220 594 1287 638; x_wconf 93' lang='lat' dir='ltr'>non</span> <span class='ocrx_word' id='word_1_22' title='bbox 1320 583 1424 640; x_wconf 90' lang='lat' dir='ltr'>recte</span> <span class='ocrx_word' id='word_1_23' title='bbox 1456 583 1592 649; x_wconf 87' lang='lat' dir='ltr'>utatur,</span> <span class='ocrx_word' id='word_1_24' title='bbox 1628 604 1631 615; x_wconf 92' lang='lat'>·</span> 
     </span>
     <span class='ocr_line' id='line_1_4' title="bbox 236 663 1591 747; baseline -0.002 -19"><span class='ocrx_word' id='word_1_25' title='bbox 236 685 319 729; x_wconf 89' lang='lat' dir='ltr'>more</span> <span class='ocrx_word' id='word_1_26' title='bbox 342 665 550 745; x_wconf 88' lang='lat' dir='ltr'>plerorumque</span> <span class='ocrx_word' id='word_1_27' title='bbox 575 663 709 725; x_wconf 86' lang='lat' dir='ltr'>divitum.</span> <span class='ocrx_word' id='word_1_28' title='bbox 758 663 868 726; x_wconf 90' lang='lat' dir='ltr'>Danda</span> <span class='ocrx_word' id='word_1_29' title='bbox 891 673 938 727; x_wconf 93' lang='lat' dir='ltr'>est</span> <span class='ocrx_word' id='word_1_30' title='bbox 962 665 1053 745; x_wconf 85' lang='lat' dir='ltr'>igitur</span> <span class='ocrx_word' id='word_1_31' title='bbox 1076 683 1168 744; x_wconf 86' lang='lat' dir='ltr'>opera</span> <span class='ocrx_word' id='word_1_32' title='bbox 1199 664 1292 744; x_wconf 90' lang='lat' dir='ltr'>(quod</span> <span class='ocrx_word' id='word_1_33' title='bbox 1316 673 1348 728; x_wconf 90' lang='lat' dir='ltr'>et</span> <span class='ocrx_word' id='word_1_34' title='bbox 1370 683 1426 747; x_wconf 88' lang='lat' dir='ltr'>ego</span> <span class='ocrx_word' id='word_1_35' title='bbox 1450 683 1507 745; x_wconf 90' lang='lat' dir='ltr'>pru</span> <span class='ocrx_word' id='word_1_36' title='bbox 1528 682 1591 726; x_wconf 89' lang='lat' dir='ltr'>mes</span> 
     </span>
     <span class='ocr_line' id='line_1_5' title="bbox 234 752 1592 836; baseline -0.003 -19"><span class='ocrx_word' id='word_1_37' title='bbox 234 764 331 836; x_wconf 87' lang='lat' dir='ltr'>parte,</span> <span class='ocrx_word' id='word_1_38' title='bbox 356 755 410 817; x_wconf 91' lang='lat' dir='ltr'>sed</span> <span class='ocrx_word' id='word_1_39' title='bbox 433 772 499 816; x_wconf 92' lang='lat' dir='ltr'>cum</span> <span class='ocrx_word' id='word_1_40' title='bbox 524 753 627 815; x_wconf 89' lang='lat' dir='ltr'>debita</span> <span class='ocrx_word' id='word_1_41' title='bbox 650 752 800 814; x_wconf 90' lang='lat' dir='ltr'>modestia</span> <span class='ocrx_word' id='word_1_42' title='bbox 823 754 905 827; x_wconf 83' lang='lat' dir='ltr'>feci),</span> <span class='ocrx_word' id='word_1_43' title='bbox 930 762 964 816; x_wconf 94' lang='lat' dir='ltr'>ut</span> <span class='ocrx_word' id='word_1_44' title='bbox 988 753 1111 815; x_wconf 89' lang='lat' dir='ltr'>divitias</span> <span class='ocrx_word' id='word_1_45' title='bbox 1135 753 1204 815; x_wconf 89' lang='lat' dir='ltr'>illas</span> <span class='ocrx_word' id='word_1_46' title='bbox 1227 753 1272 817; x_wconf 93' lang='lat' dir='ltr'>illi</span> <span class='ocrx_word' id='word_1_47' title='bbox 1296 762 1540 836; x_wconf 82' lang='lat' dir='ltr'>extorqueamus,</span> <span class='ocrx_word' id='word_1_48' title='bbox 1562 762 1592 815; x_wconf 91' lang='lat' dir='ltr'>ut</span> 
     </span>
     <span class='ocr_line' id='line_1_6' title="bbox 236 841 1628 928; baseline -0.003 -20"><span class='ocrx_word' id='word_1_49' title='bbox 236 844 464 919; x_wconf 91' lang='lat' dir='ltr'>emendicemus,</span> <span class='ocrx_word' id='word_1_50' title='bbox 489 843 622 917; x_wconf 87' lang='lat' dir='ltr'>scilicet,</span> <span class='ocrx_word' id='word_1_51' title='bbox 646 852 680 904; x_wconf 94' lang='lat' dir='ltr'>ut</span> <span class='ocrx_word' id='word_1_52' title='bbox 702 843 807 922; x_wconf 87' lang='lat' dir='ltr'>vulget</span> <span class='ocrx_word' id='word_1_53' title='bbox 830 862 901 904; x_wconf 90' lang='lat' dir='ltr'>suas</span> <span class='ocrx_word' id='word_1_54' title='bbox 925 842 1152 905; x_wconf 87' lang='lat' dir='ltr'>observationes</span> <span class='ocrx_word' id='word_1_55' title='bbox 1176 843 1292 905; x_wconf 87' lang='lat' dir='ltr'>sincere</span> <span class='ocrx_word' id='word_1_56' title='bbox 1317 849 1349 905; x_wconf 88' lang='lat' dir='ltr'>et</span> <span class='ocrx_word' id='word_1_57' title='bbox 1371 861 1486 905; x_wconf 88' lang='lat' dir='ltr'>omnes.</span> <span class='ocrx_word' id='word_1_58' title='bbox 1530 841 1591 904; x_wconf 82' lang='lat' dir='ltr'>Hoc</span> <span class='ocrx_word' id='word_1_59' title='bbox 1623 917 1628 928; x_wconf 31' lang='grc' dir='ltr'>Ι</span> 
     </span>
     <span class='ocr_line' id='line_1_7' title="bbox 236 930 1592 1015; baseline -0.004 -18"><span class='ocrx_word' id='word_1_60' title='bbox 236 936 300 1015; x_wconf 94' lang='lat' dir='ltr'>ipso</span> <span class='ocrx_word' id='word_1_61' title='bbox 324 943 459 1014; x_wconf 89' lang='lat' dir='ltr'>tempore</span> <span class='ocrx_word' id='word_1_62' title='bbox 483 933 612 994; x_wconf 90' lang='lat' dir='ltr'>habetur</span> <span class='ocrx_word' id='word_1_63' title='bbox 634 931 683 993; x_wconf 91' lang='lat' dir='ltr'>hio</span> <span class='ocrx_word' id='word_1_64' title='bbox 714 931 820 1011; x_wconf 84' lang='lat' dir='ltr'><strong>globus</strong></span> <span class='ocrx_word' id='word_1_65' title='bbox 844 931 1007 1014; x_wconf 85' lang='lat' dir='ltr'>Tyohouis‚</span> <span class='ocrx_word' id='word_1_66' title='bbox 1039 934 1070 995; x_wconf 92' lang='lat' dir='ltr'>in</span> <span class='ocrx_word' id='word_1_67' title='bbox 1096 939 1184 1015; x_wconf 91' lang='lat' dir='ltr'>parte</span> <span class='ocrx_word' id='word_1_68' title='bbox 1215 930 1279 1013; x_wconf 86' lang='lat' dir='ltr'>ejus</span> <span class='ocrx_word' id='word_1_69' title='bbox 1306 935 1478 1012; x_wconf 88' lang='lat' dir='ltr'>antarctica</span> <span class='ocrx_word' id='word_1_70' title='bbox 1500 949 1592 994; x_wconf 86' lang='lat' dir='ltr'>vacua</span> 
     </span>
     <span class='ocr_line' id='line_1_8' title="bbox 235 1021 1589 1106; baseline -0.004 -19"><span class='ocrx_word' id='word_1_71' title='bbox 235 1025 404 1106; x_wconf 78' lang='lat' dir='ltr'>profitetur,</span> <span class='ocrx_word' id='word_1_72' title='bbox 430 1041 463 1083; x_wconf 88' lang='lat' dir='ltr'>se</span> <span class='ocrx_word' id='word_1_73' title='bbox 487 1021 585 1083; x_wconf 89' lang='lat' dir='ltr'>solum</span> <span class='ocrx_word' id='word_1_74' title='bbox 608 1021 840 1101; x_wconf 83' lang='lat' dir='ltr'>deprehendisse</span> <span class='ocrx_word' id='word_1_75' title='bbox 865 1023 1075 1084; x_wconf 83' lang='lat' dir='ltr'>alterationem</span> <span class='ocrx_word' id='word_1_76' title='bbox 1100 1021 1272 1100; x_wconf 80' lang='lat' dir='ltr'>eclipticas,</span> <span class='ocrx_word' id='word_1_77' title='bbox 1304 1022 1406 1102; x_wconf 86' lang='lat' dir='ltr'>grstia</span> <span class='ocrx_word' id='word_1_78' title='bbox 1427 1022 1515 1102; x_wconf 88' lang='lat' dir='ltr'>cujus</span> <span class='ocrx_word' id='word_1_79' title='bbox 1539 1039 1589 1082; x_wconf 89' lang='lat' dir='ltr'>au-</span> 
     </span>
     <span class='ocr_line' id='line_1_9' title="bbox 236 1108 1589 1193; baseline -0.004 -19"><span class='ocrx_word' id='word_1_80' title='bbox 236 1122 362 1192; x_wconf 86' lang='lat' dir='ltr'>geantur</span> <span class='ocrx_word' id='word_1_81' title='bbox 384 1111 433 1173; x_wconf 87' lang='lat' dir='ltr'>vel</span> <span class='ocrx_word' id='word_1_82' title='bbox 462 1110 633 1172; x_wconf 88' lang='lat' dir='ltr'>minuantur</span> <span class='ocrx_word' id='word_1_83' title='bbox 660 1110 836 1172; x_wconf 91' lang='lat' dir='ltr'>latitudines</span> <span class='ocrx_word' id='word_1_84' title='bbox 867 1111 992 1173; x_wconf 81' lang='lat' dir='ltr'>fixarum</span> <span class='ocrx_word' id='word_1_85' title='bbox 1021 1113 1060 1174; x_wconf 89' lang='lat' dir='ltr'>ad</span> <span class='ocrx_word' id='word_1_86' title='bbox 1089 1112 1257 1190; x_wconf 78' lang='lat' dir='ltr'>eclipticam</span> <span class='ocrx_word' id='word_1_87' title='bbox 1285 1119 1489 1193; x_wconf 89' lang='lat' dir='ltr'>computatae.</span> <span class='ocrx_word' id='word_1_88' title='bbox 1533 1108 1589 1172; x_wconf 88' lang='lat' dir='ltr'>Sed</span> 
     </span>
    </p>
   </div>
   <div class='ocr_carea' id='block_1_3' title="bbox 199 1197 924 1289">
    <p class='ocr_par' dir='ltr' id='par_1_3' title="bbox 199 1197 924 1289">
     <span class='ocr_line' id='line_1_10' title="bbox 199 1197 924 1289; baseline -0.003 -25"><span class='ocrx_word' id='word_1_89' title='bbox 199 1282 201 1289; x_wconf 27' lang='grc' dir='ltr'>Ι</span> <span class='ocrx_word' id='word_1_90' title='bbox 236 1204 319 1265; x_wconf 89' lang='lat' dir='ltr'>illam</span> <span class='ocrx_word' id='word_1_91' title='bbox 341 1203 421 1264; x_wconf 88' lang='lat' dir='ltr'>iutra</span> <span class='ocrx_word' id='word_1_92' title='bbox 446 1197 509 1263; x_wconf 81' lang='lat'>100</span> <span class='ocrx_word' id='word_1_93' title='bbox 532 1218 627 1261; x_wconf 89' lang='lat' dir='ltr'>annos</span> <span class='ocrx_word' id='word_1_94' title='bbox 650 1219 754 1279; x_wconf 88' lang='lat' dir='ltr'>parurn</span> <span class='ocrx_word' id='word_1_95' title='bbox 778 1218 924 1263; x_wconf 86' lang='lat' dir='ltr'>crescere.</span> 
     </span>
    </p>
   </div>
   <div class='ocr_carea' id='block_1_4' title="bbox 237 1287 1591 1414">
    <p class='ocr_par' dir='ltr' id='par_1_4' title="bbox 237 1287 1591 1414">
     <span class='ocr_line' id='line_1_11' title="bbox 237 1287 1591 1414; baseline -0.002 -74"><span class='ocrx_word' id='word_1_96' title='bbox 237 1364 270 1414; x_wconf 46' lang='lat' dir='ltr'>ad</span> <span class='ocrx_word' id='word_1_97' title='bbox 287 1291 525 1413; x_wconf 53' lang='lat' dir='ltr'>leuapIsequpprtur</span> <span class='ocrx_word' id='word_1_98' title='bbox 536 1288 609 1345; x_wconf 86' lang='lat' dir='ltr'>haec,</span> <span class='ocrx_word' id='word_1_99' title='bbox 622 1304 697 1354; x_wconf 89' lang='lat' dir='ltr'>quum</span> <span class='ocrx_word' id='word_1_100' title='bbox 710 1289 742 1339; x_wconf 88' lang='lat' dir='ltr'>ad</span> <span class='ocrx_word' id='word_1_101' title='bbox 756 1288 870 1353; x_wconf 89' lang='lat' dir='ltr'>Opticam</span> <span class='ocrx_word' id='word_1_102' title='bbox 883 1295 909 1339; x_wconf 89' lang='lat' dir='ltr'>et</span> <span class='ocrx_word' id='word_1_103' title='bbox 922 1287 1113 1353; x_wconf 72' lang='lat' dir='ltr'>chronologiam</span> <span class='ocrx_word' id='word_1_104' title='bbox 1127 1290 1276 1353; x_wconf 85' lang='lat' dir='ltr'>pertineant,</span> <span class='ocrx_word' id='word_1_105' title='bbox 1293 1287 1444 1339; x_wconf 71' lang='lat' dir='ltr'>meremus</span> <span class='ocrx_word' id='word_1_106' title='bbox 1457 1288 1591 1338; x_wconf 73' lang='lat' dir='ltr'>mmmmm</span> 
     </span>
     <span class='ocr_line' id='line_1_12' title="bbox 312 1369 497 1413; baseline 0.016 -6"><span class='ocrx_word' id='word_1_107' title='bbox 312 1373 344 1413; x_wconf 83' lang='lat' dir='ltr'>o.</span> <span class='ocrx_word' id='word_1_108' title='bbox 408 1369 434 1411; x_wconf 93' lang='lat' dir='ltr'>et</span> <span class='ocrx_word' id='word_1_109' title='bbox 490 1397 497 1410; x_wconf 88' lang='lat'>.</span> 
     </span>
    </p>
   </div>
   <div class='ocr_carea' id='block_1_5' title="bbox 202 1514 1617 4940">
    <p class='ocr_par' dir='ltr' id='par_1_5' title="bbox 202 1514 1592 2655">
     <span class='ocr_line' id='line_1_13' title="bbox 307 1514 1588 1584; baseline -0.005 -13"><span class='ocrx_word' id='word_1_110' title='bbox 307 1519 497 1570; x_wconf 85' lang='lat' dir='ltr'>Maestlinus</span> <span class='ocrx_word' id='word_1_111' title='bbox 514 1533 611 1582; x_wconf 91' lang='lat' dir='ltr'>prorsus</span> <span class='ocrx_word' id='word_1_112' title='bbox 630 1519 753 1568; x_wconf 78' lang='lat' dir='ltr'>consentit</span> <span class='ocrx_word' id='word_1_113' title='bbox 771 1518 887 1583; x_wconf 88' lang='lat' dir='ltr'>Keplero.</span> <span class='ocrx_word' id='word_1_114' title='bbox 916 1518 946 1568; x_wconf 89' lang='lat' dir='ltr'>ln</span> <span class='ocrx_word' id='word_1_115' title='bbox 965 1520 1042 1569; x_wconf 89' lang='lat' dir='ltr'>literls</span> <span class='ocrx_word' id='word_1_116' title='bbox 1061 1519 1126 1570; x_wconf 89' lang='lat' dir='ltr'>datis</span> <span class='ocrx_word' id='word_1_117' title='bbox 1145 1521 1168 1570; x_wconf 90' lang='lat' dir='ltr'>d.</span> <span class='ocrx_word' id='word_1_118' title='bbox 1187 1514 1220 1569; x_wconf 77' lang='lat'>²2</span> <span class='ocrx_word' id='word_1_119' title='bbox 1234 1521 1292 1584; x_wconf 79' lang='lat' dir='ltr'>Apr.</span> <span class='ocrx_word' id='word_1_120' title='bbox 1307 1516 1375 1569; x_wconf 74' lang='lat'>1⁶90</span> <span class='ocrx_word' id='word_1_121' title='bbox 1394 1518 1460 1569; x_wconf 90' lang='lat' dir='ltr'>hseo</span> <span class='ocrx_word' id='word_1_122' title='bbox 1479 1517 1588 1584; x_wconf 87' lang='lat' dir='ltr'>legimus:</span> 
     </span>
     <span class='ocr_line' id='line_1_14' title="bbox 238 1589 1587 1655; baseline -0.003 -12"><span class='ocrx_word' id='word_1_123' title='bbox 238 1590 277 1643; x_wconf 89' lang='lat' dir='ltr'>Da</span> <span class='ocrx_word' id='word_1_124' title='bbox 296 1591 419 1655; x_wconf 81' lang='lat' dir='ltr'>Tychouis</span> <span class='ocrx_word' id='word_1_125' title='bbox 437 1590 611 1653; x_wconf 80' lang='lat' dir='ltr'>hypothesibus</span> <span class='ocrx_word' id='word_1_126' title='bbox 630 1603 694 1652; x_wconf 88' lang='lat' dir='ltr'>quae</span> <span class='ocrx_word' id='word_1_127' title='bbox 713 1590 805 1650; x_wconf 90' lang='lat' dir='ltr'>scribis,</span> <span class='ocrx_word' id='word_1_128' title='bbox 824 1591 882 1639; x_wconf 91' lang='lat' dir='ltr'>mihi</span> <span class='ocrx_word' id='word_1_129' title='bbox 900 1590 1059 1645; x_wconf 85' lang='lat' dir='ltr'>vehementer</span> <span class='ocrx_word' id='word_1_130' title='bbox 1074 1590 1180 1655; x_wconf 81' lang='lat' dir='ltr'>placent</span> <span class='ocrx_word' id='word_1_131' title='bbox 1212 1592 1250 1641; x_wconf 88' lang='lat' dir='ltr'>Tu</span> <span class='ocrx_word' id='word_1_132' title='bbox 1268 1591 1359 1647; x_wconf 81' lang='lat' dir='ltr'>doceri.</span> <span class='ocrx_word' id='word_1_133' title='bbox 1377 1605 1428 1640; x_wconf 88' lang='lat' dir='ltr'>non</span> <span class='ocrx_word' id='word_1_134' title='bbox 1445 1590 1534 1640; x_wconf 76' lang='lat' dir='ltr'>terreri</span> <span class='ocrx_word' id='word_1_135' title='bbox 1550 1589 1587 1638; x_wconf 82' lang='lat' dir='ltr'>ris</span> 
     </span>
     <span class='ocr_line' id='line_1_15' title="bbox 238 1659 1587 1729; baseline -0.003 -15"><span class='ocrx_word' id='word_1_136' title='bbox 238 1663 308 1714; x_wconf 88' lang='lat' dir='ltr'>Idem</span> <span class='ocrx_word' id='word_1_137' title='bbox 327 1677 372 1729; x_wconf 90' lang='lat' dir='ltr'>ego</span> <span class='ocrx_word' id='word_1_138' title='bbox 390 1661 533 1712; x_wconf 85' lang='lat' dir='ltr'>iaciendum</span> <span class='ocrx_word' id='word_1_139' title='bbox 547 1660 640 1723; x_wconf 80' lang='lat' dir='ltr'>judico.</span> <span class='ocrx_word' id='word_1_140' title='bbox 677 1661 748 1710; x_wconf 87' lang='lat' dir='ltr'>Istud</span> <span class='ocrx_word' id='word_1_141' title='bbox 765 1660 922 1725; x_wconf 85' lang='lat' dir='ltr'>physicorum</span> <span class='ocrx_word' id='word_1_142' title='bbox 941 1670 967 1712; x_wconf 92' lang='lat' dir='ltr'>et</span> <span class='ocrx_word' id='word_1_143' title='bbox 984 1663 1153 1727; x_wconf 82' lang='lat' dir='ltr'>theologorum</span> <span class='ocrx_word' id='word_1_144' title='bbox 1177 1660 1238 1726; x_wconf 88' lang='lat' dir='ltr'>(nou</span> <span class='ocrx_word' id='word_1_145' title='bbox 1257 1662 1311 1711; x_wconf 92' lang='lat' dir='ltr'>dico</span> <span class='ocrx_word' id='word_1_146' title='bbox 1333 1661 1452 1728; x_wconf 77' lang='lat' dir='ltr'>physicae</span> <span class='ocrx_word' id='word_1_147' title='bbox 1476 1667 1504 1711; x_wconf 83' lang='lat' dir='ltr'>et</span> <span class='ocrx_word' id='word_1_148' title='bbox 1525 1659 1587 1710; x_wconf 71' lang='lat' dir='ltr'>rhea</span> 
     </span>
     <span class='ocr_line' id='line_1_16' title="bbox 237 1731 1588 1801; baseline -0.003 -16"><span class='ocrx_word' id='word_1_149' title='bbox 237 1731 333 1801; x_wconf 86' lang='lat' dir='ltr'>legiae)</span> <span class='ocrx_word' id='word_1_150' title='bbox 350 1733 530 1797; x_wconf 73' lang='lat' dir='ltr'>praejudicium</span> <span class='ocrx_word' id='word_1_151' title='bbox 548 1734 626 1795; x_wconf 89' lang='lat' dir='ltr'>ipsum</span> <span class='ocrx_word' id='word_1_152' title='bbox 644 1733 670 1782; x_wconf 90' lang='lat' dir='ltr'>in</span> <span class='ocrx_word' id='word_1_153' title='bbox 689 1732 756 1781; x_wconf 90' lang='lat' dir='ltr'>illam</span> <span class='ocrx_word' id='word_1_154' title='bbox 775 1735 924 1783; x_wconf 89' lang='lat' dir='ltr'>seutentiam</span> <span class='ocrx_word' id='word_1_155' title='bbox 947 1736 1079 1798; x_wconf 83' lang='lat' dir='ltr'>pertraxit,</span> <span class='ocrx_word' id='word_1_156' title='bbox 1102 1742 1132 1784; x_wconf 90' lang='lat' dir='ltr'>ut</span> <span class='ocrx_word' id='word_1_157' title='bbox 1149 1735 1251 1784; x_wconf 83' lang='lat' dir='ltr'>Terram</span> <span class='ocrx_word' id='word_1_158' title='bbox 1276 1732 1479 1794; x_wconf 78' lang='lat' dir='ltr'>(minua‘ssimum</span> <span class='ocrx_word' id='word_1_159' title='bbox 1497 1745 1588 1795; x_wconf 66' lang='lat' dir='ltr'>corps}</span> 
     </span>
     <span class='ocr_line' id='line_1_17' title="bbox 238 1802 1588 1869; baseline -0.004 -11"><span class='ocrx_word' id='word_1_160' title='bbox 238 1808 328 1862; x_wconf 86' lang='lat' dir='ltr'>culum.</span> <span class='ocrx_word' id='word_1_161' title='bbox 347 1821 391 1855; x_wconf 90' lang='lat' dir='ltr'>seu</span> <span class='ocrx_word' id='word_1_162' title='bbox 408 1806 489 1869; x_wconf 89' lang='lat' dir='ltr'>potius</span> <span class='ocrx_word' id='word_1_163' title='bbox 508 1803 660 1866; x_wconf 81' lang='lat' dir='ltr'>punctulum,</span> <span class='ocrx_word' id='word_1_164' title='bbox 680 1812 714 1859; x_wconf 86' lang='lat' dir='ltr'>et.</span> <span class='ocrx_word' id='word_1_165' title='bbox 734 1805 798 1853; x_wconf 89' lang='lat' dir='ltr'>sicut</span> <span class='ocrx_word' id='word_1_166' title='bbox 815 1806 910 1869; x_wconf 83' lang='lat' dir='ltr'>scripsi.</span> <span class='ocrx_word' id='word_1_167' title='bbox 929 1807 949 1854; x_wconf 90' lang='lat' dir='ltr'>si</span> <span class='ocrx_word' id='word_1_168' title='bbox 968 1805 1026 1869; x_wconf 90' lang='lat' dir='ltr'>qnid</span> <span class='ocrx_word' id='word_1_169' title='bbox 1043 1815 1134 1869; x_wconf 87' lang='lat' dir='ltr'>puncto</span> <span class='ocrx_word' id='word_1_170' title='bbox 1152 1808 1233 1856; x_wconf 87' lang='lat' dir='ltr'>minus</span> <span class='ocrx_word' id='word_1_171' title='bbox 1245 1806 1298 1855; x_wconf 88' lang='lat' dir='ltr'>dsri</span> <span class='ocrx_word' id='word_1_172' title='bbox 1316 1802 1404 1869; x_wconf 85' lang='lat' dir='ltr'>possit)</span> <span class='ocrx_word' id='word_1_173' title='bbox 1423 1805 1534 1854; x_wconf 81' lang='lat' dir='ltr'>retineat</span> <span class='ocrx_word' id='word_1_174' title='bbox 1549 1803 1588 1852; x_wconf 85' lang='lat' dir='ltr'>isa·</span> 
     </span>
     <span class='ocr_line' id='line_1_18' title="bbox 238 1875 1589 1942; baseline -0.003 -14"><span class='ocrx_word' id='word_1_175' title='bbox 238 1879 359 1938; x_wconf 82' lang='lat' dir='ltr'>mobilem,</span> <span class='ocrx_word' id='word_1_176' title='bbox 380 1891 478 1940; x_wconf 86' lang='lat' dir='ltr'>corpore</span> <span class='ocrx_word' id='word_1_177' title='bbox 497 1882 548 1925; x_wconf 90' lang='lat' dir='ltr'>tam</span> <span class='ocrx_word' id='word_1_178' title='bbox 568 1882 637 1924; x_wconf 81' lang='lat' dir='ltr'>vasto</span> <span class='ocrx_word' id='word_1_179' title='bbox 657 1876 754 1925; x_wconf 90' lang='lat' dir='ltr'>interim</span> <span class='ocrx_word' id='word_1_180' title='bbox 772 1875 854 1926; x_wconf 89' lang='lat' dir='ltr'>mobili</span> <span class='ocrx_word' id='word_1_181' title='bbox 874 1878 1045 1941; x_wconf 88' lang='lat' dir='ltr'>circumrapto.</span> <span class='ocrx_word' id='word_1_182' title='bbox 1072 1876 1127 1927; x_wconf 82' lang='lat' dir='ltr'>Nec</span> <span class='ocrx_word' id='word_1_183' title='bbox 1146 1879 1237 1931; x_wconf 81' lang='lat' dir='ltr'>dubito.</span> <span class='ocrx_word' id='word_1_184' title='bbox 1256 1879 1324 1942; x_wconf 85' lang='lat' dir='ltr'>quin,</span> <span class='ocrx_word' id='word_1_185' title='bbox 1342 1878 1448 1925; x_wconf 90' lang='lat' dir='ltr'>situum</span> <span class='ocrx_word' id='word_1_186' title='bbox 1467 1876 1589 1925; x_wconf 80' lang='lat' dir='ltr'>inventum</span> 
     </span>
     <span class='ocr_line' id='line_1_19' title="bbox 236 1945 1590 2014; baseline -0.001 -15"><span class='ocrx_word' id='word_1_187' title='bbox 236 1951 302 2014; x_wconf 85' lang='lat' dir='ltr'>prius</span> <span class='ocrx_word' id='word_1_188' title='bbox 327 1963 400 2014; x_wconf 91' lang='lat' dir='ltr'>quam</span> <span class='ocrx_word' id='word_1_189' title='bbox 419 1962 477 1997; x_wconf 89' lang='lat' dir='ltr'>suas</span> <span class='ocrx_word' id='word_1_190' title='bbox 495 1945 642 2010; x_wconf 82' lang='lat' dir='ltr'>hypotheses</span> <span class='ocrx_word' id='word_1_191' title='bbox 661 1945 794 2009; x_wconf 88' lang='lat' dir='ltr'>publicarit</span> <span class='ocrx_word' id='word_1_192' title='bbox 817 1947 930 2006; x_wconf 81' lang='lat' dir='ltr'>vidisset,</span> <span class='ocrx_word' id='word_1_193' title='bbox 960 1948 1028 1998; x_wconf 88' lang='lat' dir='ltr'>alind</span> <span class='ocrx_word' id='word_1_194' title='bbox 1054 1950 1190 1998; x_wconf 82' lang='lat' dir='ltr'>statuisset.</span> <span class='ocrx_word' id='word_1_195' title='bbox 1227 1947 1301 1999; x_wconf 86' lang='lat' dir='ltr'>Nunc</span> <span class='ocrx_word' id='word_1_196' title='bbox 1323 1946 1475 1997; x_wconf 78' lang='lat' dir='ltr'>seutentiam</span> <span class='ocrx_word' id='word_1_197' title='bbox 1499 1951 1590 1997; x_wconf 80' lang='lat' dir='ltr'>mussa</span> 
     </span>
     <span class='ocr_line' id='line_1_20' title="bbox 202 2015 1590 2086; baseline -0.003 -15"><span class='ocrx_word' id='word_1_198' title='bbox 202 2051 206 2058; x_wconf 43' lang='grc' dir='ltr'><em>ι</em></span> <span class='ocrx_word' id='word_1_199' title='bbox 238 2020 381 2086; x_wconf 86' lang='lat' dir='ltr'>etquidem</span> <span class='ocrx_word' id='word_1_200' title='bbox 400 2020 432 2069; x_wconf 94' lang='lat' dir='ltr'>ad</span> <span class='ocrx_word' id='word_1_201' title='bbox 451 2019 552 2068; x_wconf 87' lang='lat' dir='ltr'>alterins</span> <span class='ocrx_word' id='word_1_202' title='bbox 572 2015 616 2079; x_wconf 89' lang='lat' dir='ltr'>(ne</span> <span class='ocrx_word' id='word_1_203' title='bbox 635 2018 716 2068; x_wconf 90' lang='lat' dir='ltr'>dicam</span> <span class='ocrx_word' id='word_1_204' title='bbox 735 2017 892 2081; x_wconf 74' lang='lat' dir='ltr'>seJnnioris)</span> <span class='ocrx_word' id='word_1_205' title='bbox 911 2023 1028 2077; x_wconf 82' lang='lat' dir='ltr'>inventa,</span> <span class='ocrx_word' id='word_1_206' title='bbox 1049 2018 1131 2069; x_wconf 79' lang='lat' dir='ltr'>forsan</span> <span class='ocrx_word' id='word_1_207' title='bbox 1153 2020 1326 2070; x_wconf 85' lang='lat' dir='ltr'>existimationi</span> <span class='ocrx_word' id='word_1_208' title='bbox 1343 2016 1454 2068; x_wconf 89' lang='lat' dir='ltr'>nonnihil</span> <span class='ocrx_word' id='word_1_209' title='bbox 1473 2017 1590 2083; x_wconf 84' lang='lat' dir='ltr'>derogare</span> 
     </span>
     <span class='ocr_line' id='line_1_21' title="bbox 237 2081 1591 2160; baseline -0.004 -17"><span class='ocrx_word' id='word_1_210' title='bbox 237 2094 341 2158; x_wconf 85' lang='lat' dir='ltr'>putabit.</span> <span class='ocrx_word' id='word_1_211' title='bbox 378 2081 471 2141; x_wconf 76' lang='lat' dir='ltr'>Varum</span> <span class='ocrx_word' id='word_1_212' title='bbox 489 2091 510 2139; x_wconf 92' lang='lat' dir='ltr'>si</span> <span class='ocrx_word' id='word_1_213' title='bbox 529 2090 581 2139; x_wconf 90' lang='lat' dir='ltr'>dies</span> <span class='ocrx_word' id='word_1_214' title='bbox 600 2090 663 2139; x_wconf 86' lang='lat' dir='ltr'>diem</span> <span class='ocrx_word' id='word_1_215' title='bbox 682 2090 764 2147; x_wconf 88' lang='lat' dir='ltr'>docet,</span> <span class='ocrx_word' id='word_1_216' title='bbox 783 2092 803 2138; x_wconf 87' lang='lat' dir='ltr'>si</span> <span class='ocrx_word' id='word_1_217' title='bbox 822 2086 951 2160; x_wconf 78' lang='lat' dir='ltr'>devsepas</span> <span class='ocrx_word' id='word_1_218' title='bbox 969 2088 1118 2159; x_wconf 78' lang='grc' dir='ltr'><strong><em>φροντιδες</em></strong></span> <span class='ocrx_word' id='word_1_219' title='bbox 1136 2101 1296 2159; x_wconf 79' lang='grc' dir='ltr'><strong><em>σοφωτεραι</em></strong></span> <span class='ocrx_word' id='word_1_220' title='bbox 1314 2088 1393 2145; x_wconf 66' lang='grc' dir='ltr'><strong><em>εἰσιν.</em></strong></span> <span class='ocrx_word' id='word_1_221' title='bbox 1413 2103 1458 2139; x_wconf 83' lang='lat' dir='ltr'>ear</span> <span class='ocrx_word' id='word_1_222' title='bbox 1476 2104 1536 2150; x_wconf 83' lang='lat' dir='ltr'>non,</span> <span class='ocrx_word' id='word_1_223' title='bbox 1553 2088 1591 2152; x_wconf 84' lang='lat' dir='ltr'>qni</span> 
     </span>
     <span class='ocr_line' id='line_1_22' title="bbox 237 2159 1591 2228; baseline -0.005 -13"><span class='ocrx_word' id='word_1_224' title='bbox 237 2167 345 2216; x_wconf 84' lang='lat' dir='ltr'>seniores</span> <span class='ocrx_word' id='word_1_225' title='bbox 363 2177 461 2220; x_wconf 87' lang='lat' dir='ltr'>sarnus,</span> <span class='ocrx_word' id='word_1_226' title='bbox 481 2162 606 2224; x_wconf 78' lang='lat' dir='ltr'>juniorum</span> <span class='ocrx_word' id='word_1_227' title='bbox 624 2162 722 2225; x_wconf 89' lang='lat' dir='ltr'>prodita</span> <span class='ocrx_word' id='word_1_228' title='bbox 739 2161 825 2210; x_wconf 89' lang='lat' dir='ltr'>eodem</span> <span class='ocrx_word' id='word_1_229' title='bbox 844 2164 915 2213; x_wconf 93' lang='lat' dir='ltr'>modo</span> <span class='ocrx_word' id='word_1_230' title='bbox 934 2164 1171 2228; x_wconf 75' lang='lat' dir='ltr'>magnifaceremns,</span> <span class='ocrx_word' id='word_1_231' title='bbox 1195 2179 1242 2227; x_wconf 92' lang='lat' dir='ltr'>quo</span> <span class='ocrx_word' id='word_1_232' title='bbox 1265 2175 1310 2212; x_wconf 89' lang='lat' dir='ltr'>uos</span> <span class='ocrx_word' id='word_1_233' title='bbox 1328 2164 1360 2211; x_wconf 93' lang='lat' dir='ltr'>ab</span> <span class='ocrx_word' id='word_1_234' title='bbox 1378 2162 1438 2225; x_wconf 90' lang='lat' dir='ltr'>ipsis</span> <span class='ocrx_word' id='word_1_235' title='bbox 1455 2159 1591 2226; x_wconf 78' lang='lat' dir='ltr'>magmllisri</span> 
     </span>
     <span class='ocr_line' id='line_1_23' title="bbox 238 2232 1590 2301; baseline -0.005 -14"><span class='ocrx_word' id='word_1_236' title='bbox 238 2233 365 2301; x_wconf 79' lang='lat' dir='ltr'>cupimus?</span> <span class='ocrx_word' id='word_1_237' title='bbox 393 2234 496 2283; x_wconf 79' lang='lat' dir='ltr'>Habent</span> <span class='ocrx_word' id='word_1_238' title='bbox 512 2232 547 2281; x_wconf 90' lang='lat' dir='ltr'>illi</span> <span class='ocrx_word' id='word_1_239' title='bbox 566 2246 581 2281; x_wconf 91' lang='lat' dir='ltr'>a</span> <span class='ocrx_word' id='word_1_240' title='bbox 599 2233 668 2280; x_wconf 93' lang='lat' dir='ltr'>nobis</span> <span class='ocrx_word' id='word_1_241' title='bbox 687 2248 737 2281; x_wconf 92' lang='lat' dir='ltr'>non</span> <span class='ocrx_word' id='word_1_242' title='bbox 757 2235 928 2296; x_wconf 86' lang='lat' dir='ltr'>aspernanda:</span> <span class='ocrx_word' id='word_1_243' title='bbox 947 2242 1022 2284; x_wconf 88' lang='lat' dir='ltr'>recte.</span> <span class='ocrx_word' id='word_1_244' title='bbox 1055 2237 1089 2283; x_wconf 84' lang='lat' dir='ltr'>At</span> <span class='ocrx_word' id='word_1_245' title='bbox 1107 2237 1183 2284; x_wconf 89' lang='lat' dir='ltr'>etiam</span> <span class='ocrx_word' id='word_1_246' title='bbox 1201 2236 1259 2299; x_wconf 87' lang='lat' dir='ltr'>ipsis</span> <span class='ocrx_word' id='word_1_247' title='bbox 1278 2234 1344 2283; x_wconf 85' lang='lat' dir='ltr'>dous</span> <span class='ocrx_word' id='word_1_248' title='bbox 1361 2233 1487 2283; x_wconf 81' lang='lat' dir='ltr'>concessit</span> <span class='ocrx_word' id='word_1_249' title='bbox 1504 2244 1590 2297; x_wconf 84' lang='lat' dir='ltr'>magas</span> 
     </span>
     <span class='ocr_line' id='line_1_24' title="bbox 237 2296 1586 2371; baseline -0.003 -16"><span class='ocrx_word' id='word_1_250' title='bbox 237 2305 314 2357; x_wconf 86' lang='lat' dir='ltr'>Deus.</span> <span class='ocrx_word' id='word_1_251' title='bbox 343 2305 416 2356; x_wconf 84' lang='lat' dir='ltr'>Certe</span> <span class='ocrx_word' id='word_1_252' title='bbox 436 2318 520 2353; x_wconf 88' lang='lat' dir='ltr'>omnes</span> <span class='ocrx_word' id='word_1_253' title='bbox 540 2310 605 2351; x_wconf 90' lang='lat' dir='ltr'>artes</span> <span class='ocrx_word' id='word_1_254' title='bbox 625 2311 651 2352; x_wconf 90' lang='lat' dir='ltr'>et</span> <span class='ocrx_word' id='word_1_255' title='bbox 669 2304 789 2353; x_wconf 86' lang='lat' dir='ltr'>scientiae</span> <span class='ocrx_word' id='word_1_256' title='bbox 809 2296 842 2353; x_wconf 88' lang='lat' dir='ltr'>ad</span> <span class='ocrx_word' id='word_1_257' title='bbox 859 2308 984 2368; x_wconf 88' lang='lat' dir='ltr'>superiora</span> <span class='ocrx_word' id='word_1_258' title='bbox 997 2312 1042 2354; x_wconf 92' lang='lat' dir='ltr'>ant</span> <span class='ocrx_word' id='word_1_259' title='bbox 1057 2320 1173 2370; x_wconf 86' lang='lat' dir='ltr'>suprema</span> <span class='ocrx_word' id='word_1_260' title='bbox 1191 2306 1293 2371; x_wconf 74' lang='lat' dir='ltr'>fastigia</span> <span class='ocrx_word' id='word_1_261' title='bbox 1309 2316 1467 2369; x_wconf 83' lang='lat' dir='ltr'>nequaquam</span> <span class='ocrx_word' id='word_1_262' title='bbox 1486 2316 1529 2367; x_wconf 70' lang='lat' dir='ltr'>p«</span> <span class='ocrx_word' id='word_1_263' title='bbox 1543 2302 1586 2366; x_wconf 86' lang='lat' dir='ltr'>pri-</span> 
     </span>
     <span class='ocr_line' id='line_1_25' title="bbox 236 2372 1589 2440; baseline -0.001 -13"><span class='ocrx_word' id='word_1_264' title='bbox 236 2393 303 2438; x_wconf 88' lang='lat' dir='ltr'>mos,</span> <span class='ocrx_word' id='word_1_265' title='bbox 330 2376 375 2426; x_wconf 89' lang='lat' dir='ltr'>sed</span> <span class='ocrx_word' id='word_1_266' title='bbox 392 2390 437 2438; x_wconf 91' lang='lat' dir='ltr'>per</span> <span class='ocrx_word' id='word_1_267' title='bbox 453 2375 616 2439; x_wconf 88' lang='lat' dir='ltr'>posterlores‚</span> <span class='ocrx_word' id='word_1_268' title='bbox 642 2375 682 2437; x_wconf 88' lang='lat' dir='ltr'>qui</span> <span class='ocrx_word' id='word_1_269' title='bbox 706 2376 811 2423; x_wconf 82' lang='lat' dir='ltr'>inventis</span> <span class='ocrx_word' id='word_1_270' title='bbox 829 2389 875 2424; x_wconf 89' lang='lat' dir='ltr'>sua</span> <span class='ocrx_word' id='word_1_271' title='bbox 893 2390 987 2440; x_wconf 89' lang='lat' dir='ltr'>qnoque</span> <span class='ocrx_word' id='word_1_272' title='bbox 1007 2377 1073 2426; x_wconf 88' lang='lat' dir='ltr'>dona</span> <span class='ocrx_word' id='word_1_273' title='bbox 1092 2377 1206 2426; x_wconf 77' lang='lat' dir='ltr'>divinitus</span> <span class='ocrx_word' id='word_1_274' title='bbox 1226 2389 1345 2426; x_wconf 90' lang='lat' dir='ltr'>concessa</span> <span class='ocrx_word' id='word_1_275' title='bbox 1362 2372 1589 2438; x_wconf 72' lang='lat' dir='ltr'>superaddidsmt.</span> 
     </span>
     <span class='ocr_line' id='line_1_26' title="bbox 239 2444 1592 2512; baseline -0.004 -14"><span class='ocrx_word' id='word_1_276' title='bbox 239 2447 443 2498; x_wconf 88' lang='lat' dir='ltr'>conscenderunt.</span> <span class='ocrx_word' id='word_1_277' title='bbox 481 2444 639 2508; x_wconf 82' lang='lat' dir='ltr'>Quantopere</span> <span class='ocrx_word' id='word_1_278' title='bbox 659 2445 820 2509; x_wconf 85' lang='lat' dir='ltr'>Copemicum</span> <span class='ocrx_word' id='word_1_279' title='bbox 838 2446 884 2497; x_wconf 90' lang='lat' dir='ltr'>sibi</span> <span class='ocrx_word' id='word_1_280' title='bbox 903 2447 1054 2512; x_wconf 72' lang='lat' dir='ltr'>gratulatum</span> <span class='ocrx_word' id='word_1_281' title='bbox 1072 2448 1147 2498; x_wconf 82' lang='lat' dir='ltr'>fuisse</span> <span class='ocrx_word' id='word_1_282' title='bbox 1170 2449 1324 2511; x_wconf 85' lang='lat' dir='ltr'>putabimus,</span> <span class='ocrx_word' id='word_1_283' title='bbox 1349 2448 1369 2496; x_wconf 93' lang='lat' dir='ltr'>si</span> <span class='ocrx_word' id='word_1_284' title='bbox 1391 2448 1445 2510; x_wconf 87' lang='lat' dir='ltr'>ipso</span> <span class='ocrx_word' id='word_1_285' title='bbox 1471 2446 1527 2495; x_wconf 82' lang='lat' dir='ltr'>viro</span> <span class='ocrx_word' id='word_1_286' title='bbox 1550 2451 1592 2494; x_wconf 85' lang='lat' dir='ltr'>tus</span> 
     </span>
     <span class='ocr_line' id='line_1_27' title="bbox 237 2511 1592 2584; baseline -0.004 -13"><span class='ocrx_word' id='word_1_287' title='bbox 237 2520 372 2584; x_wconf 85' lang='lat' dir='ltr'>speculatio</span> <span class='ocrx_word' id='word_1_288' title='bbox 393 2519 419 2566; x_wconf 90' lang='lat' dir='ltr'>in</span> <span class='ocrx_word' id='word_1_289' title='bbox 437 2518 517 2566; x_wconf 89' lang='lat' dir='ltr'>lucam</span> <span class='ocrx_word' id='word_1_290' title='bbox 535 2511 683 2579; x_wconf 69' lang='lat' dir='ltr'>prodiisses?</span> <span class='ocrx_word' id='word_1_291' title='bbox 720 2515 792 2576; x_wconf 85' lang='lat' dir='ltr'>Quod</span> <span class='ocrx_word' id='word_1_292' title='bbox 811 2526 895 2567; x_wconf 84' lang='lat' dir='ltr'>antem</span> <span class='ocrx_word' id='word_1_293' title='bbox 914 2518 946 2568; x_wconf 90' lang='lat' dir='ltr'>ad</span> <span class='ocrx_word' id='word_1_294' title='bbox 965 2535 1016 2568; x_wconf 87' lang='lat' dir='ltr'>rem</span> <span class='ocrx_word' id='word_1_295' title='bbox 1034 2521 1121 2583; x_wconf 88' lang='lat' dir='ltr'>ipsam,</span> <span class='ocrx_word' id='word_1_296' title='bbox 1141 2535 1180 2569; x_wconf 92' lang='lat' dir='ltr'>me</span> <span class='ocrx_word' id='word_1_297' title='bbox 1199 2535 1246 2570; x_wconf 90' lang='lat' dir='ltr'>nec</span> <span class='ocrx_word' id='word_1_298' title='bbox 1263 2520 1438 2583; x_wconf 75' lang='lat' dir='ltr'>poenitetnoc</span> <span class='ocrx_word' id='word_1_299' title='bbox 1455 2516 1537 2582; x_wconf 84' lang='lat' dir='ltr'>pudet</span> <span class='ocrx_word' id='word_1_300' title='bbox 1553 2529 1592 2565; x_wconf 85' lang='lat' dir='ltr'>eo·</span> 
     </span>
     <span class='ocr_line' id='line_1_28' title="bbox 237 2586 1227 2655; baseline -0.004 -14"><span class='ocrx_word' id='word_1_301' title='bbox 237 2607 303 2648; x_wconf 84' lang='lat' dir='ltr'>rum,</span> <span class='ocrx_word' id='word_1_302' title='bbox 323 2604 387 2655; x_wconf 86' lang='lat' dir='ltr'>quae</span> <span class='ocrx_word' id='word_1_303' title='bbox 405 2591 431 2638; x_wconf 90' lang='lat' dir='ltr'>in</span> <span class='ocrx_word' id='word_1_304' title='bbox 449 2587 603 2652; x_wconf 84' lang='lat' dir='ltr'>praelatione</span> <span class='ocrx_word' id='word_1_305' title='bbox 621 2589 646 2636; x_wconf 91' lang='lat' dir='ltr'>in</span> <span class='ocrx_word' id='word_1_306' title='bbox 660 2586 832 2638; x_wconf 85' lang='lat' dir='ltr'>Narratiouem</span> <span class='ocrx_word' id='word_1_307' title='bbox 844 2588 943 2639; x_wconf 84' lang='lat' dir='ltr'>Rhatiai</span> <span class='ocrx_word' id='word_1_308' title='bbox 956 2592 1040 2654; x_wconf 90' lang='lat' dir='ltr'>scripsi</span> <span class='ocrx_word' id='word_1_309' title='bbox 1059 2590 1119 2651; x_wconf 84' lang='lat' dir='ltr'>(vid.</span> <span class='ocrx_word' id='word_1_310' title='bbox 1136 2606 1160 2655; x_wconf 91' lang='lat' dir='ltr'>p.</span> <span class='ocrx_word' id='word_1_311' title='bbox 1175 2589 1227 2650; x_wconf 84' lang='grc'><strong>27).</strong></span> 
     </span>
    </p>

    <p class='ocr_par' dir='ltr' id='par_1_6' title="bbox 235 2659 1607 3656">
     <span class='ocr_line' id='line_1_29' title="bbox 309 2659 1595 2725; baseline -0.002 -15"><span class='ocrx_word' id='word_1_312' title='bbox 309 2660 382 2723; x_wconf 84' lang='lat' dir='ltr'>Quod</span> <span class='ocrx_word' id='word_1_313' title='bbox 400 2675 442 2724; x_wconf 90' lang='lat' dir='ltr'>pro</span> <span class='ocrx_word' id='word_1_314' title='bbox 461 2659 544 2708; x_wconf 90' lang='lat' dir='ltr'>labore</span> <span class='ocrx_word' id='word_1_315' title='bbox 563 2665 589 2708; x_wconf 91' lang='lat' dir='ltr'>et</span> <span class='ocrx_word' id='word_1_316' title='bbox 606 2660 725 2709; x_wconf 88' lang='lat' dir='ltr'>sumtibus</span> <span class='ocrx_word' id='word_1_317' title='bbox 745 2667 770 2708; x_wconf 90' lang='lat' dir='ltr'>et</span> <span class='ocrx_word' id='word_1_318' title='bbox 794 2661 903 2725; x_wconf 87' lang='lat' dir='ltr'>inprimis</span> <span class='ocrx_word' id='word_1_319' title='bbox 925 2677 967 2724; x_wconf 90' lang='lat' dir='ltr'>pro</span> <span class='ocrx_word' id='word_1_320' title='bbox 990 2660 1037 2711; x_wconf 89' lang='lat' dir='ltr'>hoc</span> <span class='ocrx_word' id='word_1_321' title='bbox 1060 2663 1160 2710; x_wconf 79' lang='lat' dir='ltr'>invento</span> <span class='ocrx_word' id='word_1_322' title='bbox 1183 2670 1239 2718; x_wconf 79' lang='lat' dir='ltr'>tuo,</span> <span class='ocrx_word' id='word_1_323' title='bbox 1265 2661 1374 2711; x_wconf 85' lang='lat' dir='ltr'>maxima</span> <span class='ocrx_word' id='word_1_324' title='bbox 1396 2659 1595 2709; x_wconf 78' lang='lat' dir='ltr'>remuneratione</span> 
     </span>
     <span class='ocr_line' id='line_1_30' title="bbox 238 2730 1593 2799; baseline -0.003 -15"><span class='ocrx_word' id='word_1_325' title='bbox 238 2734 387 2799; x_wconf 80' lang='lat' dir='ltr'>dignissimo,</span> <span class='ocrx_word' id='word_1_326' title='bbox 407 2731 451 2779; x_wconf 88' lang='lat' dir='ltr'>tibi</span> <span class='ocrx_word' id='word_1_327' title='bbox 469 2730 576 2778; x_wconf 87' lang='lat' dir='ltr'>noudum</span> <span class='ocrx_word' id='word_1_328' title='bbox 596 2731 752 2780; x_wconf 76' lang='lat' dir='ltr'>satisfactum</span> <span class='ocrx_word' id='word_1_329' title='bbox 771 2739 817 2788; x_wconf 85' lang='lat' dir='ltr'>est,</span> <span class='ocrx_word' id='word_1_330' title='bbox 837 2731 907 2781; x_wconf 92' lang='lat' dir='ltr'>doleo</span> <span class='ocrx_word' id='word_1_331' title='bbox 927 2732 1090 2782; x_wconf 83' lang='lat' dir='ltr'>vehementer.</span> <span class='ocrx_word' id='word_1_332' title='bbox 1119 2733 1211 2783; x_wconf 90' lang='lat' dir='ltr'>Verum</span> <span class='ocrx_word' id='word_1_333' title='bbox 1223 2734 1259 2783; x_wconf 88' lang='lat' dir='ltr'>sic</span> <span class='ocrx_word' id='word_1_334' title='bbox 1272 2738 1441 2796; x_wconf 82' lang='lat' dir='ltr'>comparatum</span> <span class='ocrx_word' id='word_1_335' title='bbox 1459 2745 1517 2780; x_wconf 88' lang='lat' dir='ltr'>esse</span> <span class='ocrx_word' id='word_1_336' title='bbox 1529 2730 1593 2780; x_wconf 78' lang='lat' dir='ltr'>ride·</span> 
     </span>
     <span class='ocr_line' id='line_1_31' title="bbox 236 2801 1595 2869; baseline 0.003 -17"><span class='ocrx_word' id='word_1_337' title='bbox 236 2819 304 2862; x_wconf 83' lang='lat' dir='ltr'>mus,</span> <span class='ocrx_word' id='word_1_338' title='bbox 329 2809 370 2860; x_wconf 81' lang='lat' dir='ltr'>ut,</span> <span class='ocrx_word' id='word_1_339' title='bbox 396 2816 462 2867; x_wconf 77' lang='lat' dir='ltr'>quaa,</span> <span class='ocrx_word' id='word_1_340' title='bbox 478 2801 552 2850; x_wconf 89' lang='lat' dir='ltr'>laude</span> <span class='ocrx_word' id='word_1_341' title='bbox 576 2809 634 2850; x_wconf 89' lang='lat' dir='ltr'>sunt</span> <span class='ocrx_word' id='word_1_342' title='bbox 652 2802 804 2868; x_wconf 87' lang='lat' dir='ltr'>dignissima,</span> <span class='ocrx_word' id='word_1_343' title='bbox 824 2811 984 2866; x_wconf 87' lang='lat' dir='ltr'>spernantur.</span> <span class='ocrx_word' id='word_1_344' title='bbox 1010 2818 1120 2869; x_wconf 89' lang='lat' dir='ltr'>quaeque</span> <span class='ocrx_word' id='word_1_345' title='bbox 1143 2804 1210 2854; x_wconf 87' lang='lat' dir='ltr'>nullo</span> <span class='ocrx_word' id='word_1_346' title='bbox 1235 2806 1313 2868; x_wconf 90' lang='lat' dir='ltr'>pretio</span> <span class='ocrx_word' id='word_1_347' title='bbox 1332 2803 1466 2866; x_wconf 83' lang='lat' dir='ltr'>adaequari</span> <span class='ocrx_word' id='word_1_348' title='bbox 1485 2809 1595 2866; x_wconf 71' lang='lat' dir='ltr'>posunt.</span> 
     </span>
     <span class='ocr_line' id='line_1_32' title="bbox 236 2873 1595 2941; baseline -0.002 -14"><span class='ocrx_word' id='word_1_349' title='bbox 236 2877 302 2927; x_wconf 89' lang='lat' dir='ltr'>nullo</span> <span class='ocrx_word' id='word_1_350' title='bbox 321 2878 398 2925; x_wconf 89' lang='lat' dir='ltr'>etiam</span> <span class='ocrx_word' id='word_1_351' title='bbox 420 2875 496 2938; x_wconf 88' lang='lat' dir='ltr'>pretio</span> <span class='ocrx_word' id='word_1_352' title='bbox 521 2873 596 2937; x_wconf 87' lang='lat' dir='ltr'>digua</span> <span class='ocrx_word' id='word_1_353' title='bbox 619 2880 743 2935; x_wconf 89' lang='lat' dir='ltr'>putentur.</span> <span class='ocrx_word' id='word_1_354' title='bbox 782 2873 874 2925; x_wconf 86' lang='lat' dir='ltr'>Verum</span> <span class='ocrx_word' id='word_1_355' title='bbox 897 2875 1007 2925; x_wconf 81' lang='lat' dir='ltr'>confidas</span> <span class='ocrx_word' id='word_1_356' title='bbox 1032 2877 1128 2925; x_wconf 90' lang='lat' dir='ltr'>domino</span> <span class='ocrx_word' id='word_1_357' title='bbox 1147 2875 1215 2931; x_wconf 73' lang='lat' dir='ltr'>Deo.</span> <span class='ocrx_word' id='word_1_358' title='bbox 1240 2877 1281 2941; x_wconf 90' lang='lat' dir='ltr'>qui</span> <span class='ocrx_word' id='word_1_359' title='bbox 1304 2874 1348 2924; x_wconf 89' lang='lat' dir='ltr'>tibi</span> <span class='ocrx_word' id='word_1_360' title='bbox 1369 2874 1469 2937; x_wconf 81' lang='lat' dir='ltr'>tuisque</span> <span class='ocrx_word' id='word_1_361' title='bbox 1492 2873 1595 2924; x_wconf 67' lang='lat' dir='ltr'>fimum</span> 
     </span>
     <span class='ocr_line' id='line_1_33' title="bbox 235 2943 1595 3013; baseline -0.003 -15"><span class='ocrx_word' id='word_1_362' title='bbox 235 2948 362 3013; x_wconf 82' lang='lat' dir='ltr'>rependet,</span> <span class='ocrx_word' id='word_1_363' title='bbox 382 2960 446 3010; x_wconf 85' lang='lat' dir='ltr'>quae</span> <span class='ocrx_word' id='word_1_364' title='bbox 466 2944 507 2994; x_wconf 89' lang='lat' dir='ltr'>alii</span> <span class='ocrx_word' id='word_1_365' title='bbox 526 2943 564 2993; x_wconf 89' lang='lat' dir='ltr'>rel</span> <span class='ocrx_word' id='word_1_366' title='bbox 577 2952 672 3008; x_wconf 88' lang='lat' dir='ltr'>negant</span> <span class='ocrx_word' id='word_1_367' title='bbox 685 2946 722 2994; x_wconf 90' lang='lat' dir='ltr'>rel</span> <span class='ocrx_word' id='word_1_368' title='bbox 736 2944 858 2995; x_wconf 83' lang='lat' dir='ltr'>differunt.</span> <span class='ocrx_word' id='word_1_369' title='bbox 887 2946 988 2997; x_wconf 91' lang='lat' dir='ltr'>Interim</span> <span class='ocrx_word' id='word_1_370' title='bbox 1008 2949 1090 2997; x_wconf 88' lang='lat' dir='ltr'>mirari</span> <span class='ocrx_word' id='word_1_371' title='bbox 1109 2949 1169 2997; x_wconf 88' lang='lat' dir='ltr'>satis</span> <span class='ocrx_word' id='word_1_372' title='bbox 1187 2954 1256 2996; x_wconf 88' lang='lat' dir='ltr'>tuam</span> <span class='ocrx_word' id='word_1_373' title='bbox 1276 2959 1336 3010; x_wconf 81' lang='lat' dir='ltr'>erga</span> <span class='ocrx_word' id='word_1_374' title='bbox 1353 2960 1393 2994; x_wconf 90' lang='lat' dir='ltr'>me</span> <span class='ocrx_word' id='word_1_375' title='bbox 1410 2943 1595 3001; x_wconf 81' lang='lat' dir='ltr'>liberalitatem.</span> 
     </span>
     <span class='ocr_line' id='line_1_34' title="bbox 235 3015 1595 3085; baseline -0.005 -14"><span class='ocrx_word' id='word_1_376' title='bbox 235 3035 340 3085; x_wconf 90' lang='lat' dir='ltr'>eamque</span> <span class='ocrx_word' id='word_1_377' title='bbox 358 3019 523 3079; x_wconf 86' lang='lat' dir='ltr'>maximopere</span> <span class='ocrx_word' id='word_1_378' title='bbox 543 3017 626 3079; x_wconf 87' lang='lat' dir='ltr'>tuique</span> <span class='ocrx_word' id='word_1_379' title='bbox 645 3016 890 3066; x_wconf 85' lang='lat' dir='ltr'>honorificentissima</span> <span class='ocrx_word' id='word_1_380' title='bbox 916 3019 1002 3068; x_wconf 88' lang='lat' dir='ltr'>addita</span> <span class='ocrx_word' id='word_1_381' title='bbox 1023 3021 1146 3069; x_wconf 86' lang='lat' dir='ltr'>mentione</span> <span class='ocrx_word' id='word_1_382' title='bbox 1166 3020 1226 3068; x_wconf 89' lang='lat' dir='ltr'>satis</span> <span class='ocrx_word' id='word_1_383' title='bbox 1245 3018 1388 3082; x_wconf 87' lang='lat' dir='ltr'>praedicare</span> <span class='ocrx_word' id='word_1_384' title='bbox 1406 3030 1512 3081; x_wconf 81' lang='lat' dir='ltr'>nequeo,</span> <span class='ocrx_word' id='word_1_385' title='bbox 1532 3015 1595 3081; x_wconf 85' lang='lat' dir='ltr'>quod</span> 
     </span>
     <span class='ocr_line' id='line_1_35' title="bbox 235 3087 1596 3156; baseline -0.002 -17"><span class='ocrx_word' id='word_1_386' title='bbox 235 3099 288 3141; x_wconf 85' lang='lat' dir='ltr'>tam</span> <span class='ocrx_word' id='word_1_387' title='bbox 307 3090 433 3156; x_wconf 88' lang='lat' dir='ltr'>egregium</span> <span class='ocrx_word' id='word_1_388' title='bbox 451 3101 539 3137; x_wconf 89' lang='lat' dir='ltr'>munus</span> <span class='ocrx_word' id='word_1_389' title='bbox 557 3087 671 3150; x_wconf 90' lang='lat' dir='ltr'>poculum</span> <span class='ocrx_word' id='word_1_390' title='bbox 690 3088 912 3150; x_wconf 89' lang='lat' dir='ltr'>splendidissimum</span> <span class='ocrx_word' id='word_1_391' title='bbox 930 3089 990 3139; x_wconf 88' lang='lat' dir='ltr'>mihi</span> <span class='ocrx_word' id='word_1_392' title='bbox 1009 3091 1104 3139; x_wconf 89' lang='lat' dir='ltr'>misisti.</span> <span class='ocrx_word' id='word_1_393' title='bbox 1140 3090 1231 3140; x_wconf 81' lang='lat' dir='ltr'>Fateor</span> <span class='ocrx_word' id='word_1_394' title='bbox 1249 3095 1324 3145; x_wconf 68' lang='lat' dir='ltr'>oeno.</span> <span class='ocrx_word' id='word_1_395' title='bbox 1343 3101 1401 3138; x_wconf 83' lang='lat' dir='ltr'>mea</span> <span class='ocrx_word' id='word_1_396' title='bbox 1417 3089 1444 3136; x_wconf 92' lang='lat' dir='ltr'>in</span> <span class='ocrx_word' id='word_1_397' title='bbox 1462 3094 1490 3138; x_wconf 85' lang='lat' dir='ltr'>te</span> <span class='ocrx_word' id='word_1_398' title='bbox 1508 3089 1596 3137; x_wconf 82' lang='lat' dir='ltr'>merita</span> 
     </span>
     <span class='ocr_line' id='line_1_36' title="bbox 236 3157 1594 3226; baseline -0.002 -15"><span class='ocrx_word' id='word_1_399' title='bbox 236 3164 345 3226; x_wconf 83' lang='lat' dir='ltr'>proiecto</span> <span class='ocrx_word' id='word_1_400' title='bbox 357 3173 514 3224; x_wconf 83' lang='lat' dir='ltr'>nequaquam</span> <span class='ocrx_word' id='word_1_401' title='bbox 526 3164 600 3207; x_wconf 91' lang='lat' dir='ltr'>tanta</span> <span class='ocrx_word' id='word_1_402' title='bbox 612 3172 675 3213; x_wconf 85' lang='lat' dir='ltr'>esse.</span> <span class='ocrx_word' id='word_1_403' title='bbox 695 3168 790 3222; x_wconf 87' lang='lat' dir='ltr'>quanta</span> <span class='ocrx_word' id='word_1_404' title='bbox 808 3167 853 3208; x_wconf 91' lang='lat' dir='ltr'>tna</span> <span class='ocrx_word' id='word_1_405' title='bbox 872 3175 932 3225; x_wconf 90' lang='lat' dir='ltr'>erga</span> <span class='ocrx_word' id='word_1_406' title='bbox 949 3176 989 3211; x_wconf 90' lang='lat' dir='ltr'>me</span> <span class='ocrx_word' id='word_1_407' title='bbox 1007 3160 1054 3210; x_wconf 88' lang='lat' dir='ltr'>hoo</span> <span class='ocrx_word' id='word_1_408' title='bbox 1072 3162 1160 3224; x_wconf 89' lang='lat' dir='ltr'>poculo</span> <span class='ocrx_word' id='word_1_409' title='bbox 1179 3161 1348 3211; x_wconf 88' lang='lat' dir='ltr'>demonstrata</span> <span class='ocrx_word' id='word_1_410' title='bbox 1367 3159 1503 3224; x_wconf 82' lang='lat' dir='ltr'>gratitudo.</span> <span class='ocrx_word' id='word_1_411' title='bbox 1530 3157 1594 3209; x_wconf 83' lang='lat' dir='ltr'>Nsm</span> 
     </span>
     <span class='ocr_line' id='line_1_37' title="bbox 236 3229 1594 3299; baseline -0.001 -16"><span class='ocrx_word' id='word_1_412' title='bbox 236 3247 300 3299; x_wconf 86' lang='lat' dir='ltr'>quae</span> <span class='ocrx_word' id='word_1_413' title='bbox 313 3247 329 3282; x_wconf 89' lang='lat' dir='ltr'>a</span> <span class='ocrx_word' id='word_1_414' title='bbox 340 3247 380 3280; x_wconf 91' lang='lat' dir='ltr'>me</span> <span class='ocrx_word' id='word_1_415' title='bbox 392 3231 514 3294; x_wconf 90' lang='lat' dir='ltr'>praestita</span> <span class='ocrx_word' id='word_1_416' title='bbox 525 3235 591 3286; x_wconf 87' lang='lat' dir='ltr'>suut,</span> <span class='ocrx_word' id='word_1_417' title='bbox 611 3244 642 3278; x_wconf 90' lang='lat' dir='ltr'>aa</span> <span class='ocrx_word' id='word_1_418' title='bbox 659 3229 745 3278; x_wconf 89' lang='lat' dir='ltr'>lubens</span> <span class='ocrx_word' id='word_1_419' title='bbox 758 3231 813 3290; x_wconf 86' lang='lat' dir='ltr'>leci,</span> <span class='ocrx_word' id='word_1_420' title='bbox 833 3233 912 3281; x_wconf 86' lang='lat' dir='ltr'>amico</span> <span class='ocrx_word' id='word_1_421' title='bbox 926 3233 1008 3281; x_wconf 89' lang='lat' dir='ltr'>animo</span> <span class='ocrx_word' id='word_1_422' title='bbox 1021 3247 1081 3296; x_wconf 88' lang='lat' dir='ltr'>erga</span> <span class='ocrx_word' id='word_1_423' title='bbox 1094 3234 1200 3283; x_wconf 87' lang='lat' dir='ltr'>amioum</span> <span class='ocrx_word' id='word_1_424' title='bbox 1212 3233 1333 3296; x_wconf 88' lang='lat' dir='ltr'>praestiti,</span> <span class='ocrx_word' id='word_1_425' title='bbox 1353 3232 1429 3281; x_wconf 84' lang='lat' dir='ltr'>aliam</span> <span class='ocrx_word' id='word_1_426' title='bbox 1448 3243 1594 3295; x_wconf 78' lang='lat' dir='ltr'>compassos·</span> 
     </span>
     <span class='ocr_line' id='line_1_38' title="bbox 236 3299 1594 3368; baseline -0.001 -14"><span class='ocrx_word' id='word_1_427' title='bbox 236 3307 329 3354; x_wconf 71' lang='lat' dir='ltr'>donem</span> <span class='ocrx_word' id='word_1_428' title='bbox 342 3316 421 3367; x_wconf 87' lang='lat' dir='ltr'>neque</span> <span class='ocrx_word' id='word_1_429' title='bbox 434 3301 547 3364; x_wconf 83' lang='lat' dir='ltr'>exoptavi</span> <span class='ocrx_word' id='word_1_430' title='bbox 560 3314 607 3349; x_wconf 88' lang='lat' dir='ltr'>nec</span> <span class='ocrx_word' id='word_1_431' title='bbox 620 3302 748 3364; x_wconf 87' lang='lat' dir='ltr'>expectari</span> <span class='ocrx_word' id='word_1_432' title='bbox 760 3315 877 3366; x_wconf 84' lang='lat' dir='ltr'>unquam.</span> <span class='ocrx_word' id='word_1_433' title='bbox 890 3317 964 3366; x_wconf 88' lang='lat' dir='ltr'>qnam</span> <span class='ocrx_word' id='word_1_434' title='bbox 982 3305 1088 3353; x_wconf 88' lang='lat' dir='ltr'>amicum</span> <span class='ocrx_word' id='word_1_435' title='bbox 1101 3305 1218 3361; x_wconf 83' lang='lat' dir='ltr'>animum.</span> <span class='ocrx_word' id='word_1_436' title='bbox 1237 3304 1336 3368; x_wconf 84' lang='lat' dir='ltr'>qualem</span> <span class='ocrx_word' id='word_1_437' title='bbox 1349 3317 1409 3367; x_wconf 89' lang='lat' dir='ltr'>erga</span> <span class='ocrx_word' id='word_1_438' title='bbox 1421 3316 1461 3352; x_wconf 87' lang='lat' dir='ltr'>me</span> <span class='ocrx_word' id='word_1_439' title='bbox 1472 3299 1594 3353; x_wconf 81' lang='lat' dir='ltr'>hacteuus</span> 
     </span>
     <span class='ocr_line' id='line_1_39' title="bbox 238 3370 1593 3439; baseline -0.004 -14"><span class='ocrx_word' id='word_1_440' title='bbox 238 3374 418 3426; x_wconf 86' lang='lat' dir='ltr'>demonstrasti.</span> <span class='ocrx_word' id='word_1_441' title='bbox 448 3373 484 3420; x_wconf 84' lang='lat' dir='ltr'>Eo</span> <span class='ocrx_word' id='word_1_442' title='bbox 498 3385 544 3435; x_wconf 90' lang='lat' dir='ltr'>ogo</span> <span class='ocrx_word' id='word_1_443' title='bbox 557 3370 591 3419; x_wconf 85' lang='lat' dir='ltr'>ini</span> <span class='ocrx_word' id='word_1_444' title='bbox 610 3373 815 3421; x_wconf 88' lang='lat' dir='ltr'>contentissimus.</span> <span class='ocrx_word' id='word_1_445' title='bbox 846 3371 968 3433; x_wconf 86' lang='lat' dir='ltr'>Quoniam</span> <span class='ocrx_word' id='word_1_446' title='bbox 986 3390 1041 3424; x_wconf 89' lang='lat' dir='ltr'>rere</span> <span class='ocrx_word' id='word_1_447' title='bbox 1058 3377 1112 3437; x_wconf 78' lang='lat' dir='ltr'>lam</span> <span class='ocrx_word' id='word_1_448' title='bbox 1129 3375 1196 3424; x_wconf 90' lang='lat' dir='ltr'>istud</span> <span class='ocrx_word' id='word_1_449' title='bbox 1215 3372 1369 3439; x_wconf 70' lang='lat' dir='ltr'>superaddis.</span> <span class='ocrx_word' id='word_1_450' title='bbox 1387 3388 1433 3438; x_wconf 90' lang='lat' dir='ltr'>ego</span> <span class='ocrx_word' id='word_1_451' title='bbox 1453 3380 1530 3432; x_wconf 73' lang='lat' dir='ltr'>cena,</span> <span class='ocrx_word' id='word_1_452' title='bbox 1547 3385 1593 3438; x_wconf 77' lang='lat' dir='ltr'>guo</span> 
     </span>
     <span class='ocr_line' id='line_1_40' title="bbox 238 3443 1591 3511; baseline -0.001 -15"><span class='ocrx_word' id='word_1_453' title='bbox 238 3447 337 3496; x_wconf 86' lang='lat' dir='ltr'>nomine</span> <span class='ocrx_word' id='word_1_454' title='bbox 355 3457 427 3508; x_wconf 89' lang='lat' dir='ltr'>pares</span> <span class='ocrx_word' id='word_1_455' title='bbox 448 3455 522 3508; x_wconf 86' lang='lat' dir='ltr'>agam</span> <span class='ocrx_word' id='word_1_456' title='bbox 540 3443 642 3505; x_wconf 86' lang='lat' dir='ltr'>gratias.</span> <span class='ocrx_word' id='word_1_457' title='bbox 662 3457 712 3491; x_wconf 91' lang='lat' dir='ltr'>non</span> <span class='ocrx_word' id='word_1_458' title='bbox 729 3445 834 3492; x_wconf 82' lang='lat' dir='ltr'>invenio.</span> <span class='ocrx_word' id='word_1_459' title='bbox 872 3444 965 3494; x_wconf 89' lang='lat' dir='ltr'>Verum</span> <span class='ocrx_word' id='word_1_460' title='bbox 983 3444 1065 3495; x_wconf 89' lang='lat' dir='ltr'>Deum</span> <span class='ocrx_word' id='word_1_461' title='bbox 1083 3447 1128 3495; x_wconf 90' lang='lat' dir='ltr'>tibi</span> <span class='ocrx_word' id='word_1_462' title='bbox 1147 3452 1358 3511; x_wconf 87' lang='lat' dir='ltr'>compensatorem</span> <span class='ocrx_word' id='word_1_463' title='bbox 1377 3446 1497 3502; x_wconf 84' lang='lat' dir='ltr'>exorabo,</span> <span class='ocrx_word' id='word_1_464' title='bbox 1515 3443 1591 3494; x_wconf 79' lang='lat' dir='ltr'>ml·</span> 
     </span>
     <span class='ocr_line' id='line_1_41' title="bbox 237 3514 1592 3585; baseline 0 -18"><span class='ocrx_word' id='word_1_465' title='bbox 237 3518 422 3567; x_wconf 87' lang='lat' dir='ltr'>licentissimum</span> <span class='ocrx_word' id='word_1_466' title='bbox 441 3515 554 3563; x_wconf 90' lang='lat' dir='ltr'>nimirum</span> <span class='ocrx_word' id='word_1_467' title='bbox 572 3514 757 3571; x_wconf 84' lang='lat' dir='ltr'>retributorem.</span> <span class='ocrx_word' id='word_1_468' title='bbox 784 3517 823 3579; x_wconf 88' lang='lat' dir='ltr'>qui</span> <span class='ocrx_word' id='word_1_469' title='bbox 847 3516 961 3566; x_wconf 81' lang='lat' dir='ltr'>videlicet</span> <span class='ocrx_word' id='word_1_470' title='bbox 978 3518 1024 3567; x_wconf 91' lang='lat' dir='ltr'>tibi</span> <span class='ocrx_word' id='word_1_471' title='bbox 1041 3533 1112 3582; x_wconf 93' lang='lat' dir='ltr'>porro</span> <span class='ocrx_word' id='word_1_472' title='bbox 1130 3533 1177 3568; x_wconf 88' lang='lat' dir='ltr'>sua</span> <span class='ocrx_word' id='word_1_473' title='bbox 1201 3518 1283 3585; x_wconf 89' lang='lat' dir='ltr'>gratia</span> <span class='ocrx_word' id='word_1_474' title='bbox 1306 3517 1386 3574; x_wconf 85' lang='lat' dir='ltr'>adsit,</span> <span class='ocrx_word' id='word_1_475' title='bbox 1412 3522 1439 3567; x_wconf 89' lang='lat' dir='ltr'>et</span> <span class='ocrx_word' id='word_1_476' title='bbox 1463 3522 1508 3575; x_wconf 80' lang='lat' dir='ltr'>te.</span> <span class='ocrx_word' id='word_1_477' title='bbox 1529 3527 1592 3581; x_wconf 70' lang='lat' dir='ltr'>qun</span> 
     </span>
     <span class='ocr_line' id='line_1_42' title="bbox 238 3584 1607 3656; baseline -0.004 -15"><span class='ocrx_word' id='word_1_478' title='bbox 238 3590 341 3656; x_wconf 85' lang='lat' dir='ltr'>egregia</span> <span class='ocrx_word' id='word_1_479' title='bbox 356 3588 384 3636; x_wconf 91' lang='lat' dir='ltr'>in</span> <span class='ocrx_word' id='word_1_480' title='bbox 402 3594 434 3636; x_wconf 86' lang='lat' dir='ltr'>te</span> <span class='ocrx_word' id='word_1_481' title='bbox 447 3586 541 3649; x_wconf 81' lang='lat' dir='ltr'>coepit,</span> <span class='ocrx_word' id='word_1_482' title='bbox 561 3584 665 3634; x_wconf 77' lang='lat' dir='ltr'>feliciter</span> <span class='ocrx_word' id='word_1_483' title='bbox 683 3585 800 3649; x_wconf 86' lang='lat' dir='ltr'>perticere</span> <span class='ocrx_word' id='word_1_484' title='bbox 819 3587 939 3653; x_wconf 90' lang='lat' dir='ltr'>dignetur.</span> <span class='ocrx_word' id='word_1_485' title='bbox 1603 3598 1607 3604; x_wconf 78' lang='lat'><strong>·</strong></span> 
     </span>
    </p>

    <p class='ocr_par' dir='ltr' id='par_1_7' title="bbox 236 3656 1597 3939">
     <span class='ocr_line' id='line_1_43' title="bbox 308 3656 1597 3723; baseline -0.003 -13"><span class='ocrx_word' id='word_1_486' title='bbox 308 3661 365 3710; x_wconf 81' lang='lat' dir='ltr'>Hac</span> <span class='ocrx_word' id='word_1_487' title='bbox 382 3656 536 3708; x_wconf 90' lang='lat' dir='ltr'>hebdomade</span> <span class='ocrx_word' id='word_1_488' title='bbox 549 3658 684 3720; x_wconf 90' lang='lat' dir='ltr'>praeterita</span> <span class='ocrx_word' id='word_1_489' title='bbox 697 3672 727 3706; x_wconf 88' lang='lat' dir='ltr'>ex</span> <span class='ocrx_word' id='word_1_490' title='bbox 739 3657 890 3723; x_wconf 86' lang='lat' dir='ltr'>Leonberga&#39;</span> <span class='ocrx_word' id='word_1_491' title='bbox 903 3659 951 3710; x_wconf 89' lang='lat' dir='ltr'>hnc</span> <span class='ocrx_word' id='word_1_492' title='bbox 970 3660 1002 3710; x_wconf 84' lang='lat' dir='ltr'>ad</span> <span class='ocrx_word' id='word_1_493' title='bbox 1020 3676 1060 3710; x_wconf 91' lang='lat' dir='ltr'>me</span> <span class='ocrx_word' id='word_1_494' title='bbox 1078 3661 1146 3711; x_wconf 82' lang='lat' dir='ltr'>venit</span> <span class='ocrx_word' id='word_1_495' title='bbox 1163 3667 1243 3711; x_wconf 90' lang='lat' dir='ltr'>mater</span> <span class='ocrx_word' id='word_1_496' title='bbox 1260 3666 1313 3718; x_wconf 84' lang='lat' dir='ltr'>tus,</span> <span class='ocrx_word' id='word_1_497' title='bbox 1332 3667 1448 3710; x_wconf 87' lang='lat' dir='ltr'>matrona</span> <span class='ocrx_word' id='word_1_498' title='bbox 1465 3658 1507 3718; x_wconf 78' lang='lat' dir='ltr'>rel</span> <span class='ocrx_word' id='word_1_499' title='bbox 1524 3656 1597 3707; x_wconf 86' lang='lat' dir='ltr'>ridns</span> 
     </span>
     <span class='ocr_line' id='line_1_44' title="bbox 236 3728 1594 3798; baseline -0.003 -16"><span class='ocrx_word' id='word_1_500' title='bbox 236 3734 359 3798; x_wconf 87' lang='lat' dir='ltr'>piissima.</span> <span class='ocrx_word' id='word_1_501' title='bbox 384 3728 415 3780; x_wconf 88' lang='lat' dir='ltr'>de</span> <span class='ocrx_word' id='word_1_502' title='bbox 437 3729 516 3789; x_wconf 86' lang='lat' dir='ltr'>rebusl</span> <span class='ocrx_word' id='word_1_503' title='bbox 531 3729 580 3777; x_wconf 90' lang='lat' dir='ltr'>tuis</span> <span class='ocrx_word' id='word_1_504' title='bbox 607 3730 822 3794; x_wconf 86' lang='lat' dir='ltr'>praesentiumque</span> <span class='ocrx_word' id='word_1_505' title='bbox 851 3745 929 3780; x_wconf 92' lang='lat' dir='ltr'>rerum</span> <span class='ocrx_word' id='word_1_506' title='bbox 957 3738 1025 3782; x_wconf 86' lang='lat' dir='ltr'>stato</span> <span class='ocrx_word' id='word_1_507' title='bbox 1049 3732 1120 3782; x_wconf 86' lang='lat' dir='ltr'>valde</span> <span class='ocrx_word' id='word_1_508' title='bbox 1139 3732 1251 3782; x_wconf 89' lang='lat' dir='ltr'>sollicita.</span> <span class='ocrx_word' id='word_1_509' title='bbox 1295 3731 1359 3781; x_wconf 73' lang='lat' dir='ltr'>Eam</span> <span class='ocrx_word' id='word_1_510' title='bbox 1383 3736 1505 3796; x_wconf 86' lang='lat' dir='ltr'>qnantum</span> <span class='ocrx_word' id='word_1_511' title='bbox 1528 3729 1594 3794; x_wconf 73' lang='lat' dir='ltr'>pobs&#39;</span> 
     </span>
     <span class='ocr_line' id='line_1_45' title="bbox 237 3799 1595 3869; baseline -0.003 -15"><span class='ocrx_word' id='word_1_512' title='bbox 237 3804 377 3854; x_wconf 84' lang='lat' dir='ltr'>consolatus</span> <span class='ocrx_word' id='word_1_513' title='bbox 396 3816 458 3856; x_wconf 89' lang='lat' dir='ltr'>sum.</span> <span class='ocrx_word' id='word_1_514' title='bbox 478 3801 535 3865; x_wconf 88' lang='lat' dir='ltr'>qnia</span> <span class='ocrx_word' id='word_1_515' title='bbox 553 3800 648 3849; x_wconf 89' lang='lat' dir='ltr'>meliori</span> <span class='ocrx_word' id='word_1_516' title='bbox 665 3800 718 3851; x_wconf 86' lang='lat' dir='ltr'>loco</span> <span class='ocrx_word' id='word_1_517' title='bbox 737 3803 904 3867; x_wconf 88' lang='lat' dir='ltr'>pergratiam</span> <span class='ocrx_word' id='word_1_518' title='bbox 923 3802 972 3852; x_wconf 91' lang='lat' dir='ltr'>Dei</span> <span class='ocrx_word' id='word_1_519' title='bbox 991 3806 1041 3853; x_wconf 86' lang='lat' dir='ltr'>sint</span> <span class='ocrx_word' id='word_1_520' title='bbox 1058 3813 1117 3853; x_wconf 87' lang='lat' dir='ltr'>tuae</span> <span class='ocrx_word' id='word_1_521' title='bbox 1135 3819 1183 3862; x_wconf 89' lang='lat' dir='ltr'>res,</span> <span class='ocrx_word' id='word_1_522' title='bbox 1207 3817 1280 3869; x_wconf 84' lang='lat' dir='ltr'>quam</span> <span class='ocrx_word' id='word_1_523' title='bbox 1298 3803 1354 3866; x_wconf 89' lang='lat' dir='ltr'>ipsa</span> <span class='ocrx_word' id='word_1_524' title='bbox 1372 3802 1409 3851; x_wconf 87' lang='lat' dir='ltr'>rel</span> <span class='ocrx_word' id='word_1_525' title='bbox 1427 3803 1473 3850; x_wconf 88' lang='lat' dir='ltr'>sibi</span> <span class='ocrx_word' id='word_1_526' title='bbox 1492 3802 1541 3866; x_wconf 71' lang='lat' dir='ltr'>ipd</span> <span class='ocrx_word' id='word_1_527' title='bbox 1558 3799 1595 3850; x_wconf 86' lang='lat' dir='ltr'>rsi</span> 
     </span>
     <span class='ocr_line' id='line_1_46' title="bbox 237 3864 1594 3939; baseline -0.001 -15"><span class='ocrx_word' id='word_1_528' title='bbox 237 3891 267 3924; x_wconf 92' lang='lat' dir='ltr'>ex</span> <span class='ocrx_word' id='word_1_529' title='bbox 285 3876 387 3925; x_wconf 83' lang='lat' dir='ltr'>aliorum</span> <span class='ocrx_word' id='word_1_530' title='bbox 404 3887 520 3938; x_wconf 80' lang='lat' dir='ltr'>perversa</span> <span class='ocrx_word' id='word_1_531' title='bbox 538 3870 658 3921; x_wconf 89' lang='lat' dir='ltr'>relatione</span> <span class='ocrx_word' id='word_1_532' title='bbox 676 3874 833 3936; x_wconf 87' lang='lat' dir='ltr'>imaginetur.</span> <span class='ocrx_word' id='word_1_533' title='bbox 863 3871 934 3923; x_wconf 89' lang='lat' dir='ltr'>Sicut</span> <span class='ocrx_word' id='word_1_534' title='bbox 953 3877 1028 3925; x_wconf 89' lang='lat' dir='ltr'>etiam</span> <span class='ocrx_word' id='word_1_535' title='bbox 1046 3877 1118 3934; x_wconf 77' lang='lat' dir='ltr'>louge</span> <span class='ocrx_word' id='word_1_536' title='bbox 1134 3864 1216 3929; x_wconf 63' lang='lat' dir='ltr'>aliter.</span> <span class='ocrx_word' id='word_1_537' title='bbox 1237 3888 1311 3939; x_wconf 87' lang='lat' dir='ltr'>qnam</span> <span class='ocrx_word' id='word_1_538' title='bbox 1328 3888 1368 3923; x_wconf 90' lang='lat' dir='ltr'>res</span> <span class='ocrx_word' id='word_1_539' title='bbox 1380 3887 1408 3923; x_wconf 84' lang='lat' dir='ltr'>ss</span> <span class='ocrx_word' id='word_1_540' title='bbox 1419 3872 1525 3935; x_wconf 79' lang='lat' dir='ltr'>habent,</span> <span class='ocrx_word' id='word_1_541' title='bbox 1541 3887 1594 3937; x_wconf 85' lang='lat' dir='ltr'>pes·</span> 
     </span>
    </p>

    <p class='ocr_par' dir='ltr' id='par_1_8' title="bbox 218 3943 1617 4940">
     <span class='ocr_line' id='line_1_47' title="bbox 218 3943 1594 4010; baseline -0.001 -14"><span class='ocrx_word' id='word_1_542' title='bbox 218 3960 312 3996; x_wconf 86' lang='lat' dir='ltr'>-suass</span> <span class='ocrx_word' id='word_1_543' title='bbox 328 3945 464 3996; x_wconf 88' lang='lat' dir='ltr'>ridebatur.</span> <span class='ocrx_word' id='word_1_544' title='bbox 497 3943 535 3992; x_wconf 86' lang='lat' dir='ltr'>Ea</span> <span class='ocrx_word' id='word_1_545' title='bbox 552 3943 617 3992; x_wconf 86' lang='lat' dir='ltr'>iuter</span> <span class='ocrx_word' id='word_1_546' title='bbox 635 3943 686 3991; x_wconf 87' lang='lat' dir='ltr'>alia</span> <span class='ocrx_word' id='word_1_547' title='bbox 703 3944 838 4007; x_wconf 88' lang='lat' dir='ltr'>quaerebat</span> <span class='ocrx_word' id='word_1_548' title='bbox 856 3944 887 3993; x_wconf 90' lang='lat' dir='ltr'>de</span> <span class='ocrx_word' id='word_1_549' title='bbox 905 3953 957 4002; x_wconf 86' lang='lat' dir='ltr'>tuo,</span> <span class='ocrx_word' id='word_1_550' title='bbox 977 3946 1041 4010; x_wconf 89' lang='lat' dir='ltr'>qnod</span> <span class='ocrx_word' id='word_1_551' title='bbox 1059 3947 1118 3996; x_wconf 89' lang='lat' dir='ltr'>mihi</span> <span class='ocrx_word' id='word_1_552' title='bbox 1137 3946 1238 4004; x_wconf 86' lang='lat' dir='ltr'>debeas,</span> <span class='ocrx_word' id='word_1_553' title='bbox 1257 3946 1347 3995; x_wconf 90' lang='lat' dir='ltr'>debito.</span> <span class='ocrx_word' id='word_1_554' title='bbox 1379 3944 1441 4010; x_wconf 81' lang='lat' dir='ltr'>Ego,</span> <span class='ocrx_word' id='word_1_555' title='bbox 1460 3944 1520 4008; x_wconf 86' lang='lat' dir='ltr'>quid</span> <span class='ocrx_word' id='word_1_556' title='bbox 1539 3944 1594 3994; x_wconf 85' lang='lat' dir='ltr'>sab·</span> 
     </span>
     <span class='ocr_line' id='line_1_48' title="bbox 236 4013 1596 4080; baseline -0.001 -14"><span class='ocrx_word' id='word_1_557' title='bbox 236 4024 315 4079; x_wconf 88' lang='lat' dir='ltr'>esset,</span> <span class='ocrx_word' id='word_1_558' title='bbox 332 4032 381 4066; x_wconf 92' lang='lat' dir='ltr'>non</span> <span class='ocrx_word' id='word_1_559' title='bbox 400 4015 554 4079; x_wconf 84' lang='lat' dir='ltr'>intelligens,</span> <span class='ocrx_word' id='word_1_560' title='bbox 574 4013 636 4069; x_wconf 88' lang='lat' dir='ltr'>dixi,</span> <span class='ocrx_word' id='word_1_561' title='bbox 656 4014 822 4077; x_wconf 81' lang='lat' dir='ltr'>quadrarum</span> <span class='ocrx_word' id='word_1_562' title='bbox 841 4016 891 4072; x_wconf 88' lang='lat' dir='ltr'>est,</span> <span class='ocrx_word' id='word_1_563' title='bbox 916 4023 941 4065; x_wconf 91' lang='lat' dir='ltr'>te</span> <span class='ocrx_word' id='word_1_564' title='bbox 959 4018 1019 4066; x_wconf 89' lang='lat' dir='ltr'>mibi</span> <span class='ocrx_word' id='word_1_565' title='bbox 1037 4017 1096 4067; x_wconf 88' lang='lat' dir='ltr'>nihil</span> <span class='ocrx_word' id='word_1_566' title='bbox 1117 4017 1218 4078; x_wconf 89' lang='lat' dir='ltr'>debere,</span> <span class='ocrx_word' id='word_1_567' title='bbox 1244 4030 1418 4080; x_wconf 82' lang='lat' dir='ltr'>necunquam</span> <span class='ocrx_word' id='word_1_568' title='bbox 1436 4028 1494 4065; x_wconf 84' lang='lat' dir='ltr'>aera</span> <span class='ocrx_word' id='word_1_569' title='bbox 1515 4015 1596 4064; x_wconf 85' lang='lat' dir='ltr'>alieno</span> 
     </span>
     <span class='ocr_line' id='line_1_49' title="bbox 236 4083 1595 4153; baseline -0.001 -16"><span class='ocrx_word' id='word_1_570' title='bbox 236 4089 379 4137; x_wconf 87' lang='lat' dir='ltr'>obstrictum</span> <span class='ocrx_word' id='word_1_571' title='bbox 396 4086 471 4135; x_wconf 82' lang='lat' dir='ltr'>luisse</span> <span class='ocrx_word' id='word_1_572' title='bbox 484 4085 547 4142; x_wconf 85' lang='lat' dir='ltr'>dixi.</span> <span class='ocrx_word' id='word_1_573' title='bbox 586 4083 694 4148; x_wconf 85' lang='lat' dir='ltr'>Cumque</span> <span class='ocrx_word' id='word_1_574' title='bbox 713 4100 770 4134; x_wconf 89' lang='lat' dir='ltr'>mox</span> <span class='ocrx_word' id='word_1_575' title='bbox 786 4088 899 4142; x_wconf 84' lang='lat' dir='ltr'>instaret,</span> <span class='ocrx_word' id='word_1_576' title='bbox 919 4088 1033 4145; x_wconf 84' lang='lat' dir='ltr'>iudicari,</span> <span class='ocrx_word' id='word_1_577' title='bbox 1053 4096 1078 4138; x_wconf 93' lang='lat' dir='ltr'>te</span> <span class='ocrx_word' id='word_1_578' title='bbox 1097 4089 1163 4137; x_wconf 90' lang='lat' dir='ltr'>nullo</span> <span class='ocrx_word' id='word_1_579' title='bbox 1181 4090 1261 4149; x_wconf 85' lang='lat' dir='ltr'>modo,</span> <span class='ocrx_word' id='word_1_580' title='bbox 1285 4101 1430 4153; x_wconf 88' lang='lat' dir='ltr'>quoeunque</span> <span class='ocrx_word' id='word_1_581' title='bbox 1449 4087 1595 4152; x_wconf 83' lang='lat' dir='ltr'>accipiatur,</span> 
     </span>
     <span class='ocr_line' id='line_1_50' title="bbox 235 4155 1596 4224; baseline -0.001 -16"><span class='ocrx_word' id='word_1_582' title='bbox 235 4157 295 4208; x_wconf 87' lang='lat' dir='ltr'>mihi</span> <span class='ocrx_word' id='word_1_583' title='bbox 313 4159 446 4223; x_wconf 90' lang='lat' dir='ltr'>quidquam</span> <span class='ocrx_word' id='word_1_584' title='bbox 464 4155 560 4205; x_wconf 92' lang='lat' dir='ltr'>debere.</span> <span class='ocrx_word' id='word_1_585' title='bbox 594 4155 647 4204; x_wconf 83' lang='lat' dir='ltr'>Etsi</span> <span class='ocrx_word' id='word_1_586' title='bbox 666 4158 731 4204; x_wconf 89' lang='lat' dir='ltr'>enim</span> <span class='ocrx_word' id='word_1_587' title='bbox 749 4163 847 4218; x_wconf 87' lang='lat' dir='ltr'>propter</span> <span class='ocrx_word' id='word_1_588' title='bbox 865 4159 985 4221; x_wconf 88' lang='lat' dir='ltr'>quasdam</span> <span class='ocrx_word' id='word_1_589' title='bbox 1009 4160 1117 4223; x_wconf 74' lang='lat' dir='ltr'>opellae,</span> <span class='ocrx_word' id='word_1_590' title='bbox 1142 4174 1207 4224; x_wconf 86' lang='lat' dir='ltr'>qnae</span> <span class='ocrx_word' id='word_1_591' title='bbox 1225 4160 1315 4210; x_wconf 89' lang='lat' dir='ltr'>nullius</span> <span class='ocrx_word' id='word_1_592' title='bbox 1335 4158 1402 4224; x_wconf 86' lang='lat' dir='ltr'>apud</span> <span class='ocrx_word' id='word_1_593' title='bbox 1420 4172 1460 4207; x_wconf 93' lang='lat' dir='ltr'>me</span> <span class='ocrx_word' id='word_1_594' title='bbox 1476 4157 1596 4207; x_wconf 82' lang='lat' dir='ltr'>momenti</span> 
     </span>
     <span class='ocr_line' id='line_1_51' title="bbox 236 4226 1596 4295; baseline 0 -16"><span class='ocrx_word' id='word_1_595' title='bbox 236 4232 293 4292; x_wconf 71' lang='lat' dir='ltr'>sint,</span> <span class='ocrx_word' id='word_1_596' title='bbox 314 4229 406 4295; x_wconf 84' lang='lat' dir='ltr'>aliquid</span> <span class='ocrx_word' id='word_1_597' title='bbox 424 4226 591 4292; x_wconf 84' lang='lat' dir='ltr'>spoponderis,</span> <span class='ocrx_word' id='word_1_598' title='bbox 611 4235 694 4275; x_wconf 89' lang='lat' dir='ltr'>tamen</span> <span class='ocrx_word' id='word_1_599' title='bbox 713 4227 738 4274; x_wconf 94' lang='lat' dir='ltr'>id</span> <span class='ocrx_word' id='word_1_600' title='bbox 758 4227 823 4290; x_wconf 89' lang='lat' dir='ltr'>apud</span> <span class='ocrx_word' id='word_1_601' title='bbox 841 4243 881 4277; x_wconf 87' lang='lat' dir='ltr'>me</span> <span class='ocrx_word' id='word_1_602' title='bbox 900 4230 963 4279; x_wconf 91' lang='lat' dir='ltr'>adeo</span> <span class='ocrx_word' id='word_1_603' title='bbox 981 4233 1007 4279; x_wconf 93' lang='lat' dir='ltr'>iu</span> <span class='ocrx_word' id='word_1_604' title='bbox 1025 4232 1133 4281; x_wconf 90' lang='lat' dir='ltr'>debitum</span> <span class='ocrx_word' id='word_1_605' title='bbox 1148 4247 1197 4282; x_wconf 89' lang='lat' dir='ltr'>non</span> <span class='ocrx_word' id='word_1_606' title='bbox 1210 4231 1309 4287; x_wconf 84' lang='lat' dir='ltr'>cadere.</span> <span class='ocrx_word' id='word_1_607' title='bbox 1329 4236 1357 4279; x_wconf 87' lang='lat' dir='ltr'>nt</span> <span class='ocrx_word' id='word_1_608' title='bbox 1376 4244 1459 4280; x_wconf 90' lang='lat' dir='ltr'>eorum</span> <span class='ocrx_word' id='word_1_609' title='bbox 1476 4243 1526 4280; x_wconf 89' lang='lat' dir='ltr'>neo</span> <span class='ocrx_word' id='word_1_610' title='bbox 1543 4243 1596 4279; x_wconf 84' lang='lat' dir='ltr'>me·</span> 
     </span>
     <span class='ocr_line' id='line_1_52' title="bbox 236 4299 1598 4363; baseline -0.002 -11"><span class='ocrx_word' id='word_1_611' title='bbox 236 4303 361 4359; x_wconf 84' lang='lat' dir='ltr'>minerim.</span> <span class='ocrx_word' id='word_1_612' title='bbox 387 4313 434 4349; x_wconf 88' lang='lat' dir='ltr'>uec</span> <span class='ocrx_word' id='word_1_613' title='bbox 452 4305 550 4363; x_wconf 87' lang='lat' dir='ltr'>propter</span> <span class='ocrx_word' id='word_1_614' title='bbox 568 4299 729 4361; x_wconf 83' lang='lat' dir='ltr'>interruptum</span> <span class='ocrx_word' id='word_1_615' title='bbox 748 4313 808 4361; x_wconf 91' lang='lat' dir='ltr'>opus</span> <span class='ocrx_word' id='word_1_616' title='bbox 826 4301 967 4361; x_wconf 81' lang='lat' dir='ltr'>meminisse</span> <span class='ocrx_word' id='word_1_617' title='bbox 987 4302 1074 4352; x_wconf 84' lang='lat' dir='ltr'>velim:</span> <span class='ocrx_word' id='word_1_618' title='bbox 1100 4303 1257 4353; x_wconf 86' lang='lat' dir='ltr'>nibilominus</span> <span class='ocrx_word' id='word_1_619' title='bbox 1280 4310 1364 4352; x_wconf 83' lang='lat' dir='ltr'>tamea</span> <span class='ocrx_word' id='word_1_620' title='bbox 1390 4310 1416 4351; x_wconf 89' lang='lat' dir='ltr'>te</span> <span class='ocrx_word' id='word_1_621' title='bbox 1434 4307 1505 4357; x_wconf 74' lang='lat' dir='ltr'>nram</span> <span class='ocrx_word' id='word_1_622' title='bbox 1522 4300 1598 4351; x_wconf 83' lang='lat' dir='ltr'>fidam</span> 
     </span>
     <span class='ocr_line' id='line_1_53' title="bbox 236 4369 1596 4439; baseline -0.001 -17"><span class='ocrx_word' id='word_1_623' title='bbox 236 4372 406 4438; x_wconf 80' lang='lat' dir='ltr'>superabunde</span> <span class='ocrx_word' id='word_1_624' title='bbox 427 4378 452 4420; x_wconf 92' lang='lat' dir='ltr'>et</span> <span class='ocrx_word' id='word_1_625' title='bbox 469 4370 544 4424; x_wconf 89' lang='lat' dir='ltr'>ultra,</span> <span class='ocrx_word' id='word_1_626' title='bbox 563 4382 637 4432; x_wconf 87' lang='lat' dir='ltr'>quam</span> <span class='ocrx_word' id='word_1_627' title='bbox 657 4371 759 4430; x_wconf 82' lang='lat' dir='ltr'>parsit,</span> <span class='ocrx_word' id='word_1_628' title='bbox 779 4369 919 4428; x_wconf 84' lang='lat' dir='ltr'>redemisse.</span> <span class='ocrx_word' id='word_1_629' title='bbox 939 4373 1012 4421; x_wconf 91' lang='lat' dir='ltr'>misso</span> <span class='ocrx_word' id='word_1_630' title='bbox 1024 4374 1139 4424; x_wconf 82' lang='lat' dir='ltr'>videlicet</span> <span class='ocrx_word' id='word_1_631' title='bbox 1157 4375 1244 4439; x_wconf 87' lang='lat' dir='ltr'>poculo</span> <span class='ocrx_word' id='word_1_632' title='bbox 1264 4382 1290 4423; x_wconf 93' lang='lat' dir='ltr'>et</span> <span class='ocrx_word' id='word_1_633' title='bbox 1307 4375 1417 4439; x_wconf 89' lang='lat' dir='ltr'>specioso</span> <span class='ocrx_word' id='word_1_634' title='bbox 1437 4379 1462 4421; x_wconf 90' lang='lat' dir='ltr'>et</span> <span class='ocrx_word' id='word_1_635' title='bbox 1477 4372 1596 4437; x_wconf 80' lang='lat' dir='ltr'>pretioso,</span> 
     </span>
     <span class='ocr_line' id='line_1_54' title="bbox 237 4437 1597 4512; baseline -0.003 -18"><span class='ocrx_word' id='word_1_636' title='bbox 237 4444 326 4494; x_wconf 86' lang='lat' dir='ltr'>additis</span> <span class='ocrx_word' id='word_1_637' title='bbox 352 4445 428 4493; x_wconf 91' lang='lat' dir='ltr'>etiam</span> <span class='ocrx_word' id='word_1_638' title='bbox 454 4437 673 4489; x_wconf 77' lang='lat' dir='ltr'>ssFerdinandicis</span> <span class='ocrx_word' id='word_1_639' title='bbox 700 4454 743 4502; x_wconf 90' lang='lat' dir='ltr'>pro</span> <span class='ocrx_word' id='word_1_640' title='bbox 768 4440 880 4503; x_wconf 89' lang='lat' dir='ltr'>operculo</span> <span class='ocrx_word' id='word_1_641' title='bbox 903 4443 1066 4512; x_wconf 70' lang='lat' dir='ltr'>conficiendo.¹</span> <span class='ocrx_word' id='word_1_642' title='bbox 1105 4446 1147 4496; x_wconf 83' lang='lat' dir='ltr'>Me</span> <span class='ocrx_word' id='word_1_643' title='bbox 1170 4446 1260 4496; x_wconf 87' lang='lat' dir='ltr'>idcirco</span> <span class='ocrx_word' id='word_1_644' title='bbox 1283 4452 1366 4502; x_wconf 89' lang='lat' dir='ltr'>tunm,</span> <span class='ocrx_word' id='word_1_645' title='bbox 1389 4457 1439 4493; x_wconf 89' lang='lat' dir='ltr'>nou</span> <span class='ocrx_word' id='word_1_646' title='bbox 1462 4450 1548 4494; x_wconf 65' lang='lat' dir='ltr'>suum</span> <span class='ocrx_word' id='word_1_647' title='bbox 1571 4447 1597 4490; x_wconf 88' lang='lat' dir='ltr'>ts</span> 
     </span>
     <span class='ocr_line' id='line_1_55' title="bbox 236 4509 1597 4589; baseline -0.003 -24"><span class='ocrx_word' id='word_1_648' title='bbox 236 4531 318 4565; x_wconf 88' lang='lat' dir='ltr'>meum</span> <span class='ocrx_word' id='word_1_649' title='bbox 337 4530 390 4564; x_wconf 89' lang='lat' dir='ltr'>asse</span> <span class='ocrx_word' id='word_1_650' title='bbox 406 4512 547 4589; x_wconf 76' lang='lat' dir='ltr'>debitorem.</span> <span class='ocrx_word' id='word_1_651' title='bbox 577 4509 606 4559; x_wconf 89' lang='lat' dir='ltr'>ld</span> <span class='ocrx_word' id='word_1_652' title='bbox 624 4515 767 4560; x_wconf 70' lang='lat' dir='ltr'>mater&#39;tna</span> <span class='ocrx_word' id='word_1_653' title='bbox 785 4512 914 4562; x_wconf 90' lang='lat' dir='ltr'>ridebatur</span> <span class='ocrx_word' id='word_1_654' title='bbox 933 4529 987 4565; x_wconf 92' lang='lat' dir='ltr'>cnm</span> <span class='ocrx_word' id='word_1_655' title='bbox 1007 4517 1170 4566; x_wconf 86' lang='lat' dir='ltr'>admiratione</span> <span class='ocrx_word' id='word_1_656' title='bbox 1189 4517 1280 4567; x_wconf 77' lang='lat' dir='ltr'>andire·</span> <span class='ocrx_word' id='word_1_657' title='bbox 1292 4529 1442 4580; x_wconf 86' lang='lat' dir='ltr'>responsum,</span> <span class='ocrx_word' id='word_1_658' title='bbox 1462 4522 1520 4580; x_wconf 86' lang='lat' dir='ltr'>post</span> <span class='ocrx_word' id='word_1_659' title='bbox 1531 4515 1597 4564; x_wconf 88' lang='lat' dir='ltr'>enim</span> 
     </span>
     <span class='ocr_line' id='line_1_56' title="bbox 237 4583 1597 4651; baseline -0.002 -15"><span class='ocrx_word' id='word_1_660' title='bbox 237 4588 351 4636; x_wconf 82' lang='lat' dir='ltr'>contessa</span> <span class='ocrx_word' id='word_1_661' title='bbox 369 4592 416 4639; x_wconf 84' lang='lat' dir='ltr'>est,</span> <span class='ocrx_word' id='word_1_662' title='bbox 434 4598 461 4633; x_wconf 86' lang='lat' dir='ltr'>se</span> <span class='ocrx_word' id='word_1_663' title='bbox 479 4584 505 4632; x_wconf 89' lang='lat' dir='ltr'>in</span> <span class='ocrx_word' id='word_1_664' title='bbox 524 4596 555 4633; x_wconf 87' lang='lat' dir='ltr'>ea</span> <span class='ocrx_word' id='word_1_665' title='bbox 572 4583 732 4645; x_wconf 90' lang='lat' dir='ltr'>persuasione</span> <span class='ocrx_word' id='word_1_666' title='bbox 751 4583 833 4639; x_wconf 83' lang='lat' dir='ltr'>luisse.</span> <span class='ocrx_word' id='word_1_667' title='bbox 854 4598 883 4634; x_wconf 88' lang='lat' dir='ltr'>ac</span> <span class='ocrx_word' id='word_1_668' title='bbox 896 4585 917 4632; x_wconf 88' lang='lat' dir='ltr'>si</span> <span class='ocrx_word' id='word_1_669' title='bbox 930 4591 958 4633; x_wconf 85' lang='lat' dir='ltr'>tu</span> <span class='ocrx_word' id='word_1_670' title='bbox 969 4588 1029 4637; x_wconf 90' lang='lat' dir='ltr'>mihi</span> <span class='ocrx_word' id='word_1_671' title='bbox 1043 4586 1095 4638; x_wconf 78' lang='lat'>200</span> <span class='ocrx_word' id='word_1_672' title='bbox 1107 4589 1211 4638; x_wconf 87' lang='lat' dir='ltr'>florenos</span> <span class='ocrx_word' id='word_1_673' title='bbox 1225 4588 1335 4649; x_wconf 83' lang='lat' dir='ltr'>deberes,</span> <span class='ocrx_word' id='word_1_674' title='bbox 1354 4594 1428 4650; x_wconf 76' lang='lat' dir='ltr'>atque</span> <span class='ocrx_word' id='word_1_675' title='bbox 1440 4600 1478 4647; x_wconf 84' lang='lat' dir='ltr'>se,</span> <span class='ocrx_word' id='word_1_676' title='bbox 1497 4592 1597 4651; x_wconf 84' lang='lat' dir='ltr'>propter</span> 
     </span>
     <span class='ocr_line' id='line_1_57' title="bbox 237 4655 1617 4723; baseline 0 -16"><span class='ocrx_word' id='word_1_677' title='bbox 237 4659 341 4708; x_wconf 86' lang='lat' dir='ltr'>dilatam</span> <span class='ocrx_word' id='word_1_678' title='bbox 358 4657 513 4712; x_wconf 89' lang='lat' dir='ltr'>solutionem,</span> <span class='ocrx_word' id='word_1_679' title='bbox 532 4668 607 4719; x_wconf 84' lang='lat' dir='ltr'>quam</span> <span class='ocrx_word' id='word_1_680' title='bbox 625 4659 667 4703; x_wconf 92' lang='lat' dir='ltr'>tuo</span> <span class='ocrx_word' id='word_1_681' title='bbox 687 4655 786 4704; x_wconf 88' lang='lat' dir='ltr'>nomine</span> <span class='ocrx_word' id='word_1_682' title='bbox 801 4662 929 4719; x_wconf 87' lang='lat' dir='ltr'>praestare</span> <span class='ocrx_word' id='word_1_683' title='bbox 943 4656 1057 4719; x_wconf 85' lang='lat' dir='ltr'>debebat,</span> <span class='ocrx_word' id='word_1_684' title='bbox 1076 4661 1142 4710; x_wconf 90' lang='lat' dir='ltr'>male</span> <span class='ocrx_word' id='word_1_685' title='bbox 1155 4659 1294 4710; x_wconf 81' lang='lat' dir='ltr'>audituram</span> <span class='ocrx_word' id='word_1_686' title='bbox 1307 4673 1369 4710; x_wconf 91' lang='lat' dir='ltr'>esse.</span> <span class='ocrx_word' id='word_1_687' title='bbox 1398 4657 1436 4708; x_wconf 85' lang='lat' dir='ltr'>Ex</span> <span class='ocrx_word' id='word_1_688' title='bbox 1453 4673 1501 4723; x_wconf 90' lang='lat' dir='ltr'>quo</span> <span class='ocrx_word' id='word_1_689' title='bbox 1515 4659 1594 4707; x_wconf 84' lang='lat' dir='ltr'>anim·</span> <span class='ocrx_word' id='word_1_690' title='bbox 1611 4669 1617 4678; x_wconf 91' lang='lat'><em>·</em></span> 
     </span>
     <span class='ocr_line' id='line_1_58' title="bbox 236 4724 1594 4796; baseline -0.003 -16"><span class='ocrx_word' id='word_1_691' title='bbox 236 4730 363 4780; x_wconf 83' lang='lat' dir='ltr'>advertere</span> <span class='ocrx_word' id='word_1_692' title='bbox 382 4728 495 4782; x_wconf 79' lang='lat' dir='ltr'>videbar,</span> <span class='ocrx_word' id='word_1_693' title='bbox 514 4727 584 4791; x_wconf 89' lang='lat' dir='ltr'>quasi</span> <span class='ocrx_word' id='word_1_694' title='bbox 603 4725 632 4773; x_wconf 91' lang='lat' dir='ltr'>ob</span> <span class='ocrx_word' id='word_1_695' title='bbox 652 4724 727 4774; x_wconf 89' lang='lat' dir='ltr'>alium</span> <span class='ocrx_word' id='word_1_696' title='bbox 746 4726 854 4790; x_wconf 85' lang='lat' dir='ltr'>aliquem</span> <span class='ocrx_word' id='word_1_697' title='bbox 871 4725 947 4776; x_wconf 86' lang='lat' dir='ltr'>finem</span> <span class='ocrx_word' id='word_1_698' title='bbox 965 4731 1031 4781; x_wconf 88' lang='lat' dir='ltr'>istud</span> <span class='ocrx_word' id='word_1_699' title='bbox 1050 4734 1073 4782; x_wconf 92' lang='lat' dir='ltr'>ei</span> <span class='ocrx_word' id='word_1_700' title='bbox 1090 4731 1253 4796; x_wconf 85' lang='lat' dir='ltr'>persuaseris,</span> <span class='ocrx_word' id='word_1_701' title='bbox 1273 4731 1350 4794; x_wconf 88' lang='lat' dir='ltr'>quod,</span> <span class='ocrx_word' id='word_1_702' title='bbox 1369 4731 1389 4779; x_wconf 89' lang='lat' dir='ltr'>si</span> <span class='ocrx_word' id='word_1_703' title='bbox 1407 4731 1519 4794; x_wconf 89' lang='lat' dir='ltr'>primitus</span> <span class='ocrx_word' id='word_1_704' title='bbox 1537 4727 1594 4779; x_wconf 91' lang='lat' dir='ltr'>sub·</span> 
     </span>
     <span class='ocr_line' id='line_1_59' title="bbox 235 4797 1593 4868; baseline -0.001 -17"><span class='ocrx_word' id='word_1_705' title='bbox 235 4801 388 4858; x_wconf 80' lang='lat' dir='ltr'>olfecissem,</span> <span class='ocrx_word' id='word_1_706' title='bbox 408 4813 464 4849; x_wconf 89' lang='lat' dir='ltr'>eam</span> <span class='ocrx_word' id='word_1_707' title='bbox 481 4797 665 4862; x_wconf 87' lang='lat' dir='ltr'>persuasionem</span> <span class='ocrx_word' id='word_1_708' title='bbox 683 4810 731 4845; x_wconf 88' lang='lat' dir='ltr'>non</span> <span class='ocrx_word' id='word_1_709' title='bbox 751 4799 849 4846; x_wconf 89' lang='lat' dir='ltr'>omnino</span> <span class='ocrx_word' id='word_1_710' title='bbox 869 4801 1020 4852; x_wconf 78' lang='lat' dir='ltr'>exemissem</span> <span class='ocrx_word' id='word_1_711' title='bbox 1053 4804 1146 4853; x_wconf 89' lang='lat' dir='ltr'>Vemm</span> <span class='ocrx_word' id='word_1_712' title='bbox 1163 4816 1209 4868; x_wconf 88' lang='lat' dir='ltr'>ego</span> <span class='ocrx_word' id='word_1_713' title='bbox 1229 4808 1365 4852; x_wconf 90' lang='lat' dir='ltr'>ceterarum</span> <span class='ocrx_word' id='word_1_714' title='bbox 1383 4814 1465 4851; x_wconf 89' lang='lat' dir='ltr'>rerum</span> <span class='ocrx_word' id='word_1_715' title='bbox 1482 4801 1593 4866; x_wconf 82' lang='lat' dir='ltr'>ignaros.</span> 
     </span>
     <span class='ocr_line' id='line_1_60' title="bbox 236 4867 1598 4940; baseline 0 -18"><span class='ocrx_word' id='word_1_716' title='bbox 236 4872 300 4938; x_wconf 85' lang='lat' dir='ltr'>quod</span> <span class='ocrx_word' id='word_1_717' title='bbox 318 4885 401 4923; x_wconf 86' lang='lat' dir='ltr'>rerum</span> <span class='ocrx_word' id='word_1_718' title='bbox 418 4877 470 4927; x_wconf 85' lang='lat' dir='ltr'>est,</span> <span class='ocrx_word' id='word_1_719' title='bbox 495 4869 603 4935; x_wconf 85' lang='lat' dir='ltr'>ingenue</span> <span class='ocrx_word' id='word_1_720' title='bbox 621 4867 752 4920; x_wconf 79' lang='lat' dir='ltr'>ineidcsrl.</span> <span class='ocrx_word' id='word_1_721' title='bbox 787 4868 858 4920; x_wconf 87' lang='lat' dir='ltr'>Istud</span> <span class='ocrx_word' id='word_1_722' title='bbox 876 4882 935 4934; x_wconf 83' lang='lat' dir='ltr'>ergo</span> <span class='ocrx_word' id='word_1_723' title='bbox 953 4874 975 4922; x_wconf 92' lang='lat' dir='ltr'>si</span> <span class='ocrx_word' id='word_1_724' title='bbox 993 4875 1038 4925; x_wconf 83' lang='lat' dir='ltr'>sibi</span> <span class='ocrx_word' id='word_1_725' title='bbox 1057 4875 1203 4925; x_wconf 76' lang='lat' dir='ltr'>detrimento</span> <span class='ocrx_word' id='word_1_726' title='bbox 1226 4873 1309 4940; x_wconf 77' lang='lat' dir='ltr'>alique</span> <span class='ocrx_word' id='word_1_727' title='bbox 1331 4874 1376 4934; x_wconf 83' lang='lat' dir='ltr'>sit,</span> <span class='ocrx_word' id='word_1_728' title='bbox 1401 4887 1451 4924; x_wconf 85' lang='lat' dir='ltr'>non</span> <span class='ocrx_word' id='word_1_729' title='bbox 1470 4885 1526 4931; x_wconf 85' lang='lat' dir='ltr'>ms,</span> <span class='ocrx_word' id='word_1_730' title='bbox 1549 4870 1598 4922; x_wconf 75' lang='lat' dir='ltr'>ssd</span> 
     </span>
    </p>
   </div>
   <div class='ocr_carea' id='block_1_6' title="bbox 0 0 1647 5542">
    <p class='ocr_par' dir='ltr' id='par_1_9' title="bbox 0 0 1647 5542">
     <span class='ocr_line' id='line_1_61' title="bbox 0 0 1647 5542; baseline 0 0"><span class='ocrx_word' id='word_1_731' title='bbox 0 0 1647 5542; x_wconf 95' lang='lat' dir='ltr'> </span> 
     </span>
    </p>
   </div>
  </div>
 </body>
</html>
